3136 5482
277 126 370 177 arun.
389 124 474 175 nar.
492 123 607 173 euers.
628 141 669 153 —
687 123 841 175 nerano.
860 123 908 174 an
924 123 1001 174 coo.
1021 122 1096 175 sees.
1237 112 1304 178 583

101 302 157 356 18.
171 304 282 355 Factum
294 304 336 353 est
349 310 414 366 ergo
435 297 494 349 rice
507 303 680 362 temporanea
693 296 724 347 ut
743 293 939 347 adoratorium
953 296 1153 360 praedictorum
1166 299 1304 353 confesso-

59 416 143 465 rum,
155 400 283 454 uidelicet
294 397 368 465 quod
391 396 525 449 ambobus
544 395 700 448 dedicatum
720 393 808 445 iuerat
820 397 847 445 et
859 392 888 445 in
911 406 965 460 quo
978 395 1078 462 singuli
1091 397 1199 465 singula
1211 398 1305 452 altaria

58 500 149 568 quasi
172 497 282 565 propria
303 495 450 559 habebant,
473 492 584 560 (midam
607 491 739 545 deformis
760 490 905 557 languidus
924 493 1049 556 veniret,
1072 495 1115 547 cui
1136 496 1209 549 inter
1230 497 1304 563 ipsos

56 598 169 653 dentes
188 597 264 664 quasi
286 595 409 647 lineatim
431 593 464 645 de
484 605 550 645 naso
571 591 742 644 descendens
762 603 793 642 os
811 589 915 655 grande
933 598 1102 657 excreverat,
1115 595 1304 662 paulatimque

11 696 37 749 5
56 701 250 765 augmentum
262 694 303 746 sui
315 692 428 759 iaciens,
443 691 628 757 turpissimum
642 691 741 742 misero
759 693 877 741 rostrum
896 688 1020 754 iaciebat,
1034 691 1107 757 quod
1128 692 1240 758 quidem
1258 707 1303 747 ex·

55 797 209 849 trinsecus
229 794 355 860 spissum,
369 791 534 843 intrinsecus
553 794 644 841 autem
665 789 700 841 ita
721 794 779 841 crat
801 788 988 841 acutissimum
1009 794 1039 842 ut
1061 790 1184 858 linguam
1203 794 1302 846 misero

51 893 251 949 continuatim
264 889 381 943 ilnderet
393 895 420 942 et
431 888 466 941 ab
479 887 554 941 omni
567 892 644 953 parte
656 886 712 939 oris
729 887 811 939 saliva
825 886 910 939 mixta
923 888 1056 955 sanguine
1068 889 1211 944 deducret.
1225 893 1302 945 'lauti

51 1006 130 1062 ergo
143 990 204 1045 vitii
218 990 341 1044 molestia
354 1002 405 1041 nec
423 988 497 1054 loqui
519 1000 569 1040 nec
590 986 734 1040 comedere
751 990 865 1051 poterat,
879 992 987 1052 praeter
1008 987 1082 1054 quod
1095 989 1197 1056 aliquid
1219 990 1301 1045 molle

53 1106 153 1147 manu
176 1091 328 1142 immissum
350 1094 377 1141 et
398 1089 486 1153 ipsum
508 1086 624 1139 mixtum
645 1086 778 1151 sanguine
801 1085 976 1152 transigebat.
991 1088 1045 1140 lloc
1067 1087 1159 1154 itaque
1178 1089 1302 1142 horribili

10 1192 32 1243 o
53 1192 167 1247 morbo
180 1189 335 1253 damnatus,
349 1200 398 1253 per
410 1186 559 1239 oratorium
578 1184 737 1237 discurrens
749 1188 831 1251 atque
843 1188 906 1236 ante
923 1185 1030 1252 singula
1042 1186 1136 1240 altaria
1150 1201 1211 1241 sese
1229 1189 1300 1254 proi-

53 1294 156 1355 ciens,
171 1290 246 1357 quod
258 1289 348 1343 verbis
361 1301 417 1341 non
430 1294 535 1354 poterat
548 1286 655 1354 lugubri
669 1278 934 1350 mente'pustulabat.
948 1286 1068 1349 Quadam
1083 1302 1148 1341 vero
1166 1295 1246 1341 nocte
1259 1289 1301 1341 vir

54 1392 185 1461 quidam
197 1388 407 1456 splendissimus
419 1387 457 1437 illi
471 1386 606 1452 apparuit,
620 1389 645 1437 et
659 1384 729 1451 pede
747 1383 824 1436 illum
842 1385 964 1449 pulsans,
978 1385 1064 1438 dixit:
1083 1386 1162 1446 Quid
1168 1401 1229 1455 pcr
1240 1389 1302 1441 sirt-

47 1492 142 1561 aula
163 1489 288 1544 altaria
308 1487 465 1542 discurris
485 1488 514 1540 et
534 1484 572 1539 ab
591 1485 714 1538 etrtitctc
733 1487 842 1537 nostra
865 1498 922 1538 nor
942 1486 1092 1539 dirime?
1108 1488 1212 1555 Surae,
1224 1490 1254 1541 ct
1266 1487 1300 1539 in

49 1588 168 1645 medio
189 1586 354 1652 utriusque
371 1583 489 1638 altaris
507 1582 610 1650 spatio
631 1584 659 1635 te
681 1581 798 1648 proice,
820 1580 922 1647 ibique
941 1582 1039 1635 simul
1061 1594 1117 1636 noe
1138 1582 1297 1650 inuocans,

10 1686 31 1738 tt
49 1688 147 1757 quod
158 1685 298 1740 volueris
309 1682 500 1751 impetrabis.
515 1682 564 1745 Qui
577 1682 629 1734 cito
642 1681 759 1733 surrexit
772 1686 798 1733 et
810 1681 839 1732 in
852 1680 942 1733 locum
960 1682 1066 1748 aequali
1079 1682 1166 1748 spatio
1179 1682 1214 1735 ab
1225 1686 1297 1736 utro

50 1802 117 1856 que
131 1785 213 1840 altari
225 1784 370 1838 distantem
389 1795 449 1836 sese
466 1782 616 1835 collocavit.
630 1782 677 1833 cui
699 1793 762 1833 mox
782 1780 917 1833 medicina
938 1781 1070 1846 promissa
1091 1779 1177 1835 affuit.
1196 1782 1298 1835 Cecidit

50 1888 140 1942 enirn
152 1884 223 1938 illud
234 1884 358 1937 evulsum
371 1895 402 1936 os
411 1882 445 1935 ab
456 1881 530 1934 illius
542 1894 599 1947 ore,
614 1893 676 1932 mox
689 1880 717 1931 in
733 1880 793 1933 loco
806 1880 880 1932 illius
891 1881 1015 1933 restituto
1025 1881 1141 1933 naturali
1152 1887 1179 1933 et
1189 1882 1297 1948 aequali

50 1984 166 2040 ceteris
176 1985 268 2039 deute.
278 1985 393 2048 llecepta
406 1982 488 2050 igitur
500 1981 616 2033 sanitate
625 1981 693 2041 vitii,
704 1980 801 2046 recipit
810 1980 1018 2046 possibilitatem
1031 1981 1161 2047 loquendi
1172 1986 1198 2034 et
1207 1994 1295 2034 come·

51 2085 160 2150 dendi,
174 2088 256 2150 atque
268 2083 304 2134 ita
316 2081 462 2149 integritati
485 2086 526 2133 est
544 2080 706 2132 reformatus
717 2092 749 2131 ac
761 2077 782 2130 si
804 2092 944 2145 nunquam
958 2078 1052 2133 fuisset
1066 2079 1103 2132 ibi
1117 2079 1296 2133 deformitatis

10 2180 33 2233 b
50 2185 174 2239 vulnus.
188 2182 282 2247 Coepit
292 2193 358 2248 ergo
369 2186 480 2232 sanatus
493 2179 708 2243 omnipotentem
728 2178 842 2246 gratiam
856 2178 1021 2231 benedicere
1033 2183 1060 2230 et
1072 2184 1227 2232 sanctorum
1240 2178 1296 2246 pie·

52 2288 147 2337 tatem
160 2288 264 2348 quanto
281 2280 400 2333 clamore
420 2281 525 2344 poterat
544 2276 729 2345 magnificare.
743 2281 769 2330 et
789 2277 824 2330 ad
845 2279 883 2330 rei
901 2278 1041 2331 veritatem
1060 2278 1291 2344 comprobandam

55 2382 190 2448 portabat
202 2393 310 2447 semper
322 2392 416 2432 secum
428 2378 512 2431 evulsi
526 2378 594 2431 ossis
605 2378 797 2444 praesentiam.

94 2481 147 2533 19.
162 2479 233 2532 lllud
254 2479 335 2532 etiam
358 2490 414 2531 non
434 2475 617 2530 omittendum
638 2482 774 2542 putamus,
787 2477 861 2543 quod
883 2478 981 2529 iratres
994 2477 1151 2530 monasterii
1170 2478 1204 2529 ad
1223 2478 1296 2545 quod

60 2579 267 2646 praedictorum
277 2582 432 2629 sanctorum
444 2575 575 2642 reliquiae
588 2574 623 2627 de
633 2575 788 2628 Britannica
798 2577 919 2628 vastitate
931 2576 1029 2629 allatae
1039 2583 1111 2638 suut,
1120 2579 1223 2628 tantam
1234 2576 1299 2630 ildu-

10 2668 49 2728 ts
62 2679 135 2733 eiam
148 2679 178 2729 in
191 2676 244 2729 illis
257 2676 393 2729 trabebant
404 2681 434 2727 ut
446 2680 542 2728 contra
562 2675 645 2728 totius
658 2673 831 2727 adversitatis
843 2675 991 2740 impulsum
1010 2688 1065 2728 non
1089 2674 1247 2728 dubitarent
1263 2676 1298 2730 ab

64 2777 120 2833 illis
145 2776 294 2842 implorare
315 2775 455 2828 auxilium.
470 2774 497 2826 Si
518 2773 628 2840 quando
646 2773 750 2826 etenim
772 2773 903 2828 continua
924 2775 995 2827 aeris
1015 2775 1171 2843 serenitate,
1190 2781 1220 2828 ut
1238 2774 1296 2828 fleri

65 2878 146 2942 solet,
157 2881 231 2928 terra
243 2875 363 2928 siccitate
383 2873 551 2935 duresceret,
563 2873 711 2938 deportatis
733 2886 794 2925 cum
816 2875 992 2939 processione
1013 2875 1172 2943 pignoribus
1190 2880 1297 2929 sancto·

66 2990 128 3030 rum
147 2975 240 3028 statim
259 2972 443 3039 impetrabant
463 2973 570 3039 pluviae
585 2978 841 3039 temperamentum.
855 2976 887 3026 itt
901 2975 922 3025 si
941 2979 1054 3026 econtra
1072 2974 1179 3040 pluviae
1198 2973 1296 3027 effusio

66 3074 234 3138 abundabat,
247 3072 343 3127 eadem
357 3073 491 3126 medicina
504 3073 576 3125 aeris
588 3073 720 3125 serenitas.
733 3073 898 3125 reveniebat.
913 3072 989 3137 Quod
1009 3074 1031 3123 si
1053 3074 1202 3126 mortalitas
1214 3075 1299 3126 homi·

10 3162 53 3227 30
67 3188 134 3228 num
146 3179 194 3227 aut
205 3174 359 3241 pestilentia
372 3186 502 3238 pecorum
514 3179 561 3226 aut
570 3174 640 3240 ignis
650 3172 807 3225 incendium
818 3178 864 3225 aut
876 3172 951 3225 aliud
964 3172 1080 3239 alicujus
1090 3174 1200 3241 generis
1212 3174 1299 3225 immi·

68 3279 147 3327 neret
167 3273 357 3336 intortunium,
370 3272 460 3326 aillicti
482 3271 628 3337 praedictis
649 3271 750 3324 sanctis
772 3271 924 3325 reddebant
941 3276 1013 3335 vota,
1027 3277 1054 3324 et
1067 3279 1191 3325 uotorum
1204 3286 1299 3326 conse-

67 3372 224 3440 quebantur
238 3370 384 3451 desideria.

99 3470 154 3523 20.
169 3470 239 3523 lllud
252 3483 361 3537 quoque
374 3483 430 3523 non
443 3470 526 3524 debet
539 3469 661 3524 fidelium
679 3472 838 3523 memoriam
851 3468 979 3538 effugere,
989 3470 1064 3537 quod
1075 3471 1102 3522 in
1112 3471 1210 3524 vicinia
1220 3472 1296 3525 terri·

66 3570 128 3622 torii
140 3570 215 3636 quod
226 3569 325 3622 dicitur
337 3572 485 3637 uquarum,
500 3583 533 3624 co
544 3569 619 3636 quod
632 3570 740 3623 duobus
758 3570 917 3622 fluminibus
930 3570 1056 3638 cingitur,
1071 3571 1175 3623 scilicet
1189 3572 1294 3625 llinetio

10 3662 51 3723 Ru
66 3675 93 3722 et
104 3673 260 3737 manuue,
272 3668 373 3721 dicitur
385 3670 520 3722 evenisse.
534 3672 629 3722 Fertur
642 3683 761 3735 namque
778 3670 814 3721 ibi
834 3670 954 3722 extitisse
973 3670 1082 3734 juvenis
1103 3671 1294 3736 pauperculus.

67 3770 181 3822 nornine
191 3769 354 3837 caradocus,
368 3770 459 3822 verbis
471 3768 603 3825 lubricus.
615 3769 670 3822 vita
682 3769 809 3823 sordidus
822 3775 848 3822 et
860 3770 895 3822 ab
908 3770 982 3822 omni
995 3783 1103 3822 morum
1116 3771 1297 3836 temperantia

67 3869 104 3921 ita
115 3867 223 3922 alienus
234 3874 265 3920 ut
276 3869 386 3935 saepius
398 3869 426 3920 in
439 3869 588 3922 amentiam
600 3868 743 3921 excederet
765 3869 816 3921 nisi
841 3882 934 3921 rerum
956 3868 1072 3935 penuria
1086 3881 1148 3921 cum
1170 3868 1298 3936 aliquale

67 3981 121 4021 nus
142 3969 279 4021 retineret
292 3968 362 4020 ulnil
383 3967 485 4034 quippe
507 3969 535 4019 in
556 3981 588 4020 eo
610 3968 782 4033 frugalitatis,
803 3967 871 4019 nillil
887 3966 1012 4020 utilitatis
1032 3966 1176 4020 videbatur
1194 3968 1294 4031 inesse,

67 4066 260 4134 praeterquod
273 4067 444 4120 solebatuna
456 4080 538 4132 quam
562 4067 678 4120 babebat
701 4067 825 4120 navicula
843 4068 1001 4134 peregrinos
1012 4067 1047 4119 ad
1067 4068 1215 4119 oratorium
1233 4080 1294 4120 san·

10 4166 52 4221 40
67 4175 173 4221 ciorum
185 4167 325 4219 venientes
338 4172 449 4233 questus
466 4167 552 4233 gratia
571 4166 672 4219 ilumen
683 4169 853 4233 tngunonam
868 4173 1061 4232 transportare.
1074 4170 1181 4219 luterca
1198 4167 1296 4219 accidit

67 4264 266 4332 quodquidam
280 4267 451 4333 peregrinus,
464 4266 563 4318 ostium
576 4265 759 4318 domunculae
772 4265 844 4318 illius
856 4267 932 4319 exosi
944 4266 1065 4331 pulsans,
1079 4267 1182 4333 rogavit
1198 4272 1228 4319 ut
1245 4267 1297 4320 sibi

68 4365 230 4430 aperiretur.
240 4366 290 4430 Qui
303 4366 409 4418 obviam
421 4366 537 4418 ueniens
549 4364 725 4432 furibundus,
738 4370 768 4419 ut
780 4379 888 4431 semper
899 4371 967 4429 erat,
978 4365 1045 4431 quid
1055 4372 1200 4432 quaereret
1212 4367 1300 4433 inqui·
