<?xml version="1.0" encoding="UTF-8"?>
<!DOCTYPE html PUBLIC "-//W3C//DTD XHTML 1.0 Transitional//EN"
    "http://www.w3.org/TR/xhtml1/DTD/xhtml1-transitional.dtd">
<html xmlns="http://www.w3.org/1999/xhtml" xml:lang="en" lang="en">
 <head>
  <title>
</title>
<meta http-equiv="Content-Type" content="text/html;charset=utf-8" />
  <meta name='ocr-system' content='tesseract 3.04.00' />
  <meta name='ocr-capabilities' content='ocr_page ocr_carea ocr_par ocr_line ocrx_word'/>
</head>
<body>
  <div class='ocr_page' id='page_1' title='image "./cataloguscodicu01manugoog_0498.png"; bbox 0 0 3136 5482; ppageno 0'>
   <div class='ocr_carea' id='block_1_1' title="bbox 234 329 1263 398">
    <p class='ocr_par' dir='ltr' id='par_1_1' title="bbox 234 329 1263 398">
     <span class='ocr_line' id='line_1_1' title="bbox 234 329 1263 398; baseline -0.002 -3"><span class='ocrx_word' id='word_1_1' title='bbox 234 346 326 396; x_wconf 78' lang='lat' dir='ltr'>niun.</span> <span class='ocrx_word' id='word_1_2' title='bbox 345 346 628 398; x_wconf 69' lang='lat' dir='ltr'>narraris-</span> <span class='ocrx_word' id='word_1_3' title='bbox 642 345 796 398; x_wconf 74' lang='lat' dir='ltr'>urrann.</span> <span class='ocrx_word' id='word_1_4' title='bbox 819 348 866 397; x_wconf 77' lang='lat' dir='ltr'>ab</span> <span class='ocrx_word' id='word_1_5' title='bbox 886 349 963 397; x_wconf 89' lang='lat' dir='ltr'>con.</span> <span class='ocrx_word' id='word_1_6' title='bbox 982 344 1057 396; x_wconf 81' lang='lat' dir='ltr'>saro.</span> <span class='ocrx_word' id='word_1_7' title='bbox 1197 329 1263 394; x_wconf 80' lang='grc'>483</span> 
     </span>
    </p>
   </div>
   <div class='ocr_carea' id='block_1_2' title="bbox 103 541 1187 630">
    <p class='ocr_par' dir='ltr' id='par_1_2' title="bbox 103 541 1187 630">
     <span class='ocr_line' id='line_1_2' title="bbox 103 541 1187 630; baseline -0.003 -21"><span class='ocrx_word' id='word_1_8' title='bbox 103 561 148 608; x_wconf 83' lang='lat' dir='ltr'>us</span> <span class='ocrx_word' id='word_1_9' title='bbox 165 561 193 609; x_wconf 90' lang='lat' dir='ltr'>s.</span> <span class='ocrx_word' id='word_1_10' title='bbox 214 560 375 608; x_wconf 65' lang='lat' dir='ltr'>unwano</span> <span class='ocrx_word' id='word_1_11' title='bbox 392 560 497 608; x_wconf 76' lang='lat' dir='ltr'>narso.</span> <span class='ocrx_word' id='word_1_12' title='bbox 518 561 703 610; x_wconf 64' lang='lat' dir='ltr'>canisiana</span> <span class='ocrx_word' id='word_1_13' title='bbox 720 541 802 630; x_wconf 83' lang='lat' dir='ltr'>(Cir.</span> <span class='ocrx_word' id='word_1_14' title='bbox 821 563 933 628; x_wconf 87' lang='lat' dir='ltr'>supra,</span> <span class='ocrx_word' id='word_1_15' title='bbox 953 563 985 627; x_wconf 90' lang='lat' dir='ltr'>p.</span> <span class='ocrx_word' id='word_1_16' title='bbox 1003 542 1084 623; x_wconf 77' lang='lat'>467,</span> <span class='ocrx_word' id='word_1_17' title='bbox 1102 541 1187 628; x_wconf 76' lang='lat'>41⁰).</span> 
     </span>
    </p>
   </div>
   <div class='ocr_carea' id='block_1_3' title="bbox 101 729 1195 804">
    <p class='ocr_par' dir='ltr' id='par_1_3' title="bbox 101 729 1195 804">
     <span class='ocr_line' id='line_1_3' title="bbox 101 729 1195 804; baseline -0.003 -12"><span class='ocrx_word' id='word_1_18' title='bbox 101 734 278 804; x_wconf 75' lang='lat' dir='ltr'>Prologus</span> <span class='ocrx_word' id='word_1_19' title='bbox 292 731 330 791; x_wconf 88' lang='lat' dir='ltr'>tn</span> <span class='ocrx_word' id='word_1_20' title='bbox 344 731 424 792; x_wconf 84' lang='lat' dir='ltr'>vita</span> <span class='ocrx_word' id='word_1_21' title='bbox 437 731 554 792; x_wconf 79' lang='lat' dir='ltr'>sancti</span> <span class='ocrx_word' id='word_1_22' title='bbox 569 731 738 792; x_wconf 77' lang='lat' dir='ltr'><strong>Germani</strong></span> <span class='ocrx_word' id='word_1_23' title='bbox 752 731 907 804; x_wconf 84' lang='lat' dir='ltr'>episcopi</span> <span class='ocrx_word' id='word_1_24' title='bbox 921 733 958 792; x_wconf 87' lang='lat' dir='ltr'>et</span> <span class='ocrx_word' id='word_1_25' title='bbox 972 729 1195 793; x_wconf 78' lang='lat' dir='ltr'>contessoris.</span> 
     </span>
    </p>
   </div>
   <div class='ocr_carea' id='block_1_4' title="bbox 10 907 1461 3848">
    <p class='ocr_par' dir='ltr' id='par_1_4' title="bbox 10 907 1461 3848">
     <span class='ocr_line' id='line_1_4' title="bbox 59 907 1400 987; baseline -0.002 -24"><span class='ocrx_word' id='word_1_26' title='bbox 59 910 249 964; x_wconf 85' lang='lat' dir='ltr'>cunctorum·</span> <span class='ocrx_word' id='word_1_27' title='bbox 262 907 418 962; x_wconf 89' lang='lat' dir='ltr'>veneranda</span> <span class='ocrx_word' id='word_1_28' title='bbox 431 912 512 976; x_wconf 85' lang='lat' dir='ltr'>atque</span> <span class='ocrx_word' id='word_1_29' title='bbox 533 908 703 961; x_wconf 89' lang='lat' dir='ltr'>sanctissima</span> <span class='ocrx_word' id='word_1_30' title='bbox 720 908 773 960; x_wconf 89' lang='lat' dir='ltr'>vita</span> <span class='ocrx_word' id='word_1_31' title='bbox 785 908 966 975; x_wconf 78' lang='lat' dir='ltr'>resplendens</span> <span class='ocrx_word' id='word_1_32' title='bbox 978 909 1105 962; x_wconf 82' lang='lat' dir='ltr'><strong>sensibus</strong></span> <span class='ocrx_word' id='word_1_33' title='bbox 1123 908 1260 974; x_wconf 89' lang='lat' dir='ltr'>humanis,</span> <span class='ocrx_word' id='word_1_34' title='bbox 1320 920 1328 942; x_wconf 90' lang='grc'><em>·</em></span> <span class='ocrx_word' id='word_1_35' title='bbox 1344 921 1400 987; x_wconf 63' lang='lat'>139,</span> 
     </span>
     <span class='ocr_line' id='line_1_5' title="bbox 22 988 1461 1077; baseline -0.002 -14"><span class='ocrx_word' id='word_1_36' title='bbox 22 1010 101 1063; x_wconf 85' lang='lat' dir='ltr'>vitae</span> <span class='ocrx_word' id='word_1_37' title='bbox 120 1008 219 1077; x_wconf 75' lang='lat' dir='ltr'>gaudia</span> <span class='ocrx_word' id='word_1_38' title='bbox 239 1008 437 1071; x_wconf 90' lang='lat' dir='ltr'>subministrat,</span> <span class='ocrx_word' id='word_1_39' title='bbox 460 1008 656 1075; x_wconf 77' lang='lat' dir='ltr'>ambiguasque</span> <span class='ocrx_word' id='word_1_40' title='bbox 684 1013 793 1061; x_wconf 90' lang='lat' dir='ltr'>vertens</span> <span class='ocrx_word' id='word_1_41' title='bbox 814 1007 911 1060; x_wconf 85' lang='lat' dir='ltr'>christi</span> <span class='ocrx_word' id='word_1_42' title='bbox 934 1007 1025 1061; x_wconf 82' lang='lat' dir='ltr'>lavore</span> <span class='ocrx_word' id='word_1_43' title='bbox 1049 1013 1155 1060; x_wconf 89' lang='lat' dir='ltr'>mentes</span> <span class='ocrx_word' id='word_1_44' title='bbox 1181 1013 1262 1073; x_wconf 81' lang='lat' dir='ltr'>atque</span> <span class='ocrx_word' id='word_1_45' title='bbox 1278 988 1461 1040; x_wconf 66' lang='lat' dir='ltr'>s³fl⁰¹⁰¹⁸¹¹m²</span> 
     </span>
     <span class='ocr_line' id='line_1_6' title="bbox 21 1105 1263 1176; baseline -0.004 -14"><span class='ocrx_word' id='word_1_46' title='bbox 21 1108 182 1176; x_wconf 87' lang='lat' dir='ltr'>penetralia</span> <span class='ocrx_word' id='word_1_47' title='bbox 194 1107 294 1170; x_wconf 88' lang='lat' dir='ltr'>cordis,</span> <span class='ocrx_word' id='word_1_48' title='bbox 309 1106 419 1174; x_wconf 83' lang='lat' dir='ltr'>mystico</span> <span class='ocrx_word' id='word_1_49' title='bbox 431 1106 536 1159; x_wconf 92' lang='lat' dir='ltr'>lumine</span> <span class='ocrx_word' id='word_1_50' title='bbox 548 1106 647 1159; x_wconf 81' lang='lat' dir='ltr'>fundit.</span> <span class='ocrx_word' id='word_1_51' title='bbox 661 1108 729 1173; x_wconf 70' lang='lat' dir='ltr'>Ergo</span> <span class='ocrx_word' id='word_1_52' title='bbox 742 1107 892 1159; x_wconf 80' lang='lat' dir='ltr'>beatissimi</span> <span class='ocrx_word' id='word_1_53' title='bbox 910 1120 941 1159; x_wconf 92' lang='lat' dir='ltr'>ac</span> <span class='ocrx_word' id='word_1_54' title='bbox 954 1106 1103 1160; x_wconf 88' lang='lat' dir='ltr'>venerandi</span> <span class='ocrx_word' id='word_1_55' title='bbox 1127 1105 1263 1174; x_wconf 80' lang='lat' dir='ltr'>pontificis</span> 
     </span>
     <span class='ocr_line' id='line_1_7' title="bbox 24 1203 1263 1271; baseline -0.004 -11"><span class='ocrx_word' id='word_1_56' title='bbox 24 1204 159 1260; x_wconf 80' lang='lat' dir='ltr'>Germani</span> <span class='ocrx_word' id='word_1_57' title='bbox 172 1204 274 1257; x_wconf 92' lang='lat' dir='ltr'>meritis</span> <span class='ocrx_word' id='word_1_58' title='bbox 286 1204 430 1258; x_wconf 83' lang='lat' dir='ltr'>exordium</span> <span class='ocrx_word' id='word_1_59' title='bbox 443 1204 524 1256; x_wconf 88' lang='lat' dir='ltr'>nobis</span> <span class='ocrx_word' id='word_1_60' title='bbox 544 1203 675 1271; x_wconf 84' lang='lat' dir='ltr'>loquendi</span> <span class='ocrx_word' id='word_1_61' title='bbox 688 1209 837 1270; x_wconf 91' lang='lat' dir='ltr'>sumentes,</span> <span class='ocrx_word' id='word_1_62' title='bbox 851 1205 988 1270; x_wconf 83' lang='lat' dir='ltr'>vitamque</span> <span class='ocrx_word' id='word_1_63' title='bbox 1010 1205 1069 1270; x_wconf 84' lang='lat' dir='ltr'>ejus</span> <span class='ocrx_word' id='word_1_64' title='bbox 1087 1203 1263 1257; x_wconf 88' lang='lat' dir='ltr'>beatitudinis</span> 
     </span>
     <span class='ocr_line' id='line_1_8' title="bbox 24 1301 1262 1371; baseline -0.003 -13"><span class='ocrx_word' id='word_1_65' title='bbox 24 1302 168 1358; x_wconf 90' lang='lat' dir='ltr'>concinna</span> <span class='ocrx_word' id='word_1_66' title='bbox 180 1303 313 1356; x_wconf 90' lang='lat' dir='ltr'>brevitate</span> <span class='ocrx_word' id='word_1_67' title='bbox 326 1307 460 1367; x_wconf 88' lang='lat' dir='ltr'>notantes,</span> <span class='ocrx_word' id='word_1_68' title='bbox 475 1301 550 1369; x_wconf 85' lang='lat' dir='ltr'>quod</span> <span class='ocrx_word' id='word_1_69' title='bbox 561 1303 653 1356; x_wconf 88' lang='lat' dir='ltr'>verius</span> <span class='ocrx_word' id='word_1_70' title='bbox 665 1303 779 1356; x_wconf 91' lang='lat' dir='ltr'>historia</span> <span class='ocrx_word' id='word_1_71' title='bbox 799 1303 896 1356; x_wconf 81' lang='lat' dir='ltr'>edocet</span> <span class='ocrx_word' id='word_1_72' title='bbox 907 1302 941 1355; x_wconf 90' lang='lat' dir='ltr'>ad</span> <span class='ocrx_word' id='word_1_73' title='bbox 954 1314 1085 1368; x_wconf 82' lang='lat' dir='ltr'>praesens</span> <span class='ocrx_word' id='word_1_74' title='bbox 1107 1303 1262 1371; x_wconf 86' lang='lat' dir='ltr'>loquamur.</span> 
     </span>
     <span class='ocr_line' id='line_1_9' title="bbox 25 1400 1263 1471; baseline -0.004 -13"><span class='ocrx_word' id='word_1_75' title='bbox 25 1404 117 1469; x_wconf 84' lang='lat' dir='ltr'>liujus</span> <span class='ocrx_word' id='word_1_76' title='bbox 127 1402 273 1455; x_wconf 87' lang='lat' dir='ltr'>nativitatis</span> <span class='ocrx_word' id='word_1_77' title='bbox 283 1407 457 1471; x_wconf 79' lang='lat' dir='ltr'>augmentum</span> <span class='ocrx_word' id='word_1_78' title='bbox 471 1400 564 1455; x_wconf 87' lang='lat' dir='ltr'>civitas</span> <span class='ocrx_word' id='word_1_79' title='bbox 573 1401 828 1469; x_wconf 70' lang='lat' dir='ltr'>augustodunensis</span> <span class='ocrx_word' id='word_1_80' title='bbox 840 1401 999 1468; x_wconf 83' lang='lat' dir='ltr'>promeruit,</span> <span class='ocrx_word' id='word_1_81' title='bbox 1011 1403 1088 1469; x_wconf 85' lang='lat' dir='ltr'>cujus</span> <span class='ocrx_word' id='word_1_82' title='bbox 1098 1402 1128 1455; x_wconf 91' lang='lat' dir='ltr'>in</span> <span class='ocrx_word' id='word_1_83' title='bbox 1138 1401 1263 1455; x_wconf 89' lang='lat' dir='ltr'>terminis</span> 
     </span>
     <span class='ocr_line' id='line_1_10' title="bbox 26 1494 1263 1572; baseline -0.003 -17"><span class='ocrx_word' id='word_1_84' title='bbox 26 1502 138 1572; x_wconf 73' lang='lat' dir='ltr'>genitor</span> <span class='ocrx_word' id='word_1_85' title='bbox 158 1503 217 1568; x_wconf 86' lang='lat' dir='ltr'>ejus</span> <span class='ocrx_word' id='word_1_86' title='bbox 238 1500 409 1554; x_wconf 85' lang='lat' dir='ltr'>Eleutherius</span> <span class='ocrx_word' id='word_1_87' title='bbox 430 1499 567 1568; x_wconf 79' lang='lat' dir='ltr'>indigena,</span> <span class='ocrx_word' id='word_1_88' title='bbox 589 1500 725 1567; x_wconf 85' lang='lat' dir='ltr'>simulque</span> <span class='ocrx_word' id='word_1_89' title='bbox 752 1507 779 1553; x_wconf 92' lang='lat' dir='ltr'>et</span> <span class='ocrx_word' id='word_1_90' title='bbox 803 1506 889 1553; x_wconf 90' lang='lat' dir='ltr'>mater</span> <span class='ocrx_word' id='word_1_91' title='bbox 915 1501 999 1567; x_wconf 92' lang='lat' dir='ltr'>ipsius</span> <span class='ocrx_word' id='word_1_92' title='bbox 1026 1494 1155 1565; x_wconf 74' lang='lat' dir='ltr'>Eusebia,</span> <span class='ocrx_word' id='word_1_93' title='bbox 1177 1499 1263 1554; x_wconf 91' lang='lat' dir='ltr'>nobili</span> 
     </span>
     <span class='ocr_line' id='line_1_11' title="bbox 28 1599 1260 1669; baseline -0.003 -13"><span class='ocrx_word' id='word_1_94' title='bbox 28 1603 204 1668; x_wconf 84' lang='lat' dir='ltr'>bonestoque</span> <span class='ocrx_word' id='word_1_95' title='bbox 224 1613 336 1669; x_wconf 79' lang='lat' dir='ltr'>genere,</span> <span class='ocrx_word' id='word_1_96' title='bbox 358 1599 505 1668; x_wconf 73' lang='lat' dir='ltr'>degebant.</span> <span class='ocrx_word' id='word_1_97' title='bbox 526 1601 605 1652; x_wconf 89' lang='lat' dir='ltr'>iiunc</span> <span class='ocrx_word' id='word_1_98' title='bbox 623 1600 703 1668; x_wconf 79' lang='lat' dir='ltr'>igitur</span> <span class='ocrx_word' id='word_1_99' title='bbox 724 1613 786 1652; x_wconf 91' lang='lat' dir='ltr'>cum</span> <span class='ocrx_word' id='word_1_100' title='bbox 808 1606 867 1665; x_wconf 92' lang='lat' dir='ltr'>post</span> <span class='ocrx_word' id='word_1_101' title='bbox 887 1604 993 1665; x_wconf 90' lang='lat' dir='ltr'>partum</span> <span class='ocrx_word' id='word_1_102' title='bbox 1016 1599 1065 1652; x_wconf 85' lang='lat' dir='ltr'>tilii</span> <span class='ocrx_word' id='word_1_103' title='bbox 1084 1600 1183 1666; x_wconf 82' lang='lat' dir='ltr'>prioris</span> <span class='ocrx_word' id='word_1_104' title='bbox 1204 1611 1260 1653; x_wconf 91' lang='lat' dir='ltr'>non</span> 
     </span>
     <span class='ocr_line' id='line_1_12' title="bbox 28 1699 1258 1772; baseline -0.003 -18"><span class='ocrx_word' id='word_1_105' title='bbox 28 1701 148 1754; x_wconf 87' lang='lat' dir='ltr'>multum</span> <span class='ocrx_word' id='word_1_106' title='bbox 161 1706 221 1766; x_wconf 91' lang='lat' dir='ltr'>post</span> <span class='ocrx_word' id='word_1_107' title='bbox 233 1701 362 1766; x_wconf 87' lang='lat' dir='ltr'>temporis</span> <span class='ocrx_word' id='word_1_108' title='bbox 373 1701 402 1752; x_wconf 91' lang='lat' dir='ltr'>in</span> <span class='ocrx_word' id='word_1_109' title='bbox 420 1705 499 1753; x_wconf 87' lang='lat' dir='ltr'>utero</span> <span class='ocrx_word' id='word_1_110' title='bbox 520 1705 607 1753; x_wconf 90' lang='lat' dir='ltr'>mater</span> <span class='ocrx_word' id='word_1_111' title='bbox 628 1700 767 1772; x_wconf 83' lang='lat' dir='ltr'>sensisset,</span> <span class='ocrx_word' id='word_1_112' title='bbox 781 1700 908 1766; x_wconf 90' lang='lat' dir='ltr'>cupiebat</span> <span class='ocrx_word' id='word_1_113' title='bbox 928 1713 989 1754; x_wconf 91' lang='lat' dir='ltr'>eum</span> <span class='ocrx_word' id='word_1_114' title='bbox 1010 1701 1143 1754; x_wconf 80' lang='lat' dir='ltr'>introrsus</span> <span class='ocrx_word' id='word_1_115' title='bbox 1160 1699 1258 1754; x_wconf 80' lang='lat' dir='ltr'>exstin-</span> 
     </span>
     <span class='ocr_line' id='line_1_13' title="bbox 27 1796 1259 1869; baseline -0.002 -16"><span class='ocrx_word' id='word_1_116' title='bbox 27 1812 125 1869; x_wconf 71' lang='lat' dir='ltr'>guere,</span> <span class='ocrx_word' id='word_1_117' title='bbox 138 1812 221 1866; x_wconf 84' lang='lat' dir='ltr'>quem</span> <span class='ocrx_word' id='word_1_118' title='bbox 242 1799 294 1851; x_wconf 91' lang='lat' dir='ltr'>sibi</span> <span class='ocrx_word' id='word_1_119' title='bbox 314 1798 438 1851; x_wconf 83' lang='lat' dir='ltr'>Christus</span> <span class='ocrx_word' id='word_1_120' title='bbox 457 1802 484 1851; x_wconf 90' lang='lat' dir='ltr'>et</span> <span class='ocrx_word' id='word_1_121' title='bbox 502 1797 616 1851; x_wconf 87' lang='lat' dir='ltr'>militem</span> <span class='ocrx_word' id='word_1_122' title='bbox 636 1797 670 1850; x_wconf 93' lang='lat' dir='ltr'>ad</span> <span class='ocrx_word' id='word_1_123' title='bbox 692 1810 810 1863; x_wconf 88' lang='lat' dir='ltr'>superna</span> <span class='ocrx_word' id='word_1_124' title='bbox 828 1798 966 1866; x_wconf 79' lang='lat' dir='ltr'>evocabat,</span> <span class='ocrx_word' id='word_1_125' title='bbox 979 1803 1145 1865; x_wconf 80' lang='lat' dir='ltr'>acceptoque</span> <span class='ocrx_word' id='word_1_126' title='bbox 1162 1796 1259 1864; x_wconf 89' lang='lat' dir='ltr'>poculo</span> 
     </span>
     <span class='ocr_line' id='line_1_14' title="bbox 26 1897 1259 1953; baseline -0.001 -2"><span class='ocrx_word' id='word_1_127' title='bbox 26 1911 138 1953; x_wconf 87' lang='lat' dir='ltr'>venena</span> <span class='ocrx_word' id='word_1_128' title='bbox 150 1899 232 1952; x_wconf 85' lang='lat' dir='ltr'>mixta</span> <span class='ocrx_word' id='word_1_129' title='bbox 243 1911 306 1951; x_wconf 91' lang='lat' dir='ltr'>cum</span> <span class='ocrx_word' id='word_1_130' title='bbox 319 1910 394 1950; x_wconf 91' lang='lat' dir='ltr'>mero</span> <span class='ocrx_word' id='word_1_131' title='bbox 407 1898 505 1950; x_wconf 90' lang='lat' dir='ltr'>hausto</span> <span class='ocrx_word' id='word_1_132' title='bbox 518 1897 620 1951; x_wconf 89' lang='lat' dir='ltr'>libavit.</span> <span class='ocrx_word' id='word_1_133' title='bbox 634 1899 685 1950; x_wconf 88' lang='lat' dir='ltr'>Ore</span> <span class='ocrx_word' id='word_1_134' title='bbox 698 1897 795 1951; x_wconf 92' lang='lat' dir='ltr'>bibens</span> <span class='ocrx_word' id='word_1_135' title='bbox 807 1898 902 1951; x_wconf 91' lang='lat' dir='ltr'>mortis</span> <span class='ocrx_word' id='word_1_136' title='bbox 915 1899 1023 1952; x_wconf 89' lang='lat' dir='ltr'>conscia</span> <span class='ocrx_word' id='word_1_137' title='bbox 1035 1904 1123 1951; x_wconf 90' lang='lat' dir='ltr'>mater</span> <span class='ocrx_word' id='word_1_138' title='bbox 1139 1897 1259 1952; x_wconf 87' lang='lat' dir='ltr'>abortiva</span> 
     </span>
     <span class='ocr_line' id='line_1_15' title="bbox 27 1996 1258 2066; baseline -0.002 -14"><span class='ocrx_word' id='word_1_139' title='bbox 27 1997 139 2066; x_wconf 82' lang='lat' dir='ltr'>quaerit</span> <span class='ocrx_word' id='word_1_140' title='bbox 159 1997 275 2051; x_wconf 81' lang='lat' dir='ltr'>nocituri</span> <span class='ocrx_word' id='word_1_141' title='bbox 295 2010 404 2050; x_wconf 90' lang='lat' dir='ltr'>causam</span> <span class='ocrx_word' id='word_1_142' title='bbox 426 1996 549 2062; x_wconf 90' lang='lat' dir='ltr'>periculi.</span> <span class='ocrx_word' id='word_1_143' title='bbox 562 1999 600 2049; x_wconf 77' lang='lat' dir='ltr'>En</span> <span class='ocrx_word' id='word_1_144' title='bbox 623 1997 689 2050; x_wconf 84' lang='lat' dir='ltr'>ioris</span> <span class='ocrx_word' id='word_1_145' title='bbox 710 1998 826 2063; x_wconf 87' lang='lat' dir='ltr'>ejectum</span> <span class='ocrx_word' id='word_1_146' title='bbox 848 1997 967 2050; x_wconf 87' lang='lat' dir='ltr'>nesciret</span> <span class='ocrx_word' id='word_1_147' title='bbox 986 1998 1094 2051; x_wconf 90' lang='lat' dir='ltr'>sarcina</span> <span class='ocrx_word' id='word_1_148' title='bbox 1105 1996 1258 2050; x_wconf 91' lang='lat' dir='ltr'>damnum:</span> 
     </span>
     <span class='ocr_line' id='line_1_16' title="bbox 24 2095 1259 2166; baseline -0.001 -17"><span class='ocrx_word' id='word_1_149' title='bbox 24 2098 114 2166; x_wconf 72' lang='lat' dir='ltr'>magis</span> <span class='ocrx_word' id='word_1_150' title='bbox 127 2110 246 2164; x_wconf 85' lang='lat' dir='ltr'>namque</span> <span class='ocrx_word' id='word_1_151' title='bbox 258 2097 345 2150; x_wconf 92' lang='lat' dir='ltr'>sensit</span> <span class='ocrx_word' id='word_1_152' title='bbox 356 2102 479 2150; x_wconf 91' lang='lat' dir='ltr'>materna</span> <span class='ocrx_word' id='word_1_153' title='bbox 491 2108 554 2150; x_wconf 91' lang='lat' dir='ltr'>caro</span> <span class='ocrx_word' id='word_1_154' title='bbox 567 2095 691 2150; x_wconf 91' lang='lat' dir='ltr'>dolorem</span> <span class='ocrx_word' id='word_1_155' title='bbox 712 2110 795 2163; x_wconf 87' lang='lat' dir='ltr'>quam</span> <span class='ocrx_word' id='word_1_156' title='bbox 813 2102 889 2161; x_wconf 90' lang='lat' dir='ltr'>pater</span> <span class='ocrx_word' id='word_1_157' title='bbox 901 2099 1025 2165; x_wconf 78' lang='lat' dir='ltr'>egregius</span> <span class='ocrx_word' id='word_1_158' title='bbox 1044 2098 1177 2150; x_wconf 88' lang='lat' dir='ltr'>timuisset</span> <span class='ocrx_word' id='word_1_159' title='bbox 1190 2097 1259 2164; x_wconf 91' lang='lat' dir='ltr'>peri·</span> 
     </span>
     <span class='ocr_line' id='line_1_17' title="bbox 25 2195 1260 2263; baseline -0.002 -11"><span class='ocrx_word' id='word_1_160' title='bbox 25 2197 91 2252; x_wconf 89' lang='lat' dir='ltr'>cula</span> <span class='ocrx_word' id='word_1_161' title='bbox 101 2197 185 2250; x_wconf 88' lang='lat' dir='ltr'>vitae.</span> <span class='ocrx_word' id='word_1_162' title='bbox 198 2200 313 2250; x_wconf 88' lang='lat' dir='ltr'>vocatur</span> <span class='ocrx_word' id='word_1_163' title='bbox 333 2195 366 2249; x_wconf 88' lang='lat' dir='ltr'>ad</span> <span class='ocrx_word' id='word_1_164' title='bbox 386 2197 479 2248; x_wconf 90' lang='lat' dir='ltr'>lumen</span> <span class='ocrx_word' id='word_1_165' title='bbox 500 2196 672 2262; x_wconf 88' lang='lat' dir='ltr'>triumphalis</span> <span class='ocrx_word' id='word_1_166' title='bbox 691 2209 798 2263; x_wconf 78' lang='lat' dir='ltr'>gemma</span> <span class='ocrx_word' id='word_1_167' title='bbox 811 2196 944 2262; x_wconf 88' lang='lat' dir='ltr'>sublimis,</span> <span class='ocrx_word' id='word_1_168' title='bbox 960 2211 1011 2250; x_wconf 86' lang='lat' dir='ltr'>nec</span> <span class='ocrx_word' id='word_1_169' title='bbox 1030 2202 1135 2263; x_wconf 90' lang='lat' dir='ltr'>poterat</span> <span class='ocrx_word' id='word_1_170' title='bbox 1147 2196 1260 2249; x_wconf 88' lang='lat' dir='ltr'>interire</span> 
     </span>
     <span class='ocr_line' id='line_1_18' title="bbox 26 2294 1259 2364; baseline -0.002 -14"><span class='ocrx_word' id='word_1_171' title='bbox 26 2309 112 2364; x_wconf 85' lang='lat' dir='ltr'>quern</span> <span class='ocrx_word' id='word_1_172' title='bbox 125 2295 211 2363; x_wconf 84' lang='lat' dir='ltr'>gratia</span> <span class='ocrx_word' id='word_1_173' title='bbox 222 2294 349 2348; x_wconf 87' lang='lat' dir='ltr'>caelestis</span> <span class='ocrx_word' id='word_1_174' title='bbox 361 2295 459 2349; x_wconf 88' lang='lat' dir='ltr'>alebat.</span> <span class='ocrx_word' id='word_1_175' title='bbox 472 2295 590 2360; x_wconf 77' lang='lat' dir='ltr'>Eripitur</span> <span class='ocrx_word' id='word_1_176' title='bbox 602 2301 689 2348; x_wconf 92' lang='lat' dir='ltr'>mater</span> <span class='ocrx_word' id='word_1_177' title='bbox 706 2308 721 2347; x_wconf 91' lang='lat' dir='ltr'>a</span> <span class='ocrx_word' id='word_1_178' title='bbox 733 2295 858 2360; x_wconf 88' lang='lat' dir='ltr'>crimine,</span> <span class='ocrx_word' id='word_1_179' title='bbox 872 2308 954 2361; x_wconf 87' lang='lat' dir='ltr'>quam</span> <span class='ocrx_word' id='word_1_180' title='bbox 973 2309 1045 2349; x_wconf 80' lang='lat' dir='ltr'>noxa</span> <span class='ocrx_word' id='word_1_181' title='bbox 1062 2296 1187 2349; x_wconf 83' lang='lat' dir='ltr'>vinxerat</span> <span class='ocrx_word' id='word_1_182' title='bbox 1199 2308 1259 2361; x_wconf 92' lang='lat' dir='ltr'>par·</span> 
     </span>
     <span class='ocr_line' id='line_1_19' title="bbox 26 2394 1260 2462; baseline -0.002 -12"><span class='ocrx_word' id='word_1_183' title='bbox 26 2395 144 2450; x_wconf 87' lang='lat' dir='ltr'>ricidae.</span> <span class='ocrx_word' id='word_1_184' title='bbox 158 2395 253 2449; x_wconf 82' lang='lat' dir='ltr'>illrum</span> <span class='ocrx_word' id='word_1_185' title='bbox 269 2394 394 2449; x_wconf 86' lang='lat' dir='ltr'>videlicet</span> <span class='ocrx_word' id='word_1_186' title='bbox 406 2400 487 2462; x_wconf 88' lang='lat' dir='ltr'>atque</span> <span class='ocrx_word' id='word_1_187' title='bbox 508 2394 683 2460; x_wconf 91' lang='lat' dir='ltr'>perspicuum</span> <span class='ocrx_word' id='word_1_188' title='bbox 696 2395 802 2447; x_wconf 90' lang='lat' dir='ltr'>cunctis</span> <span class='ocrx_word' id='word_1_189' title='bbox 814 2401 904 2462; x_wconf 89' lang='lat' dir='ltr'>pateat</span> <span class='ocrx_word' id='word_1_190' title='bbox 916 2401 1127 2461; x_wconf 88' lang='lat' dir='ltr'>sacramentum,</span> <span class='ocrx_word' id='word_1_191' title='bbox 1151 2396 1260 2448; x_wconf 91' lang='lat' dir='ltr'>beatum</span> 
     </span>
     <span class='ocr_line' id='line_1_20' title="bbox 27 2491 1260 2559; baseline -0.002 -10"><span class='ocrx_word' id='word_1_192' title='bbox 27 2498 198 2550; x_wconf 86' lang='lat' dir='ltr'>Germanum</span> <span class='ocrx_word' id='word_1_193' title='bbox 217 2499 280 2547; x_wconf 89' lang='lat' dir='ltr'>ante</span> <span class='ocrx_word' id='word_1_194' title='bbox 306 2493 436 2546; x_wconf 85' lang='lat' dir='ltr'>virtutum</span> <span class='ocrx_word' id='word_1_195' title='bbox 457 2493 534 2545; x_wconf 87' lang='lat' dir='ltr'>fateri</span> <span class='ocrx_word' id='word_1_196' title='bbox 555 2491 687 2546; x_wconf 82' lang='lat' dir='ltr'>artificem</span> <span class='ocrx_word' id='word_1_197' title='bbox 708 2507 791 2559; x_wconf 81' lang='lat' dir='ltr'>quam</span> <span class='ocrx_word' id='word_1_198' title='bbox 811 2507 845 2546; x_wconf 86' lang='lat' dir='ltr'>ex</span> <span class='ocrx_word' id='word_1_199' title='bbox 857 2495 950 2547; x_wconf 92' lang='lat' dir='ltr'>matris</span> <span class='ocrx_word' id='word_1_200' title='bbox 965 2502 1043 2548; x_wconf 91' lang='lat' dir='ltr'>utoro</span> <span class='ocrx_word' id='word_1_201' title='bbox 1055 2493 1089 2546; x_wconf 91' lang='lat' dir='ltr'>ad</span> <span class='ocrx_word' id='word_1_202' title='bbox 1104 2495 1156 2548; x_wconf 90' lang='lat' dir='ltr'>hoc</span> <span class='ocrx_word' id='word_1_203' title='bbox 1167 2493 1260 2547; x_wconf 89' lang='lat' dir='ltr'>lumen</span> 
     </span>
     <span class='ocr_line' id='line_1_21' title="bbox 26 2591 1259 2661; baseline -0.003 -13"><span class='ocrx_word' id='word_1_204' title='bbox 26 2593 196 2661; x_wconf 87' lang='lat' dir='ltr'>perveniret.</span> <span class='ocrx_word' id='word_1_205' title='bbox 217 2593 360 2646; x_wconf 83' lang='lat' dir='ltr'>crescebat</span> <span class='ocrx_word' id='word_1_206' title='bbox 381 2593 462 2659; x_wconf 87' lang='lat' dir='ltr'>hujus</span> <span class='ocrx_word' id='word_1_207' title='bbox 481 2591 597 2644; x_wconf 82' lang='lat' dir='ltr'>infantia</span> <span class='ocrx_word' id='word_1_208' title='bbox 618 2597 648 2644; x_wconf 91' lang='lat' dir='ltr'>ut</span> <span class='ocrx_word' id='word_1_209' title='bbox 668 2591 772 2659; x_wconf 90' lang='lat' dir='ltr'>lampas</span> <span class='ocrx_word' id='word_1_210' title='bbox 792 2593 876 2660; x_wconf 78' lang='lat' dir='ltr'>ignita</span> <span class='ocrx_word' id='word_1_211' title='bbox 896 2606 1053 2655; x_wconf 83' lang='lat' dir='ltr'>coruscans,</span> <span class='ocrx_word' id='word_1_212' title='bbox 1075 2598 1103 2646; x_wconf 88' lang='lat' dir='ltr'>et</span> <span class='ocrx_word' id='word_1_213' title='bbox 1122 2607 1185 2646; x_wconf 87' lang='lat' dir='ltr'>cum</span> <span class='ocrx_word' id='word_1_214' title='bbox 1204 2595 1259 2660; x_wconf 82' lang='lat' dir='ltr'>jam</span> 
     </span>
     <span class='ocr_line' id='line_1_22' title="bbox 27 2690 1258 2760; baseline -0.002 -12"><span class='ocrx_word' id='word_1_215' title='bbox 27 2691 199 2748; x_wconf 79' lang='lat' dir='ltr'>sanctificato</span> <span class='ocrx_word' id='word_1_216' title='bbox 226 2691 293 2745; x_wconf 86' lang='lat' dir='ltr'>dore</span> <span class='ocrx_word' id='word_1_217' title='bbox 315 2704 432 2745; x_wconf 89' lang='lat' dir='ltr'>vernans</span> <span class='ocrx_word' id='word_1_218' title='bbox 455 2691 615 2744; x_wconf 91' lang='lat' dir='ltr'>liberalibus</span> <span class='ocrx_word' id='word_1_219' title='bbox 636 2692 732 2744; x_wconf 90' lang='lat' dir='ltr'>studiis</span> <span class='ocrx_word' id='word_1_220' title='bbox 754 2690 869 2758; x_wconf 80' lang='lat' dir='ltr'>dignum</span> <span class='ocrx_word' id='word_1_221' title='bbox 892 2691 1011 2745; x_wconf 84' lang='lat' dir='ltr'>odicium</span> <span class='ocrx_word' id='word_1_222' title='bbox 1032 2693 1160 2760; x_wconf 82' lang='lat' dir='ltr'>juvenilis</span> <span class='ocrx_word' id='word_1_223' title='bbox 1183 2700 1258 2746; x_wconf 91' lang='lat' dir='ltr'>aetas</span> 
     </span>
     <span class='ocr_line' id='line_1_23' title="bbox 28 2790 1259 2857; baseline -0.004 -11"><span class='ocrx_word' id='word_1_224' title='bbox 28 2792 157 2857; x_wconf 81' lang='lat' dir='ltr'>ambiret,</span> <span class='ocrx_word' id='word_1_225' title='bbox 169 2790 314 2844; x_wconf 78' lang='lat' dir='ltr'>caballone</span> <span class='ocrx_word' id='word_1_226' title='bbox 327 2797 415 2843; x_wconf 90' lang='lat' dir='ltr'>castro</span> <span class='ocrx_word' id='word_1_227' title='bbox 427 2802 483 2843; x_wconf 89' lang='lat' dir='ltr'>uno</span> <span class='ocrx_word' id='word_1_228' title='bbox 495 2790 641 2842; x_wconf 89' lang='lat' dir='ltr'>comitante</span> <span class='ocrx_word' id='word_1_229' title='bbox 653 2803 738 2856; x_wconf 91' lang='lat' dir='ltr'>puero</span> <span class='ocrx_word' id='word_1_230' title='bbox 756 2790 856 2843; x_wconf 91' lang='lat' dir='ltr'>scholis</span> <span class='ocrx_word' id='word_1_231' title='bbox 868 2790 957 2856; x_wconf 93' lang='lat' dir='ltr'>coepit</span> <span class='ocrx_word' id='word_1_232' title='bbox 968 2804 1074 2844; x_wconf 89' lang='lat' dir='ltr'>vacare.</span> <span class='ocrx_word' id='word_1_233' title='bbox 1088 2794 1172 2843; x_wconf 79' lang='lat' dir='ltr'>Tanta</span> <span class='ocrx_word' id='word_1_234' title='bbox 1184 2791 1259 2842; x_wconf 89' lang='lat' dir='ltr'>enim</span> 
     </span>
     <span class='ocr_line' id='line_1_24' title="bbox 29 2886 1259 2955; baseline -0.002 -12"><span class='ocrx_word' id='word_1_235' title='bbox 29 2891 76 2944; x_wconf 90' lang='lat' dir='ltr'>bei</span> <span class='ocrx_word' id='word_1_236' title='bbox 86 2889 283 2955; x_wconf 89' lang='lat' dir='ltr'>omnipotentis</span> <span class='ocrx_word' id='word_1_237' title='bbox 292 2887 479 2942; x_wconf 88' lang='lat' dir='ltr'>misericordia</span> <span class='ocrx_word' id='word_1_238' title='bbox 487 2888 632 2941; x_wconf 88' lang='lat' dir='ltr'>subsecuta</span> <span class='ocrx_word' id='word_1_239' title='bbox 641 2889 703 2951; x_wconf 91' lang='lat' dir='ltr'>[est]</span> <span class='ocrx_word' id='word_1_240' title='bbox 714 2890 744 2940; x_wconf 91' lang='lat' dir='ltr'>ut</span> <span class='ocrx_word' id='word_1_241' title='bbox 752 2886 843 2940; x_wconf 91' lang='lat' dir='ltr'>divina</span> <span class='ocrx_word' id='word_1_242' title='bbox 852 2888 992 2940; x_wconf 87' lang='lat' dir='ltr'>volumina</span> <span class='ocrx_word' id='word_1_243' title='bbox 1001 2887 1083 2941; x_wconf 90' lang='lat' dir='ltr'>celeri</span> <span class='ocrx_word' id='word_1_244' title='bbox 1092 2901 1174 2941; x_wconf 90' lang='lat' dir='ltr'>cursu</span> <span class='ocrx_word' id='word_1_245' title='bbox 1183 2900 1259 2953; x_wconf 92' lang='lat' dir='ltr'>pera·</span> 
     </span>
     <span class='ocr_line' id='line_1_25' title="bbox 30 2985 1259 3058; baseline -0.001 -17"><span class='ocrx_word' id='word_1_246' title='bbox 30 2995 132 3058; x_wconf 74' lang='lat' dir='ltr'>paret.</span> <span class='ocrx_word' id='word_1_247' title='bbox 148 2986 266 3053; x_wconf 88' lang='lat' dir='ltr'>invidus,</span> <span class='ocrx_word' id='word_1_248' title='bbox 279 2991 310 3040; x_wconf 90' lang='lat' dir='ltr'>ut</span> <span class='ocrx_word' id='word_1_249' title='bbox 321 3000 441 3054; x_wconf 84' lang='lat' dir='ltr'>semper,</span> <span class='ocrx_word' id='word_1_250' title='bbox 454 2987 566 3053; x_wconf 84' lang='lat' dir='ltr'>antiqua</span> <span class='ocrx_word' id='word_1_251' title='bbox 587 2985 716 3052; x_wconf 89' lang='lat' dir='ltr'>cupidine</span> <span class='ocrx_word' id='word_1_252' title='bbox 728 3000 842 3052; x_wconf 88' lang='lat' dir='ltr'>serpens</span> <span class='ocrx_word' id='word_1_253' title='bbox 854 2987 1012 3053; x_wconf 90' lang='lat' dir='ltr'>parentibus</span> <span class='ocrx_word' id='word_1_254' title='bbox 1025 2987 1169 3054; x_wconf 82' lang='lat' dir='ltr'>matrique,</span> <span class='ocrx_word' id='word_1_255' title='bbox 1183 2986 1259 3040; x_wconf 87' lang='lat' dir='ltr'>mille</span> 
     </span>
     <span class='ocr_line' id='line_1_26' title="bbox 10 3083 1260 3152; baseline -0.002 -12"><span class='ocrx_word' id='word_1_256' title='bbox 10 3086 58 3141; x_wconf 85' lang='lat' dir='ltr'>lut</span> <span class='ocrx_word' id='word_1_257' title='bbox 77 3094 152 3140; x_wconf 84' lang='lat' dir='ltr'>artes</span> <span class='ocrx_word' id='word_1_258' title='bbox 172 3086 285 3140; x_wconf 90' lang='lat' dir='ltr'>edoctus</span> <span class='ocrx_word' id='word_1_259' title='bbox 305 3085 450 3138; x_wconf 90' lang='lat' dir='ltr'>consilium</span> <span class='ocrx_word' id='word_1_260' title='bbox 471 3083 592 3144; x_wconf 79' lang='lat' dir='ltr'>saliendi,</span> <span class='ocrx_word' id='word_1_261' title='bbox 615 3085 691 3137; x_wconf 89' lang='lat' dir='ltr'>inicit</span> <span class='ocrx_word' id='word_1_262' title='bbox 716 3086 743 3137; x_wconf 90' lang='lat' dir='ltr'>in</span> <span class='ocrx_word' id='word_1_263' title='bbox 769 3090 879 3151; x_wconf 78' lang='lat' dir='ltr'>pectore</span> <span class='ocrx_word' id='word_1_264' title='bbox 911 3086 1020 3149; x_wconf 89' lang='lat' dir='ltr'>vulnus,</span> <span class='ocrx_word' id='word_1_265' title='bbox 1040 3099 1074 3139; x_wconf 91' lang='lat' dir='ltr'>ne</span> <span class='ocrx_word' id='word_1_266' title='bbox 1096 3087 1157 3152; x_wconf 90' lang='lat' dir='ltr'>pius</span> <span class='ocrx_word' id='word_1_267' title='bbox 1181 3087 1260 3138; x_wconf 90' lang='lat' dir='ltr'>heres</span> 
     </span>
     <span class='ocr_line' id='line_1_27' title="bbox 31 3183 1260 3253; baseline -0.002 -12"><span class='ocrx_word' id='word_1_268' title='bbox 31 3191 162 3253; x_wconf 88' lang='lat' dir='ltr'>paternae</span> <span class='ocrx_word' id='word_1_269' title='bbox 174 3199 222 3238; x_wconf 92' lang='lat' dir='ltr'>seu</span> <span class='ocrx_word' id='word_1_270' title='bbox 236 3191 374 3238; x_wconf 87' lang='lat' dir='ltr'>maternae</span> <span class='ocrx_word' id='word_1_271' title='bbox 395 3185 574 3250; x_wconf 81' lang='lat' dir='ltr'>possessionis</span> <span class='ocrx_word' id='word_1_272' title='bbox 596 3183 668 3237; x_wconf 89' lang='lat' dir='ltr'>dona</span> <span class='ocrx_word' id='word_1_273' title='bbox 689 3190 807 3250; x_wconf 87' lang='lat' dir='ltr'>caperet.</span> <span class='ocrx_word' id='word_1_274' title='bbox 822 3184 940 3237; x_wconf 81' lang='lat' dir='ltr'>Fallebat</span> <span class='ocrx_word' id='word_1_275' title='bbox 960 3185 1028 3238; x_wconf 90' lang='lat' dir='ltr'>haec</span> <span class='ocrx_word' id='word_1_276' title='bbox 1040 3186 1124 3250; x_wconf 90' lang='lat' dir='ltr'>pictas</span> <span class='ocrx_word' id='word_1_277' title='bbox 1137 3190 1260 3238; x_wconf 90' lang='lat' dir='ltr'>materno</span> 
     </span>
     <span class='ocr_line' id='line_1_28' title="bbox 31 3283 1259 3352; baseline -0.002 -14"><span class='ocrx_word' id='word_1_278' title='bbox 31 3291 141 3352; x_wconf 88' lang='lat' dir='ltr'>pectore</span> <span class='ocrx_word' id='word_1_279' title='bbox 162 3284 240 3338; x_wconf 87' lang='lat' dir='ltr'>livor.</span> <span class='ocrx_word' id='word_1_280' title='bbox 254 3284 381 3338; x_wconf 83' lang='lat' dir='ltr'>Confecta</span> <span class='ocrx_word' id='word_1_281' title='bbox 399 3283 529 3349; x_wconf 90' lang='lat' dir='ltr'>deinceps</span> <span class='ocrx_word' id='word_1_282' title='bbox 550 3284 666 3350; x_wconf 76' lang='lat' dir='ltr'>genitrix</span> <span class='ocrx_word' id='word_1_283' title='bbox 685 3283 804 3349; x_wconf 89' lang='lat' dir='ltr'>ampulla</span> <span class='ocrx_word' id='word_1_284' title='bbox 822 3283 932 3350; x_wconf 91' lang='lat' dir='ltr'>potione</span> <span class='ocrx_word' id='word_1_285' title='bbox 952 3285 1061 3348; x_wconf 89' lang='lat' dir='ltr'>veneni,</span> <span class='ocrx_word' id='word_1_286' title='bbox 1075 3297 1122 3336; x_wconf 92' lang='lat' dir='ltr'>vas</span> <span class='ocrx_word' id='word_1_287' title='bbox 1143 3285 1259 3337; x_wconf 91' lang='lat' dir='ltr'>aiterum</span> 
     </span>
     <span class='ocr_line' id='line_1_29' title="bbox 31 3384 1262 3453; baseline -0.002 -14"><span class='ocrx_word' id='word_1_288' title='bbox 31 3386 115 3453; x_wconf 89' lang='lat' dir='ltr'>priori</span> <span class='ocrx_word' id='word_1_289' title='bbox 139 3384 196 3438; x_wconf 86' lang='lat' dir='ltr'>tilio</span> <span class='ocrx_word' id='word_1_290' title='bbox 221 3384 326 3438; x_wconf 77' lang='lat' dir='ltr'>falerno</span> <span class='ocrx_word' id='word_1_291' title='bbox 350 3384 481 3437; x_wconf 80' lang='lat' dir='ltr'>refertum</span> <span class='ocrx_word' id='word_1_292' title='bbox 505 3384 612 3437; x_wconf 86' lang='lat' dir='ltr'>direxit.</span> <span class='ocrx_word' id='word_1_293' title='bbox 634 3386 757 3450; x_wconf 80' lang='lat' dir='ltr'>Cumque</span> <span class='ocrx_word' id='word_1_294' title='bbox 782 3385 862 3437; x_wconf 90' lang='lat' dir='ltr'>ambo</span> <span class='ocrx_word' id='word_1_295' title='bbox 885 3384 920 3437; x_wconf 85' lang='lat' dir='ltr'>ad</span> <span class='ocrx_word' id='word_1_296' title='bbox 942 3384 1052 3438; x_wconf 89' lang='lat' dir='ltr'>solitum</span> <span class='ocrx_word' id='word_1_297' title='bbox 1075 3384 1262 3438; x_wconf 89' lang='lat' dir='ltr'>discurrerent</span> 
     </span>
     <span class='ocr_line' id='line_1_30' title="bbox 29 3478 1258 3549; baseline -0.001 -12"><span class='ocrx_word' id='word_1_298' title='bbox 29 3484 150 3538; x_wconf 85' lang='lat' dir='ltr'>cibariae</span> <span class='ocrx_word' id='word_1_299' title='bbox 161 3483 261 3546; x_wconf 88' lang='lat' dir='ltr'>locum,</span> <span class='ocrx_word' id='word_1_300' title='bbox 275 3487 377 3535; x_wconf 86' lang='lat' dir='ltr'>mutata</span> <span class='ocrx_word' id='word_1_301' title='bbox 390 3493 447 3535; x_wconf 91' lang='lat' dir='ltr'>non</span> <span class='ocrx_word' id='word_1_302' title='bbox 460 3483 562 3535; x_wconf 90' lang='lat' dir='ltr'>eiciens</span> <span class='ocrx_word' id='word_1_303' title='bbox 583 3481 674 3547; x_wconf 90' lang='lat' dir='ltr'>puella</span> <span class='ocrx_word' id='word_1_304' title='bbox 694 3481 791 3547; x_wconf 91' lang='lat' dir='ltr'>pocula</span> <span class='ocrx_word' id='word_1_305' title='bbox 813 3483 918 3546; x_wconf 90' lang='lat' dir='ltr'>miscet,</span> <span class='ocrx_word' id='word_1_306' title='bbox 931 3487 958 3535; x_wconf 94' lang='lat' dir='ltr'>et</span> <span class='ocrx_word' id='word_1_307' title='bbox 970 3478 1057 3549; x_wconf 91' lang='lat' dir='ltr'>primo</span> <span class='ocrx_word' id='word_1_308' title='bbox 1077 3483 1202 3536; x_wconf 85' lang='lat' dir='ltr'>dedititii</span> <span class='ocrx_word' id='word_1_309' title='bbox 1216 3485 1258 3536; x_wconf 91' lang='lat' dir='ltr'>cui</span> 
     </span>
     <span class='ocr_line' id='line_1_31' title="bbox 10 3580 1259 3650; baseline 0.004 -18"><span class='ocrx_word' id='word_1_310' title='bbox 10 3586 15 3632; x_wconf 86' lang='lat' dir='ltr'>t</span> <span class='ocrx_word' id='word_1_311' title='bbox 29 3595 86 3636; x_wconf 93' lang='lat' dir='ltr'>non</span> <span class='ocrx_word' id='word_1_312' title='bbox 99 3586 158 3635; x_wconf 88' lang='lat' dir='ltr'>erat</span> <span class='ocrx_word' id='word_1_313' title='bbox 167 3583 241 3648; x_wconf 84' lang='lat' dir='ltr'>jussa</span> <span class='ocrx_word' id='word_1_314' title='bbox 254 3582 373 3642; x_wconf 86' lang='lat' dir='ltr'>misceri,</span> <span class='ocrx_word' id='word_1_315' title='bbox 387 3582 516 3650; x_wconf 79' lang='lat' dir='ltr'>ignorans</span> <span class='ocrx_word' id='word_1_316' title='bbox 529 3594 585 3634; x_wconf 95' lang='lat' dir='ltr'>non</span> <span class='ocrx_word' id='word_1_317' title='bbox 597 3581 677 3634; x_wconf 91' lang='lat' dir='ltr'>aliter</span> <span class='ocrx_word' id='word_1_318' title='bbox 689 3581 800 3633; x_wconf 90' lang='lat' dir='ltr'>libanda</span> <span class='ocrx_word' id='word_1_319' title='bbox 809 3581 875 3634; x_wconf 91' lang='lat' dir='ltr'>dum</span> <span class='ocrx_word' id='word_1_320' title='bbox 886 3580 996 3634; x_wconf 90' lang='lat' dir='ltr'>tradidit</span> <span class='ocrx_word' id='word_1_321' title='bbox 1005 3582 1110 3649; x_wconf 79' lang='lat' dir='ltr'>cymbia</span> <span class='ocrx_word' id='word_1_322' title='bbox 1118 3583 1259 3637; x_wconf 90' lang='lat' dir='ltr'>miscendo</span> 
     </span>
     <span class='ocr_line' id='line_1_32' title="bbox 30 3679 1402 3748; baseline 0.002 -15"><span class='ocrx_word' id='word_1_323' title='bbox 30 3682 155 3736; x_wconf 89' lang='lat' dir='ltr'>mutavit.</span> <span class='ocrx_word' id='word_1_324' title='bbox 167 3681 255 3733; x_wconf 87' lang='lat' dir='ltr'>Sumit</span> <span class='ocrx_word' id='word_1_325' title='bbox 267 3681 310 3733; x_wconf 90' lang='lat' dir='ltr'>hic</span> <span class='ocrx_word' id='word_1_326' title='bbox 322 3683 473 3733; x_wconf 86' lang='lat' dir='ltr'>Germanus</span> <span class='ocrx_word' id='word_1_327' title='bbox 485 3679 576 3732; x_wconf 92' lang='lat' dir='ltr'>dulcia</span> <span class='ocrx_word' id='word_1_328' title='bbox 597 3680 695 3745; x_wconf 90' lang='lat' dir='ltr'>pocula</span> <span class='ocrx_word' id='word_1_329' title='bbox 720 3693 793 3732; x_wconf 84' lang='lat' dir='ltr'>meta</span> <span class='ocrx_word' id='word_1_330' title='bbox 806 3693 954 3748; x_wconf 82' lang='lat' dir='ltr'>amaraque</span> <span class='ocrx_word' id='word_1_331' title='bbox 976 3681 1091 3733; x_wconf 86' lang='lat' dir='ltr'>traditur</span> <span class='ocrx_word' id='word_1_332' title='bbox 1103 3682 1179 3734; x_wconf 82' lang='lat' dir='ltr'>fratri</span> <span class='ocrx_word' id='word_1_333' title='bbox 1192 3683 1201 3701; x_wconf 88' lang='lat'>&#39;</span> <span class='ocrx_word' id='word_1_334' title='bbox 1213 3683 1259 3735; x_wconf 90' lang='lat' dir='ltr'>diu</span> <span class='ocrx_word' id='word_1_335' title='bbox 1312 3687 1321 3705; x_wconf 75' lang='lat'><em>⁶</em></span> <span class='ocrx_word' id='word_1_336' title='bbox 1334 3685 1402 3739; x_wconf 87' lang='lat' dir='ltr'>cod.</span> 
     </span>
     <span class='ocr_line' id='line_1_33' title="bbox 28 3752 1403 3848; baseline -0.002 -14"><span class='ocrx_word' id='word_1_337' title='bbox 28 3781 106 3848; x_wconf 88' lang='lat' dir='ltr'>potio</span> <span class='ocrx_word' id='word_1_338' title='bbox 116 3785 262 3844; x_wconf 79' lang='lat' dir='ltr'>venenate,</span> <span class='ocrx_word' id='word_1_339' title='bbox 274 3786 301 3834; x_wconf 89' lang='lat' dir='ltr'>et</span> <span class='ocrx_word' id='word_1_340' title='bbox 314 3780 408 3834; x_wconf 92' lang='lat' dir='ltr'>mortis</span> <span class='ocrx_word' id='word_1_341' title='bbox 420 3778 521 3834; x_wconf 89' lang='lat' dir='ltr'>indicia</span> <span class='ocrx_word' id='word_1_342' title='bbox 533 3778 636 3833; x_wconf 77' lang='lat' dir='ltr'>uariata</span> <span class='ocrx_word' id='word_1_343' title='bbox 648 3779 773 3832; x_wconf 89' lang='lat' dir='ltr'>membra</span> <span class='ocrx_word' id='word_1_344' title='bbox 785 3780 925 3845; x_wconf 89' lang='lat' dir='ltr'>patebant.</span> <span class='ocrx_word' id='word_1_345' title='bbox 1317 3752 1403 3804; x_wconf 59' lang='lat' dir='ltr'>mu·</span> 
     </span>
    </p>
   </div>
   <div class='ocr_carea' id='block_1_5' title="bbox 132 3987 1160 4078">
    <p class='ocr_par' dir='ltr' id='par_1_5' title="bbox 132 3987 1160 4078">
     <span class='ocr_line' id='line_1_34' title="bbox 132 3987 1160 4078; baseline 0.001 -22"><span class='ocrx_word' id='word_1_346' title='bbox 132 4009 176 4056; x_wconf 84' lang='lat' dir='ltr'>un</span> <span class='ocrx_word' id='word_1_347' title='bbox 193 4008 240 4056; x_wconf 90' lang='lat' dir='ltr'>ss.</span> <span class='ocrx_word' id='word_1_348' title='bbox 259 4008 432 4055; x_wconf 83' lang='lat' dir='ltr'>runnnouo</span> <span class='ocrx_word' id='word_1_349' title='bbox 448 4007 490 4054; x_wconf 83' lang='lat' dir='ltr'>nr</span> <span class='ocrx_word' id='word_1_350' title='bbox 505 4007 675 4056; x_wconf 85' lang='lat' dir='ltr'>rnnnurro</span> <span class='ocrx_word' id='word_1_351' title='bbox 691 3987 772 4071; x_wconf 83' lang='lat' dir='ltr'>(Cir.</span> <span class='ocrx_word' id='word_1_352' title='bbox 792 4009 903 4073; x_wconf 88' lang='lat' dir='ltr'>supra,</span> <span class='ocrx_word' id='word_1_353' title='bbox 922 4010 956 4074; x_wconf 92' lang='lat' dir='ltr'>p.</span> <span class='ocrx_word' id='word_1_354' title='bbox 979 3991 1057 4066; x_wconf 88' lang='grc'>468,</span> <span class='ocrx_word' id='word_1_355' title='bbox 1075 3991 1160 4078; x_wconf 80' lang='lat'><strong>480).</strong></span> 
     </span>
    </p>
   </div>
   <div class='ocr_carea' id='block_1_6' title="bbox 10 4176 1261 4643">
    <p class='ocr_par' dir='ltr' id='par_1_6' title="bbox 10 4176 1261 4643">
     <span class='ocr_line' id='line_1_35' title="bbox 62 4176 1261 4244; baseline 0.003 -13"><span class='ocrx_word' id='word_1_356' title='bbox 62 4179 95 4231; x_wconf 91' lang='lat' dir='ltr'>ln</span> <span class='ocrx_word' id='word_1_357' title='bbox 107 4176 215 4230; x_wconf 86' lang='lat' dir='ltr'>civitate</span> <span class='ocrx_word' id='word_1_358' title='bbox 228 4190 298 4244; x_wconf 85' lang='lat' dir='ltr'>quae</span> <span class='ocrx_word' id='word_1_359' title='bbox 312 4178 481 4243; x_wconf 89' lang='lat' dir='ltr'>temporibus</span> <span class='ocrx_word' id='word_1_360' title='bbox 493 4178 613 4244; x_wconf 85' lang='lat' dir='ltr'>antiquis</span> <span class='ocrx_word' id='word_1_361' title='bbox 632 4178 803 4244; x_wconf 80' lang='lat' dir='ltr'>Chrysopolis</span> <span class='ocrx_word' id='word_1_362' title='bbox 825 4178 965 4231; x_wconf 91' lang='lat' dir='ltr'>nominata</span> <span class='ocrx_word' id='word_1_363' title='bbox 977 4185 1017 4232; x_wconf 89' lang='lat' dir='ltr'>est</span> <span class='ocrx_word' id='word_1_364' title='bbox 1029 4184 1120 4232; x_wconf 91' lang='lat' dir='ltr'>tantus</span> <span class='ocrx_word' id='word_1_365' title='bbox 1132 4182 1222 4235; x_wconf 92' lang='lat' dir='ltr'>cultus</span> <span class='ocrx_word' id='word_1_366' title='bbox 1233 4189 1261 4236; x_wconf 92' lang='lat' dir='ltr'>et</span> 
     </span>
     <span class='ocr_line' id='line_1_36' title="bbox 22 4274 1261 4348; baseline 0 -14"><span class='ocrx_word' id='word_1_367' title='bbox 22 4280 145 4334; x_wconf 82' lang='lat' dir='ltr'>ornatus</span> <span class='ocrx_word' id='word_1_368' title='bbox 157 4274 295 4330; x_wconf 84' lang='lat' dir='ltr'>luitutde</span> <span class='ocrx_word' id='word_1_369' title='bbox 306 4274 511 4341; x_wconf 86' lang='lat' dir='ltr'>pulchritudine</span> <span class='ocrx_word' id='word_1_370' title='bbox 533 4275 636 4329; x_wconf 83' lang='lat' dir='ltr'>formae</span> <span class='ocrx_word' id='word_1_371' title='bbox 656 4275 708 4327; x_wconf 94' lang='lat' dir='ltr'>hoc</span> <span class='ocrx_word' id='word_1_372' title='bbox 726 4288 827 4329; x_wconf 89' lang='lat' dir='ltr'>nomen</span> <span class='ocrx_word' id='word_1_373' title='bbox 848 4277 991 4343; x_wconf 88' lang='lat' dir='ltr'>acceperit.</span> <span class='ocrx_word' id='word_1_374' title='bbox 1005 4279 1140 4345; x_wconf 80' lang='lat' dir='ltr'>opinione</span> <span class='ocrx_word' id='word_1_375' title='bbox 1152 4294 1261 4348; x_wconf 81' lang='lat' dir='ltr'>quoque</span> 
     </span>
     <span class='ocr_line' id='line_1_37' title="bbox 19 4374 1261 4447; baseline 0 -15"><span class='ocrx_word' id='word_1_376' title='bbox 19 4375 145 4447; x_wconf 84' lang='lat' dir='ltr'>pristina</span> <span class='ocrx_word' id='word_1_377' title='bbox 165 4380 286 4429; x_wconf 85' lang='lat' dir='ltr'>veterum</span> <span class='ocrx_word' id='word_1_378' title='bbox 309 4375 490 4428; x_wconf 80' lang='lat' dir='ltr'>habitatorum</span> <span class='ocrx_word' id='word_1_379' title='bbox 519 4375 668 4428; x_wconf 91' lang='lat' dir='ltr'>memoriae</span> <span class='ocrx_word' id='word_1_380' title='bbox 688 4374 786 4427; x_wconf 89' lang='lat' dir='ltr'>tradita</span> <span class='ocrx_word' id='word_1_381' title='bbox 812 4382 853 4428; x_wconf 86' lang='lat' dir='ltr'>est</span> <span class='ocrx_word' id='word_1_382' title='bbox 869 4376 1021 4442; x_wconf 77' lang='lat' dir='ltr'>juniorum,</span> <span class='ocrx_word' id='word_1_383' title='bbox 1043 4377 1118 4432; x_wconf 89' lang='lat' dir='ltr'>unde</span> <span class='ocrx_word' id='word_1_384' title='bbox 1142 4380 1261 4433; x_wconf 83' lang='lat' dir='ltr'>bisuntia</span> 
     </span>
     <span class='ocr_line' id='line_1_38' title="bbox 13 4472 1261 4547; baseline 0 -19"><span class='ocrx_word' id='word_1_385' title='bbox 13 4474 165 4547; x_wconf 80' lang='lat' dir='ltr'>appellata</span> <span class='ocrx_word' id='word_1_386' title='bbox 188 4478 238 4539; x_wconf 87' lang='lat' dir='ltr'>est,</span> <span class='ocrx_word' id='word_1_387' title='bbox 252 4474 316 4541; x_wconf 83' lang='lat' dir='ltr'>quia</span> <span class='ocrx_word' id='word_1_388' title='bbox 336 4487 368 4527; x_wconf 89' lang='lat' dir='ltr'>eo</span> <span class='ocrx_word' id='word_1_389' title='bbox 389 4478 513 4539; x_wconf 88' lang='lat' dir='ltr'>tempore</span> <span class='ocrx_word' id='word_1_390' title='bbox 535 4485 590 4540; x_wconf 88' lang='lat' dir='ltr'>quo</span> <span class='ocrx_word' id='word_1_391' title='bbox 610 4472 780 4526; x_wconf 89' lang='lat' dir='ltr'>condebatur</span> <span class='ocrx_word' id='word_1_392' title='bbox 802 4473 928 4527; x_wconf 84' lang='lat' dir='ltr'>silvester</span> <span class='ocrx_word' id='word_1_393' title='bbox 947 4474 1037 4529; x_wconf 89' lang='lat' dir='ltr'>adhuc</span> <span class='ocrx_word' id='word_1_394' title='bbox 1051 4475 1127 4531; x_wconf 88' lang='lat' dir='ltr'>locus</span> <span class='ocrx_word' id='word_1_395' title='bbox 1146 4478 1261 4531; x_wconf 91' lang='lat' dir='ltr'>bisontis</span> 
     </span>
     <span class='ocr_line' id='line_1_39' title="bbox 10 4572 1261 4643; baseline 0.001 -13"><span class='ocrx_word' id='word_1_396' title='bbox 10 4578 80 4635; x_wconf 81' lang='lat' dir='ltr'>illic</span> <span class='ocrx_word' id='word_1_397' title='bbox 93 4575 155 4628; x_wconf 79' lang='lat' dir='ltr'>iera</span> <span class='ocrx_word' id='word_1_398' title='bbox 168 4578 275 4640; x_wconf 87' lang='lat' dir='ltr'>reperta</span> <span class='ocrx_word' id='word_1_399' title='bbox 288 4573 349 4636; x_wconf 85' lang='lat' dir='ltr'>suit,</span> <span class='ocrx_word' id='word_1_400' title='bbox 359 4576 387 4626; x_wconf 90' lang='lat' dir='ltr'>et</span> <span class='ocrx_word' id='word_1_401' title='bbox 399 4572 463 4626; x_wconf 92' lang='lat' dir='ltr'>inde</span> <span class='ocrx_word' id='word_1_402' title='bbox 475 4572 639 4626; x_wconf 87' lang='lat' dir='ltr'>vocabulum</span> <span class='ocrx_word' id='word_1_403' title='bbox 649 4572 814 4626; x_wconf 84' lang='lat' dir='ltr'>bisuntionis</span> <span class='ocrx_word' id='word_1_404' title='bbox 824 4579 864 4626; x_wconf 93' lang='lat' dir='ltr'>est</span> <span class='ocrx_word' id='word_1_405' title='bbox 873 4586 997 4640; x_wconf 89' lang='lat' dir='ltr'>perenne</span> <span class='ocrx_word' id='word_1_406' title='bbox 1008 4575 1102 4629; x_wconf 85' lang='lat' dir='ltr'>sortita</span> <span class='ocrx_word' id='word_1_407' title='bbox 1110 4588 1261 4643; x_wconf 80' lang='lat' dir='ltr'>serumque</span> 
     </span>
    </p>
   </div>
   <div class='ocr_carea' id='block_1_7' title="bbox 0 0 1576 5482">
    <p class='ocr_par' dir='ltr' id='par_1_7' title="bbox 0 0 1576 5482">
     <span class='ocr_line' id='line_1_40' title="bbox 0 0 1576 5482; baseline 0 0"><span class='ocrx_word' id='word_1_408' title='bbox 0 0 1576 5482; x_wconf 95' lang='lat' dir='ltr'> </span> 
     </span>
    </p>
   </div>
  </div>
 </body>
</html>
