3156 5452
397 351 492 402 urst..
510 349 591 400 nir.
611 347 727 399 raum.
746 349 885 400 -com
903 348 980 399 aera.
1239 334 1306 400 373

102 522 137 576 5.
151 520 205 576 sed
216 523 271 589 jarn
286 522 415 574 Dominus
436 518 634 586 perspiritum
656 522 780 571 sanetum
800 518 895 571 intima
918 519 1000 573 loturi
1024 520 1152 587 martyris
1169 526 1306 574 semitatus

68 634 184 687 areana,
198 621 251 674 sub
265 625 292 674 et
304 619 368 673 inde
380 620 561 673 constantiam
575 618 711 684 passionis
723 632 806 685 quarn
818 619 921 672 iecerat
935 619 1069 683 elidebat,
1083 634 1173 687 neque
1186 622 1305 688 patieba-

71 728 117 774 tur
129 717 241 774 differre
252 731 392 782 coronam,
405 731 468 771 cum
481 718 564 771 sciret
576 723 696 783 paratam
706 730 765 771 esse
777 718 927 771 victoriam.
944 719 1007 772 ldeo
1023 720 1231 785 percussoribus
1249 720 1307 773 suis

72 832 137 873 eom
149 817 249 872 obtulit
260 822 289 870 et
300 817 342 869 his
368 829 485 884 quorum
507 817 536 868 in
556 814 674 869 eundem
696 816 774 869 arida
795 816 942 870 crudelitas
964 816 1088 871 inhiabat
1106 817 1235 871 ostendit.
1254 819 1307 872 sed

43 916 209 971 ildenesius
221 919 331 969 sanctus
350 920 378 968 at
397 914 445 967 ubi
466 914 552 968 sensit
569 914 604 968 ab
621 914 823 981 inquirentibus
841 927 871 968 se
888 914 1091 983 investigatum,
1109 916 1240 970 instinctu
1259 918 1306 970 liei

75 1014 240 1069 Rhodanum
251 1015 329 1081 petiit
340 1020 367 1067 et
380 1018 474 1067 sancta
495 1013 576 1066 durio
598 1013 722 1066 membra
742 1013 888 1077 commisit,
910 1019 940 1066 ut
957 1027 1020 1067 eum
1042 1015 1107 1079 illic,
1120 1016 1167 1082 qui
1179 1016 1306 1069 iordanis

74 1114 164 1168 undas
175 1116 185 1133 ⁶
196 1113 294 1181 palam,
308 1114 352 1165 hic
364 1112 486 1168 occultus
507 1113 624 1179 baptista
646 1118 774 1179 purgaret
786 1117 813 1165 et
830 1116 925 1167 mutuo
943 1113 1106 1181 alternoque
1118 1119 1145 1168 et
1157 1116 1235 1182 aquis
1246 1129 1305 1169 cor·
1359 1137 1368 1153 ·

75 1226 126 1280 pus
138 1220 167 1266 et
179 1225 264 1281 aquas
274 1224 388 1278 corpore
398 1217 580 1265 consecraret.
594 1214 625 1263 lit
637 1211 705 1264 haec
718 1224 801 1265 eausa
810 1213 933 1279 proiecto
944 1213 1031 1266 extitit
1042 1219 1073 1265 ut
1090 1214 1203 1267 natandi
1216 1215 1300 1269 adrui-

75 1311 167 1366 uiculo
180 1310 216 1365 ad
229 1312 315 1378 ripam
327 1311 441 1365 aiteram
453 1309 619 1378 perveniret.

23 1411 61 1464 to
106 1412 139 1465 6.
151 1412 185 1464 Et
196 1412 242 1478 qui
256 1411 410 1477 exemplum
432 1410 581 1464 beatissimi
606 1411 688 1475 Petri,
706 1409 740 1463 ad
753 1411 888 1465 Christum
905 1411 1022 1465 tendens
1035 1425 1085 1479 per
1096 1426 1202 1467 summa
1214 1414 1302 1482 gurgi·

75 1516 144 1577 tum,
157 1510 286 1575 imitatus,
300 1509 405 1563 Christo
426 1521 559 1576 sponsore
580 1509 775 1563 transfretandi
800 1510 828 1562 in
849 1508 979 1563 ulteriore
1001 1510 1122 1563 fluminis
1142 1510 1252 1565 devenit
1276 1513 1304 1565 in

74 1610 170 1663 eodem
182 1608 243 1663 loco
255 1622 310 1676 quo
323 1607 426 1662 ellundi
440 1609 602 1677 sanguinem
613 1608 762 1674 gloriosum
776 1610 906 1662 hominus
927 1610 1055 1677 elegerat,
1068 1615 1096 1663 et
1107 1623 1233 1664 securum
1248 1613 1304 1679 lam

74 1709 172 1764 exalia
186 1714 261 1775 parte
281 1709 381 1775 impius
398 1708 590 1776 prospiciendo
610 1720 765 1774 percussor,
788 1707 900 1774 rapidus
919 1709 1089 1776 adsequitur,
1111 1716 1138 1764 et
1158 1712 1302 1779 evaginato

73 1809 162 1878 gladio
175 1810 230 1862 ictu
243 1808 388 1862 festinante
408 1808 443 1862 ad
466 1809 608 1862 bominum
627 1808 747 1861 animam
763 1808 880 1863 vinculis
897 1810 998 1876 quibus
1010 1811 1156 1864 tenebatur
1167 1812 1300 1875 absolvit;

16 1908 62 1964 ¹5
75 1915 101 1963 et
112 1915 258 1975 utramque
270 1908 449 1962 substantiam
462 1907 588 1974 propriae
601 1907 714 1975 originis
726 1909 862 1962 clementa
874 1910 1046 1976 suscipiunt:
1067 1914 1175 1964 terrena
1195 1913 1305 1966 interim

75 2009 155 2063 terris
167 2008 290 2061 membra
309 2006 493 2071 commendat,
515 2007 660 2060 caelestem
680 2008 799 2060 animam
820 2008 912 2060 emisit
934 2009 969 2062 ad
990 2011 1105 2064 caelum.
1126 2012 1305 2065 Providcrunt

74 2113 166 2161 tamen
180 2105 275 2160 fideles
287 2107 333 2160 liei
345 2108 415 2160 servi
428 2111 459 2159 ut
479 2109 623 2173 utramque
642 2106 762 2159 huminis
779 2108 866 2173 ripam
883 2108 1027 2175 geminatis
1048 2109 1162 2162 urbibus
1182 2111 1304 2164 ambien-

74 2206 136 2260 dam
149 2210 157 2227 ·
170 2206 254 2260 unius
266 2207 391 2274 martyris
404 2205 482 2259 titulo
495 2205 643 2259 munirent.
657 2208 723 2259 h'arn
736 2206 764 2257 in
783 2205 843 2272 ipso
867 2206 963 2259 beatae
986 2207 1122 2273 passionis
1133 2208 1193 2262 loco
1206 2222 1298 2264 conse
1356 2225 1443 2279 *6οφ

73 2308 140 2363 crati
153 2308 259 2363 cruoris
274 2309 385 2376 vestigia
405 2307 605 2375 relinquentes,
627 2305 657 2360 in
678 2306 794 2360 alterum
815 2306 889 2359 duvii
903 2308 973 2360 latus
986 2309 1152 2363 honoratas·
1171 2310 1301 2378 reliquias
1325 2291 1481 2346 amendam·

449 2406 454 2416 .
966 2407 972 2419 .
1210 2408 1216 2418 ,
1355 2359 1443 2413 'cod

10 2402 59 2460 2⁰
74 2407 284 2473 transtulerunt,
297 2411 328 2459 ut
344 2405 511 2473 u[tro]b1que
520 2419 650 2473 praesens
659 2408 799 2471 Genesrus,
811 2405 867 2458 illic
876 2419 1010 2475 sanguine
1020 2408 1176 2475 haberetur,
1190 2410 1234 2463 hro
1244 2424 1302 2464 cor·
1323 2426 1478 2479 honoratas,

73 2520 150 2573 porc.

105 2607 139 2659 ¹7.
152 2608 224 2659 llaec
236 2607 327 2660 omnia
340 2603 469 2668 fideliter,
481 2606 531 2669 [ut]
543 2609 617 2672 gesta
629 2608 702 2670 sunt,
724 2604 874 2657 libentibus
892 2604 1051 2673 devotisque
1071 2606 1172 2660 animis
1188 2609 1305 2677 gloriam

73 2705 141 2758 tanti
154 2705 281 2773 martyris
293 2718 342 2771 per
355 2704 462 2772 singula
474 2703 522 2771 qui
536 2704 671 2757 noveratis
685 2705 888 2771 recognoscite3
900 2706 946 2772 qui
959 2706 1139 2774 ignorabatis,
1149 2710 1303 2776 agnoscite;

72 2809 99 2858 et
108 2804 225 2872 gloriam
246 2804 314 2857 tanti
334 2803 460 2870 martyris
480 2806 650 2855 crescentem
671 2803 700 2854 in
721 2803 830 2856 saecuta
850 2808 961 2857 aeterna
982 2806 1161 2873 veneramini,
1182 2814 1210 2861 et
1221 2821 1304 2862 unus-

10 2897 56 2957 25
71 2905 190 2971 quisque
203 2916 254 2970 pro
267 2903 371 2956 viribus
382 2903 416 2956 ad
429 2902 538 2966 similia,
551 2903 573 2953 si
586 2902 623 2953 ita
636 2915 680 2953 res
697 2900 903 2969 desiderauerit,
924 2904 1031 2958 animas
1049 2913 1219 2973 praeparate.
1232 2910 1265 2961 ttt
1275 2915 1307 2962 ut

68 3004 165 3057 beatus
177 3002 311 3057 Genesius
324 3003 424 3055 throno
438 3002 544 3056 bomini
558 3001 689 3068 usquein
702 3001 839 3056 vindictae
852 3017 920 3057 suae
933 3009 1041 3072 tempus
1053 3005 1201 3073 adsistens,
1215 3019 1306 3061 sacer-

70 3102 193 3168 dotibus,
207 3102 351 3167 ministris,
364 3102 437 3155 clero
448 3101 581 3168 uobisque
599 3099 738 3159 omnibus.
761 3105 788 3153 et
808 3102 832 3154 ei
852 3103 898 3169 qui
917 3104 1091 3158 instructioni
1108 3111 1215 3160 restrae
1233 3107 1305 3162 istud

69 3201 235 3269 composuit,
249 3202 433 3268 patrocinetur
445 3206 530 3267 orate,
543 3205 573 3254 ut
584 3201 619 3253 sit
629 3211 731 3253 nomen
746 3201 852 3254 bomini
864 3201 1038 3257 benedictum
1052 3205 1081 3257 in
1093 3205 1201 3259 saecula
1210 3218 1304 3260 saecu·

69 3302 169 3356 lorum.
183 3302 280 3354 Amen.

542 3471 834 3481 ———

298 3710 782 3824 contenderemus
803 3739 917 3802 uum·
947 3713 1070 3805 3822.

101 3923 172 3977 Olim
187 3940 198 3971 i
212 3925 250 3976 lix
264 3923 340 3976 libris
352 3923 464 3976 loannis
477 3927 553 3990 Bapt.
563 3922 767 3977 Luddastonis
779 3924 814 3978 de
822 3925 948 3991 Noailles,
959 3925 1070 3980 Abbatis
1079 3927 1113 3981 de
1124 3928 1178 3982 alto
1191 3930 1276 3981 Fonte
1288 3946 1298 3976 ι

67 4025 127 4088 (iol.
142 4026 221 4088 libr).

103 4123 242 4178 Foliorum
255 4124 312 4189 lt'l,
326 4121 399 4175 med.
412 4124 642 4189 (0⁰¹,28><0,2lti);
657 4126 791 4180 columnis
802 4127 884 4195 binis,
898 4133 1024 4180 exaratus
1035 4140 1106 4182 saec.
1119 4131 1148 4181 ll.

172 4220 209 4295 l⁰
228 4218 398 4321 Epistola
429 4219 527 4298 Aviti
547 4221 763 4322 presbyteri
797 4223 847 4301 ad
879 4224 1125 4303 Walconium
1155 4249 1299 4327 papam

219 4345 281 4446 [de
300 4345 478 4446 reliquiis
505 4346 542 4423 S.
565 4346 749 4448 Stephani
777 4359 815 4428 et
833 4350 883 4427 dc
909 4351 1066 4430 Luciani
1095 4352 1299 4453 epistolae

219 4490 259 4544 se
278 4467 318 4543 in
337 4467 502 4547 latinum
521 4472 640 4572 versa]
658 4472 734 4571 (fol.
757 4472 925 4572 33i-3lll.

103 4598 152 4654 su.
165 4600 195 4652 r.
207 4602 248 4664 u,
263 4605 327 4654 tom.
341 4602 403 4668 mr,
417 4616 443 4667 p.
457 4604 546 4655 aoso.
