3136 5482
216 355 311 405 3133.
330 353 550 404 1133131113.
569 353 784 405 -1113113,
803 352 851 403 aa
867 353 945 404 333.
964 351 1040 404 5115.
1181 341 1247 406 443

10 538 68 595 De
84 537 281 596 commento
295 538 423 595 Kebren
437 534 610 609 1113311113,
627 533 761 595 scillcet
781 532 858 593 11113
878 547 947 593 333
967 533 1005 592 ln
1018 545 1108 594 3133
1128 531 1248 604 posita

56 634 96 693 et
110 635 237 705 postea
250 635 404 707 mortua,
421 635 457 694 et
471 632 639 693 convictis
653 634 733 705 3133
753 632 791 691 in
805 632 969 691 sanctum
987 631 1052 692 nel
1065 630 1194 703 virum,
1211 630 1248 689 31

56 732 217 804 qualiter
231 731 418 792 accusavit
433 747 514 793 eum
528 733 625 804 apud
638 745 760 804 regem
774 732 1003 792 Gradlonum.

49 934 81 986 5.
96 935 205 987 Factum
220 939 260 987 est
272 937 363 987 autem
376 936 438 1001 post
449 934 527 992 haec,
540 937 567 985 et
584 945 648 985 ecee
662 933 833 999 iniquitatem
845 944 927 997 quam
940 934 1033 983 mente
1045 929 1136 982 lleban
1152 940 1248 981 concc-

14 1037 103 1098 perat,
117 1044 213 1098 parere
226 1033 353 1098 nequiter
370 1033 488 1085 festinat.
503 1034 671 1098 conceperat
691 1037 783 1083 autem
805 1034 898 1083 mente
917 1029 988 1082 male
1000 1028 1125 1091 fecunda,
1137 1027 1247 1081 unicam

14 1132 111 1191 liliam,
124 1136 212 1185 aetate
225 1131 444 1199 quinquennem,
458 1145 562 1198 ponere
576 1132 603 1183 in
621 1144 722 1197 aream,
735 1137 764 1183 31
779 1135 871 1197 postea
892 1143 941 1197 per
958 1135 1041 1182 totam
1057 1128 1168 1195 vulgare
1186 1140 1247 1193 pro·

13 1231 133 1283 vinciam
151 1243 166 1283 a
184 1236 277 1284 saneto
295 1232 355 1283 viro
373 1232 432 1284 iore
448 1236 608 1284 comestam.
622 1233 673 1282 Pro
690 1230 784 1283 nefas!
799 1241 850 1282 nec
868 1227 898 1279 111
910 1225 972 1281 laeti
991 1227 1095 1293 dilatio,
1108 1226 1173 1292 quia
1190 1239 1246 1278 non

13 1335 55 1383 est
66 1330 191 1382 criminis
204 1330 348 1396 promotio.
363 1329 493 1382 Statuitur
505 1335 597 1382 autem
610 1342 625 1381 a
638 1334 725 1382 matre
737 1328 928 1381 scelestissima
941 1325 1032 1379 inians
1044 1325 1207 1391 insipienter
1218 1324 1246 1376 in

12 1441 94 1492 aren
109 1431 135 1478 et
159 1440 194 1479 ne
212 1427 299 1492 ploret
316 1441 366 1493 pro
384 1426 542 1493 solitudine,
562 1425 643 1480 datur
662 1427 687 1478 ei
706 1426 784 1492 panis
802 1423 865 1478 cum
884 1425 962 1477 lacte.
977 1423 1079 1488 Quibus
1091 1423 1127 1474 ita
1141 1421 1245 1488 positis,

13 1533 101 1579 mater
119 1539 210 1579 arcam
228 1525 359 1579 claudens
378 1526 524 1592 obseravit,
537 1526 586 1578 sed
608 1538 664 1579 non
686 1525 733 1578 diu
746 1530 832 1577 mater
844 1525 954 1577 mansit.
968 1526 1034 1575 llam
1047 1522 1137 1574 inians
1158 1521 1246 1588 primo

13 1616 107 1679 mdrsu
119 1638 202 1693 quem
214 1639 261 1679 ore
271 1627 426 1693 momordit,
437 1631 546 1694 gutture
559 1639 651 1678 morsu
662 1626 792 1680 haerente
805 1623 971 1691 strangulata
981 1621 1122 1690 expiravit.
1136 1622 1242 1673 interea

12 1724 169 1791 supradicta
181 1725 279 1778 mulier
292 1724 414 1778 malefica
426 1724 537 1779 domum
551 1738 670 1792 egressa,
684 1738 733 1790 per
745 1730 828 1778 totam
839 1726 927 1791 eoepit
938 1724 1095 1778 discurrere
1106 1721 1243 1784 viciniam,

12 1826 90 1892 quasi
103 1826 262 1891 quaeritans
274 1823 367 1891 liliam,
381 1826 514 1878 simulans
526 1825 600 1878 illam
613 1839 672 1878 esse
690 1827 834 1891 perditam,
847 1837 929 1892 quam
943 1823 1048 1878 sciebat
1065 1822 1124 1874 lore
1136 1818 1245 1872 sibimet

11 1922 201 1976 absconditam
212 1940 219 1989 ;
232 1929 260 1976 et
271 1925 431 1978 daemonico
445 1926 563 1993 13131313
575 1927 681 1992 spiritu,
694 1926 728 1980 ad
747 1940 834 1994 usque
853 1925 939 1979 saneti
951 1925 1004 1977 viri
1024 1920 1242 1976 mansiunculam

10 2021 114 2075 cursim
127 2022 242 2090 proruit,
256 2028 282 2075 et
293 2029 357 2076 ante
374 2025 459 2090 ipsius
473 2026 587 2091 januam
601 2026 721 2078 humeris
739 2039 832 2093 sparsa
850 2024 956 2092 capillis
975 2023 1067 2077 astitit.
1082 2025 1239 2087 013333111-

11 2120 96 2186 plosis
115 2119 149 2173 ad
171 2121 286 2174 invicem
309 2123 435 2176 manibus
458 2125 620 2191 vociferans,
639 2127 695 2178 ait:
711 2125 851 2195 Biforme
866 2127 1057 2194 portentum,
1077 2132 1242 2189 corporum

10 2221 179 2276 devorator
191 2219 410 2291 humanorum,
419 2237 579 2291 paranene
594 2225 650 2279 irbi
665 2228 855 2280 erat‘meum
874 2222 1071 2290 nrrripuisse
1081 2219 1242 2285 caeritum,

10 2320 77 2375 nisi
86 2321 184 2375 etiam
197 2321 327 2390 insuper
338 2325 505 2378 devorares
516 2327 546 2378 et
558 2326 765 2394 fitiathon
783 2324 833 2378 bic
853 2323 909 2377 tibi
924 2322 1047 2375 diutius
1066 2323 1121 2375 tua
1142 2315 1243 2372 iicebit

10 2432 158 2476 33313313
164 2421 351 2491 praestipia,
364 2423 455 2489 maius
471 2424 538 2477 vita
555 2424 712 2492 simplices
731 2424 880 2479 hactenns
899 2423 994 2477 tatuit
1011 2418 1239 2477 scelestissima.

10 2520 74 2589 Epo
94 2521 188 2588 enine,
209 2534 262 2588 epo
281 2524 371 2575 tuum
391 2524 512 2577 cunetis
532 2523 691 2591 stapitium
707 2525 861 2592 pandam,
884 2523 1034 2591 quatinus
1054 2524 1083 2574 te
1102 2520 1239 2575 uidentes

10 2621 97 2674 vetur
119 2621 243 2673 laruam
262 2619 390 2688 farpiant
408 2626 465 2675 aut
487 2624 681 2677 1313311333·
703 2622 892 2691 festinanter
915 2622 1066 2691 inferant.
1088 2619 1241 2675 Haeccine

10 2720 97 2775 aedis
103 2732 167 2787 pro
179 2719 310 2788 bospitio
323 2721 399 2776 atim
421 2722 476 2775 tibi
496 2722 623 2791 deniqne
637 2724 782 2791 praebito
798 2723 928 2777 reddis?
940 2724 1009 2777 Non
1021 2721 1162 2790 equidem
1174 2719 1242 2773 sine

10 2831 110 2874 caasa
117 2819 234 2885 paam
247 2821 303 2872 tua
315 2818 538 2889 fuistipatria,
553 2834 634 2888 quae
645 2821 727 2890 felia
748 2825 804 2876 tua
816 2821 943 2890 fantur
954 2820 1105 2875 absentia.
1119 2818 1157 2873 ld
1172 2821 1242 2872 trane

10 2930 104 2973 vocem
127 2918 233 2971 excitati
255 2931 408 2972 convenere
431 2919 551 2985 plurimi,
565 2926 593 2973 et
613 2935 750 2987 quaenam
772 2923 805 2974 sit
828 2923 908 2987 hujus
929 2921 1140 2988 perturbationis
1160 2931 1241 2973 causa

10 3017 187 3071 sciscitantur
198 3029 213 3069 3
227 3017 336 3071 semina.
352 3019 399 3071 1113
413 3024 503 3071 autem
514 3020 750 3094 impudentissime
761 3021 909 3074 uelandum
921 3020 1036 3074 iterabat
1045 3025 1238 3081 commentum,

10 3115 105 3170 licens
117 3114 201 3169 liliam
214 3130 289 3169 suam
303 3130 318 3170 a
330 3122 424 3170 sancto
437 3118 601 3171 devoratam.
615 3120 705 3171 llirari
717 3109 764 3185 qui
777 3118 892 3172 aderant
907 3132 1026 3190 ,coepere
1043 3123 1071 3171 et
1088 3131 1145 3170 rem
1166 3117 1239 3170 dete·

10 3215 135 3269 stabilem
148 3214 238 3268 verbis
249 3215 446 3269 contradicere.
460 3220 537 3270 Tunc
550 3223 659 3271 sanetus
672 3220 803 3272 Ronanus
815 3219 979 3272 furibundae
997 3217 1119 3271 mulieris
1136 3216 1239 3269 vultum

13 3319 130 3379 niueas,
144 3319 171 3368 31
182 3317 242 3382 ejus
254 3317 324 3369 diota
337 3317 394 3370 iore
406 3318 519 3371 omnino
540 3318 607 3370 13133
620 3319 752 3385 3311113113,
766 3332 849 3373 manu
870 3319 1008 3372 silentium
1023 3317 1080 3372 lieri
1093 3316 1200 3382 annuit,
1214 3321 1241 3370 et

12 3415 138 3482 nquiens
156 3415 251 3468 nitzo
271 3415 398 3483 infelix,
415 3429 496 3483 quae
516 3420 606 3470 tanta
627 3419 737 3485 rapuit
759 3420 849 3472 tuam
874 3417 1030 3472 dementia
1050 3429 1185 3482 sensum,
1205 3417 1241 3467 ut

10 3512 263 3569 necdrisiianae
283 3515 446 3582 retipionis
467 3516 675 3583 confessorem
693 3518 783 3586 filiae
803 3520 876 3571 inae
896 3517 1014 3572 diceres
1035 3516 1200 3571 occisorem
1212 3518 1242 3569 et

10 3611 286 3667 13333333331311
298 3617 463 3668 cruentum
475 3615 688 3669 devoratorem
699 3618 711 3669 1
724 3617 793 3670 Non
805 3615 860 3671 1133
873 3630 894 3670 3
907 3616 1036 3670 Domino
1047 3618 1077 3668 et
1088 3615 1241 3682 mapistro

10 3714 114 3767 133113
134 3712 207 3765 lesu
232 3711 351 3767 Christo
371 3715 559 3768 mandatam
575 3716 761 3783 accepimus,
774 3718 810 3769 ut
830 3715 1033 3770 homicidium
1053 3714 1238 3783 idomenus.

10 3809 165 3877 scriptam
184 3811 230 3862 est
247 3809 330 3864 esaim
347 3828 355 3864 :
374 3828 391 3859 κ
407 3812 477 3865 Non
494 3812 614 3866 occides
627 3831 635 3867 :
648 3814 703 3881 qui
726 3813 882 3882 occiderit,
905 3826 979 3867 reus
995 3813 1057 3866 erit
1071 3813 1205 3879 judicio.
1224 3829 1241 3861 3

10 3912 79 3964 1333
101 3914 129 3962 31
150 3909 212 3974 alia,
234 3923 304 3976 quae
325 3911 436 3979 longum
458 3917 498 3964 est
520 3925 658 3976 enarrare,
678 3919 772 3966 saneto
793 3916 851 3968 vire
872 3913 1033 3979 disserente,
1056 3927 1152 3967 omnes
1171 3912 1240 3981 [qui]

10 4010 124 4064 iderant
144 4009 172 4060 in
194 4009 369 4076 maliloquam
391 4010 533 4064 mulierem
557 4012 709 4064 tremebant
730 4017 757 4065 et
777 4011 905 4065 (licebant
918 4030 925 4065 ε
938 4013 971 4067 Si
985 4011 1058 4067 duic
1078 4012 1239 4076 eirojustc

10 4107 150 4175 emplius
161 4107 336 4160 nwlestiam
348 4107 470 4174 seceris,
484 4123 504 4161 a
516 4109 603 4162 nebia
616 4112 733 4177 procui
749 4111 842 4165 dubio
861 4110 1061 4178 lapidaberis.
1076 4110 1121 4163 1113
1134 4111 1239 4163 veroin

11 4206 180 4275 inpudentia
193 4220 274 4272 quam
287 4213 414 4273 coeperat
427 4215 635 4274 perseveranter
655 4211 806 4274 insistebat,
821 4217 847 4264 et
866 4211 937 4277 apud
957 4224 1047 4278 regem
1061 4224 1090 4263 se
1102 4214 1240 4265 accusatu-

10 4320 63 4364 am
78 4308 134 4360 hoc
145 4320 225 4372 squam
237 4307 362 4359 celeriter
383 4313 473 4373 posset
486 4309 586 4361 aiebat.
600 4312 652 4362 1133
672 4322 757 4377 mora,
771 4312 902 4364 continuo
922 4311 996 4362 misit
1012 4324 1041 4362 se
1058 4310 1086 4362 in
1104 4309 1199 4377 pedes,
1213 4315 1240 4361 31

10 4409 33 4463 111
46 4408 126 4474 regis
138 4405 229 4459 auiam
248 4406 388 4459 festinanti
409 4421 491 4460 cursu
513 4416 642 4474 properat
662 4410 754 4474 pedes.
769 4414 841 4475 Quae
862 4409 936 4462 velut
957 4422 1052 4463 amens
1064 4421 1155 4462 eoram
1174 4422 1238 4476 rege

10 4510 149 4570 ssistens,
163 4506 202 4559 sie
214 4506 251 4557 ait
264 4507 391 4572 inquiens
405 4523 411 4558 :
425 4509 500 4575 11313,
516 4508 549 4560 in
566 4511 728 4561 aeternum
746 4483 822 4563 3133.
839 4510 899 4563 Gar
913 4511 949 4576 te,
963 4509 1087 4562 domine
1107 4508 1152 4562 mi
1167 4521 1237 4575 rem,

10 4604 329 4672 venenisuenenis,
351 4607 416 4659 tam
439 4605 589 4660 horribile
607 4610 790 4674 portentum
814 4608 848 4660 in
872 4610 924 4662 tuo
944 4607 1095 4676 repimine
1111 4608 1235 4677 pateris
