<?xml version="1.0" encoding="UTF-8"?>
<!DOCTYPE html PUBLIC "-//W3C//DTD XHTML 1.0 Transitional//EN"
    "http://www.w3.org/TR/xhtml1/DTD/xhtml1-transitional.dtd">
<html xmlns="http://www.w3.org/1999/xhtml" xml:lang="en" lang="en">
 <head>
  <title>
</title>
<meta http-equiv="Content-Type" content="text/html;charset=utf-8" />
  <meta name='ocr-system' content='tesseract 3.04.00' />
  <meta name='ocr-capabilities' content='ocr_page ocr_carea ocr_par ocr_line ocrx_word'/>
</head>
<body>
  <div class='ocr_page' id='page_1' title='image "./cataloguscodicu01manugoog_0528.png"; bbox 0 0 3136 5482; ppageno 0'>
   <div class='ocr_carea' id='block_1_1' title="bbox 245 357 1264 424">
    <p class='ocr_par' dir='ltr' id='par_1_1' title="bbox 245 357 1264 424">
     <span class='ocr_line' id='line_1_1' title="bbox 245 357 1264 424; baseline -0.001 0"><span class='ocrx_word' id='word_1_1' title='bbox 245 374 338 424; x_wconf 76' lang='lat' dir='ltr'><strong>orsu.</strong></span> <span class='ocrx_word' id='word_1_2' title='bbox 357 373 440 424; x_wconf 75' lang='lat' dir='ltr'><strong>rtur.</strong></span> <span class='ocrx_word' id='word_1_3' title='bbox 461 373 576 423; x_wconf 77' lang='lat' dir='ltr'><strong>partis.</strong></span> <span class='ocrx_word' id='word_1_4' title='bbox 596 392 642 402; x_wconf 98' lang='lat'>—</span> <span class='ocrx_word' id='word_1_5' title='bbox 658 373 811 423; x_wconf 71' lang='lat' dir='ltr'><strong>brenno.</strong></span> <span class='ocrx_word' id='word_1_6' title='bbox 832 373 879 422; x_wconf 78' lang='lat' dir='ltr'><strong>an</strong></span> <span class='ocrx_word' id='word_1_7' title='bbox 895 372 973 423; x_wconf 87' lang='lat' dir='ltr'><strong>oon.</strong></span> <span class='ocrx_word' id='word_1_8' title='bbox 992 370 1067 422; x_wconf 76' lang='lat'><strong>5285.</strong></span> <span class='ocrx_word' id='word_1_9' title='bbox 1197 357 1264 423; x_wconf 88' lang='lat'><strong>513</strong></span> 
     </span>
    </p>
   </div>
   <div class='ocr_carea' id='block_1_2' title="bbox 10 540 1263 4181">
    <p class='ocr_par' dir='ltr' id='par_1_2' title="bbox 10 540 1263 2678">
     <span class='ocr_line' id='line_1_2' title="bbox 14 540 1263 608; baseline 0.002 -15"><span class='ocrx_word' id='word_1_10' title='bbox 14 545 116 597; x_wconf 86' lang='lat' dir='ltr'><strong>totum</strong></span> <span class='ocrx_word' id='word_1_11' title='bbox 130 549 353 597; x_wconf 76' lang='lat' dir='ltr'><strong>torneamentum</strong></span> <span class='ocrx_word' id='word_1_12' title='bbox 373 555 456 608; x_wconf 87' lang='lat' dir='ltr'><strong>super</strong></span> <span class='ocrx_word' id='word_1_13' title='bbox 476 555 540 594; x_wconf 91' lang='lat' dir='ltr'><strong>eum</strong></span> <span class='ocrx_word' id='word_1_14' title='bbox 558 542 691 603; x_wconf 81' lang='lat' dir='ltr'>irruisset,</span> <span class='ocrx_word' id='word_1_15' title='bbox 710 555 762 593; x_wconf 90' lang='lat' dir='ltr'><strong>nec</strong></span> <span class='ocrx_word' id='word_1_16' title='bbox 778 542 897 594; x_wconf 90' lang='lat' dir='ltr'><strong>bumano</strong></span> <span class='ocrx_word' id='word_1_17' title='bbox 915 541 991 594; x_wconf 92' lang='lat' dir='ltr'><strong>locus</strong></span> <span class='ocrx_word' id='word_1_18' title='bbox 1009 546 1080 595; x_wconf 88' lang='lat' dir='ltr'><strong>esset</strong></span> <span class='ocrx_word' id='word_1_19' title='bbox 1097 540 1218 594; x_wconf 92' lang='lat' dir='ltr'><strong>subsidio</strong></span> <span class='ocrx_word' id='word_1_20' title='bbox 1236 549 1263 595; x_wconf 89' lang='lat' dir='ltr'><strong>et</strong></span> 
     </span>
     <span class='ocr_line' id='line_1_3' title="bbox 21 637 1258 707; baseline 0.002 -17"><span class='ocrx_word' id='word_1_21' title='bbox 21 637 101 696; x_wconf 84' lang='lat' dir='ltr'><strong>idem</strong></span> <span class='ocrx_word' id='word_1_22' title='bbox 116 655 172 695; x_wconf 91' lang='lat' dir='ltr'><strong>non</strong></span> <span class='ocrx_word' id='word_1_23' title='bbox 186 643 238 694; x_wconf 91' lang='lat' dir='ltr'><strong>nisi</strong></span> <span class='ocrx_word' id='word_1_24' title='bbox 249 643 334 694; x_wconf 90' lang='lat' dir='ltr'><strong>solam</strong></span> <span class='ocrx_word' id='word_1_25' title='bbox 353 641 565 707; x_wconf 76' lang='lat' dir='ltr'><strong>praestolaretur</strong></span> <span class='ocrx_word' id='word_1_26' title='bbox 583 644 709 703; x_wconf 90' lang='lat' dir='ltr'><strong>mortem,</strong></span> <span class='ocrx_word' id='word_1_27' title='bbox 728 639 840 692; x_wconf 88' lang='lat' dir='ltr'><strong>tandem</strong></span> <span class='ocrx_word' id='word_1_28' title='bbox 859 639 1049 693; x_wconf 89' lang='lat' dir='ltr'><strong>beatissimum</strong></span> <span class='ocrx_word' id='word_1_29' title='bbox 1066 641 1206 694; x_wconf 85' lang='lat' dir='ltr'><strong>lulianum</strong></span> <span class='ocrx_word' id='word_1_30' title='bbox 1224 641 1258 695; x_wconf 91' lang='lat' dir='ltr'><strong>ad</strong></span> 
     </span>
     <span class='ocr_line' id='line_1_4' title="bbox 24 739 1258 808; baseline 0.001 -16"><span class='ocrx_word' id='word_1_31' title='bbox 24 747 147 795; x_wconf 83' lang='lat' dir='ltr'><strong>mentem</strong></span> <span class='ocrx_word' id='word_1_32' title='bbox 164 753 305 804; x_wconf 70' lang='lat' dir='ltr'><strong>revocans</strong></span> <span class='ocrx_word' id='word_1_33' title='bbox 317 740 441 792; x_wconf 91' lang='lat' dir='ltr'><strong>divinum</strong></span> <span class='ocrx_word' id='word_1_34' title='bbox 454 741 540 792; x_wconf 90' lang='lat' dir='ltr'><strong>sensit</strong></span> <span class='ocrx_word' id='word_1_35' title='bbox 554 740 696 793; x_wconf 84' lang='lat' dir='ltr'><strong>auxilium.</strong></span> <span class='ocrx_word' id='word_1_36' title='bbox 711 743 776 792; x_wconf 80' lang='lat' dir='ltr'><strong>liam</strong></span> <span class='ocrx_word' id='word_1_37' title='bbox 789 753 877 806; x_wconf 91' lang='lat' dir='ltr'><strong>equus</strong></span> <span class='ocrx_word' id='word_1_38' title='bbox 889 753 951 792; x_wconf 90' lang='lat' dir='ltr'><strong>cum</strong></span> <span class='ocrx_word' id='word_1_39' title='bbox 963 753 996 793; x_wconf 93' lang='lat' dir='ltr'><strong>eo</strong></span> <span class='ocrx_word' id='word_1_40' title='bbox 1017 741 1146 808; x_wconf 84' lang='lat' dir='ltr'><strong>surrexit,</strong></span> <span class='ocrx_word' id='word_1_41' title='bbox 1159 739 1258 807; x_wconf 92' lang='lat' dir='ltr'><strong>etipse</strong></span> 
     </span>
     <span class='ocr_line' id='line_1_5' title="bbox 31 839 1259 907; baseline 0.001 -15"><span class='ocrx_word' id='word_1_42' title='bbox 31 840 105 904; x_wconf 88' lang='lat' dir='ltr'><strong>quasi</strong></span> <span class='ocrx_word' id='word_1_43' title='bbox 117 840 192 892; x_wconf 91' lang='lat' dir='ltr'><strong>solus</strong></span> <span class='ocrx_word' id='word_1_44' title='bbox 206 845 277 892; x_wconf 89' lang='lat' dir='ltr'><strong>esset</strong></span> <span class='ocrx_word' id='word_1_45' title='bbox 290 840 318 891; x_wconf 92' lang='lat' dir='ltr'><strong>in</strong></span> <span class='ocrx_word' id='word_1_46' title='bbox 331 839 419 905; x_wconf 89' lang='lat' dir='ltr'><strong>campi</strong></span> <span class='ocrx_word' id='word_1_47' title='bbox 432 839 555 904; x_wconf 85' lang='lat' dir='ltr'><strong>planitie,</strong></span> <span class='ocrx_word' id='word_1_48' title='bbox 569 839 604 891; x_wconf 94' lang='lat' dir='ltr'><strong>ab</strong></span> <span class='ocrx_word' id='word_1_49' title='bbox 617 839 744 892; x_wconf 90' lang='lat' dir='ltr'><strong>omnibus</strong></span> <span class='ocrx_word' id='word_1_50' title='bbox 757 839 942 892; x_wconf 88' lang='lat' dir='ltr'><strong>torneantium</strong></span> <span class='ocrx_word' id='word_1_51' title='bbox 954 839 1108 892; x_wconf 80' lang='lat' dir='ltr'><strong>incursibus</strong></span> <span class='ocrx_word' id='word_1_52' title='bbox 1120 853 1149 892; x_wconf 90' lang='lat' dir='ltr'><strong>se</strong></span> <span class='ocrx_word' id='word_1_53' title='bbox 1162 839 1259 907; x_wconf 90' lang='lat' dir='ltr'><strong>libera·</strong></span> 
     </span>
     <span class='ocr_line' id='line_1_6' title="bbox 14 935 1259 1002; baseline 0.001 -11"><span class='ocrx_word' id='word_1_54' title='bbox 14 968 17 973; x_wconf 62' lang='lat'>&gt;</span> <span class='ocrx_word' id='word_1_55' title='bbox 33 935 83 991; x_wconf 80' lang='lat' dir='ltr'><strong>tum</strong></span> <span class='ocrx_word' id='word_1_56' title='bbox 96 939 212 992; x_wconf 87' lang='lat' dir='ltr'><strong>invenit.</strong></span> <span class='ocrx_word' id='word_1_57' title='bbox 228 939 295 991; x_wconf 90' lang='lat' dir='ltr'><strong>lnde</strong></span> <span class='ocrx_word' id='word_1_58' title='bbox 307 939 419 991; x_wconf 92' lang='lat' dir='ltr'><strong>domum</strong></span> <span class='ocrx_word' id='word_1_59' title='bbox 435 937 557 1002; x_wconf 88' lang='lat' dir='ltr'><strong>rediens,</strong></span> <span class='ocrx_word' id='word_1_60' title='bbox 574 951 637 990; x_wconf 90' lang='lat' dir='ltr'><strong>oum</strong></span> <span class='ocrx_word' id='word_1_61' title='bbox 649 950 734 991; x_wconf 86' lang='lat' dir='ltr'><strong>uxore</strong></span> <span class='ocrx_word' id='word_1_62' title='bbox 755 943 780 990; x_wconf 91' lang='lat' dir='ltr'><strong>et</strong></span> <span class='ocrx_word' id='word_1_63' title='bbox 793 937 894 991; x_wconf 90' lang='lat' dir='ltr'><strong>iamilia</strong></span> <span class='ocrx_word' id='word_1_64' title='bbox 908 938 984 992; x_wconf 92' lang='lat' dir='ltr'><strong>venit</strong></span> <span class='ocrx_word' id='word_1_65' title='bbox 993 939 1027 992; x_wconf 90' lang='lat' dir='ltr'><strong>ad</strong></span> <span class='ocrx_word' id='word_1_66' title='bbox 1040 938 1184 992; x_wconf 84' lang='lat' dir='ltr'><strong>ecclesiam</strong></span> <span class='ocrx_word' id='word_1_67' title='bbox 1197 940 1259 992; x_wconf 92' lang='lat' dir='ltr'><strong>bea·</strong></span> 
     </span>
     <span class='ocr_line' id='line_1_7' title="bbox 33 1035 1258 1106; baseline 0.001 -15"><span class='ocrx_word' id='word_1_68' title='bbox 33 1036 125 1091; x_wconf 81' lang='lat' dir='ltr'><strong>lissirni</strong></span> <span class='ocrx_word' id='word_1_69' title='bbox 137 1038 311 1106; x_wconf 81' lang='lat' dir='ltr'><strong>contessoris,</strong></span> <span class='ocrx_word' id='word_1_70' title='bbox 325 1050 359 1091; x_wconf 85' lang='lat' dir='ltr'><strong>ex</strong></span> <span class='ocrx_word' id='word_1_71' title='bbox 371 1043 427 1090; x_wconf 91' lang='lat' dir='ltr'><strong>toto</strong></span> <span class='ocrx_word' id='word_1_72' title='bbox 441 1039 539 1091; x_wconf 90' lang='lat' dir='ltr'><strong>mentis</strong></span> <span class='ocrx_word' id='word_1_73' title='bbox 552 1035 651 1091; x_wconf 79' lang='lat' dir='ltr'><strong>affectu</strong></span> <span class='ocrx_word' id='word_1_74' title='bbox 669 1044 800 1104; x_wconf 89' lang='lat' dir='ltr'><strong>quantum</strong></span> <span class='ocrx_word' id='word_1_75' title='bbox 820 1043 925 1103; x_wconf 89' lang='lat' dir='ltr'><strong>poterat</strong></span> <span class='ocrx_word' id='word_1_76' title='bbox 942 1044 1032 1106; x_wconf 78' lang='lat' dir='ltr'><strong>grates</strong></span> <span class='ocrx_word' id='word_1_77' title='bbox 1045 1051 1137 1106; x_wconf 87' lang='lat' dir='ltr'><strong>agens.</strong></span> <span class='ocrx_word' id='word_1_78' title='bbox 1151 1039 1258 1093; x_wconf 87' lang='lat' dir='ltr'><strong>Obtule-</strong></span> 
     </span>
     <span class='ocr_line' id='line_1_8' title="bbox 32 1136 1257 1205; baseline -0.001 -15"><span class='ocrx_word' id='word_1_79' title='bbox 32 1140 90 1190; x_wconf 85' lang='lat' dir='ltr'><strong>runt</strong></span> <span class='ocrx_word' id='word_1_80' title='bbox 113 1143 206 1190; x_wconf 90' lang='lat' dir='ltr'><strong>autem</strong></span> <span class='ocrx_word' id='word_1_81' title='bbox 226 1137 325 1204; x_wconf 79' lang='lat' dir='ltr'><strong>singuli</strong></span> <span class='ocrx_word' id='word_1_82' title='bbox 347 1137 470 1204; x_wconf 90' lang='lat' dir='ltr'><strong>singulos</strong></span> <span class='ocrx_word' id='word_1_83' title='bbox 491 1149 596 1203; x_wconf 86' lang='lat' dir='ltr'><strong>cereos,</strong></span> <span class='ocrx_word' id='word_1_84' title='bbox 619 1149 728 1189; x_wconf 89' lang='lat' dir='ltr'><strong>necnon</strong></span> <span class='ocrx_word' id='word_1_85' title='bbox 749 1137 853 1202; x_wconf 89' lang='lat' dir='ltr'><strong>etipse</strong></span> <span class='ocrx_word' id='word_1_86' title='bbox 875 1149 982 1190; x_wconf 83' lang='lat' dir='ltr'><strong>ceream</strong></span> <span class='ocrx_word' id='word_1_87' title='bbox 996 1136 1088 1189; x_wconf 90' lang='lat' dir='ltr'><strong>militis</strong></span> <span class='ocrx_word' id='word_1_88' title='bbox 1101 1138 1257 1205; x_wconf 82' lang='lat' dir='ltr'><strong>imaginem,</strong></span> 
     </span>
     <span class='ocr_line' id='line_1_9' title="bbox 29 1235 929 1303; baseline 0.002 -16"><span class='ocrx_word' id='word_1_89' title='bbox 29 1248 109 1303; x_wconf 87' lang='lat' dir='ltr'><strong>quam</strong></span> <span class='ocrx_word' id='word_1_90' title='bbox 121 1235 169 1288; x_wconf 90' lang='lat' dir='ltr'><strong>diu</strong></span> <span class='ocrx_word' id='word_1_91' title='bbox 182 1235 217 1288; x_wconf 88' lang='lat' dir='ltr'><strong>ad</strong></span> <span class='ocrx_word' id='word_1_92' title='bbox 240 1237 324 1302; x_wconf 92' lang='lat' dir='ltr'><strong>ipsam</strong></span> <span class='ocrx_word' id='word_1_93' title='bbox 337 1242 457 1289; x_wconf 89' lang='lat' dir='ltr'><strong>sanctam</strong></span> <span class='ocrx_word' id='word_1_94' title='bbox 470 1248 578 1303; x_wconf 85' lang='lat' dir='ltr'><strong>capsam</strong></span> <span class='ocrx_word' id='word_1_95' title='bbox 590 1236 708 1290; x_wconf 90' lang='lat' dir='ltr'><strong>vidimus</strong></span> <span class='ocrx_word' id='word_1_96' title='bbox 719 1236 929 1302; x_wconf 87' lang='lat' dir='ltr'><strong>dependentem.</strong></span> 
     </span>
     <span class='ocr_line' id='line_1_10' title="bbox 10 1326 1259 1404; baseline 0.002 -17"><span class='ocrx_word' id='word_1_97' title='bbox 10 1326 21 1381; x_wconf 58' lang='grc' dir='ltr'><strong>ι’</strong></span> <span class='ocrx_word' id='word_1_98' title='bbox 58 1335 91 1389; x_wconf 82' lang='grc'><strong>5.</strong></span> <span class='ocrx_word' id='word_1_99' title='bbox 103 1338 158 1389; x_wconf 85' lang='lat' dir='ltr'><strong>llcc</strong></span> <span class='ocrx_word' id='word_1_100' title='bbox 170 1336 280 1390; x_wconf 90' lang='lat' dir='ltr'><strong>silentio</strong></span> <span class='ocrx_word' id='word_1_101' title='bbox 293 1336 563 1404; x_wconf 89' lang='lat' dir='ltr'><strong>praetermittendum</strong></span> <span class='ocrx_word' id='word_1_102' title='bbox 577 1335 704 1404; x_wconf 92' lang='lat' dir='ltr'><strong>estquod</strong></span> <span class='ocrx_word' id='word_1_103' title='bbox 723 1335 821 1389; x_wconf 92' lang='lat' dir='ltr'><strong>iisdem</strong></span> <span class='ocrx_word' id='word_1_104' title='bbox 840 1336 1008 1402; x_wconf 84' lang='lat' dir='ltr'><strong>temporibus</strong></span> <span class='ocrx_word' id='word_1_105' title='bbox 1028 1337 1055 1388; x_wconf 93' lang='lat' dir='ltr'><strong>in</strong></span> <span class='ocrx_word' id='word_1_106' title='bbox 1074 1336 1212 1390; x_wconf 89' lang='lat' dir='ltr'><strong>territorio</strong></span> <span class='ocrx_word' id='word_1_107' title='bbox 1224 1336 1259 1390; x_wconf 90' lang='lat' dir='ltr'><strong>de</strong></span> 
     </span>
     <span class='ocr_line' id='line_1_11' title="bbox 11 1433 1257 1503; baseline 0.001 -15"><span class='ocrx_word' id='word_1_108' title='bbox 11 1438 113 1488; x_wconf 79' lang='lat' dir='ltr'><strong>-castro</strong></span> <span class='ocrx_word' id='word_1_109' title='bbox 132 1433 258 1501; x_wconf 75' lang='lat' dir='ltr'><strong>dverodi,</strong></span> <span class='ocrx_word' id='word_1_110' title='bbox 281 1436 445 1488; x_wconf 73' lang='lat' dir='ltr'><strong>pictavensis</strong></span> <span class='ocrx_word' id='word_1_111' title='bbox 465 1434 590 1499; x_wconf 91' lang='lat' dir='ltr'><strong>diocesis,</strong></span> <span class='ocrx_word' id='word_1_112' title='bbox 610 1434 717 1501; x_wconf 88' lang='lat' dir='ltr'><strong>accidit,</strong></span> <span class='ocrx_word' id='word_1_113' title='bbox 739 1436 768 1487; x_wconf 93' lang='lat' dir='ltr'><strong>in</strong></span> <span class='ocrx_word' id='word_1_114' title='bbox 786 1435 845 1489; x_wconf 91' lang='lat' dir='ltr'><strong>vico</strong></span> <span class='ocrx_word' id='word_1_115' title='bbox 865 1437 912 1502; x_wconf 91' lang='lat' dir='ltr'><strong>qui</strong></span> <span class='ocrx_word' id='word_1_116' title='bbox 924 1436 1257 1503; x_wconf 82' lang='lat' dir='ltr'><strong>Sevilliacusappellatur.</strong></span> 
     </span>
     <span class='ocr_line' id='line_1_12' title="bbox 21 1532 1257 1604; baseline 0 -16"><span class='ocrx_word' id='word_1_117' title='bbox 21 1532 87 1588; x_wconf 72' lang='lat' dir='ltr'><strong>Erat</strong></span> <span class='ocrx_word' id='word_1_118' title='bbox 98 1533 137 1586; x_wconf 90' lang='lat' dir='ltr'><strong>ibi</strong></span> <span class='ocrx_word' id='word_1_119' title='bbox 151 1533 286 1600; x_wconf 86' lang='lat' dir='ltr'><strong>quaedam</strong></span> <span class='ocrx_word' id='word_1_120' title='bbox 301 1534 400 1588; x_wconf 88' lang='lat' dir='ltr'><strong>mulier</strong></span> <span class='ocrx_word' id='word_1_121' title='bbox 412 1539 520 1601; x_wconf 88' lang='lat' dir='ltr'><strong>arrepta</strong></span> <span class='ocrx_word' id='word_1_122' title='bbox 532 1549 547 1587; x_wconf 90' lang='lat' dir='ltr'><strong>a</strong></span> <span class='ocrx_word' id='word_1_123' title='bbox 560 1534 704 1601; x_wconf 88' lang='lat' dir='ltr'><strong>daemone,</strong></span> <span class='ocrx_word' id='word_1_124' title='bbox 717 1539 798 1600; x_wconf 89' lang='lat' dir='ltr'><strong>prout</strong></span> <span class='ocrx_word' id='word_1_125' title='bbox 817 1536 902 1602; x_wconf 91' lang='lat' dir='ltr'><strong>ipsius</strong></span> <span class='ocrx_word' id='word_1_126' title='bbox 913 1540 1014 1604; x_wconf 89' lang='lat' dir='ltr'><strong>gestus,</strong></span> <span class='ocrx_word' id='word_1_127' title='bbox 1033 1540 1109 1589; x_wconf 89' lang='lat' dir='ltr'><strong>actus</strong></span> <span class='ocrx_word' id='word_1_128' title='bbox 1129 1540 1155 1588; x_wconf 90' lang='lat' dir='ltr'><strong>et</strong></span> <span class='ocrx_word' id='word_1_129' title='bbox 1174 1535 1257 1588; x_wconf 88' lang='lat' dir='ltr'><strong>verba</strong></span> 
     </span>
     <span class='ocr_line' id='line_1_13' title="bbox 20 1631 1258 1699; baseline 0.001 -15"><span class='ocrx_word' id='word_1_130' title='bbox 20 1631 245 1684; x_wconf 79' lang='lat' dir='ltr'><strong>manifestissime</strong></span> <span class='ocrx_word' id='word_1_131' title='bbox 257 1631 446 1685; x_wconf 79' lang='lat' dir='ltr'><strong>ostendebant</strong></span> <span class='ocrx_word' id='word_1_132' title='bbox 460 1634 582 1699; x_wconf 83' lang='lat' dir='ltr'><strong>cumque</strong></span> <span class='ocrx_word' id='word_1_133' title='bbox 595 1631 752 1698; x_wconf 80' lang='lat' dir='ltr'><strong>hujusmodi</strong></span> <span class='ocrx_word' id='word_1_134' title='bbox 764 1632 827 1685; x_wconf 85' lang='lat' dir='ltr'><strong>iacti</strong></span> <span class='ocrx_word' id='word_1_135' title='bbox 843 1632 914 1686; x_wconf 83' lang='lat' dir='ltr'><strong>fama</strong></span> <span class='ocrx_word' id='word_1_136' title='bbox 927 1633 1121 1686; x_wconf 89' lang='lat' dir='ltr'><strong>increbruisset</strong></span> <span class='ocrx_word' id='word_1_137' title='bbox 1133 1645 1182 1699; x_wconf 91' lang='lat' dir='ltr'><strong>per</strong></span> <span class='ocrx_word' id='word_1_138' title='bbox 1195 1645 1258 1699; x_wconf 90' lang='lat' dir='ltr'><strong>par·</strong></span> 
     </span>
     <span class='ocr_line' id='line_1_14' title="bbox 19 1730 1256 1799; baseline 0.002 -16"><span class='ocrx_word' id='word_1_139' title='bbox 19 1730 149 1783; x_wconf 85' lang='lat' dir='ltr'><strong>rocbiam</strong></span> <span class='ocrx_word' id='word_1_140' title='bbox 161 1736 190 1783; x_wconf 88' lang='lat' dir='ltr'><strong>et</strong></span> <span class='ocrx_word' id='word_1_141' title='bbox 211 1731 270 1784; x_wconf 90' lang='lat' dir='ltr'><strong>loca</strong></span> <span class='ocrx_word' id='word_1_142' title='bbox 287 1732 516 1796; x_wconf 74' lang='lat' dir='ltr'><strong>circumstantia,</strong></span> <span class='ocrx_word' id='word_1_143' title='bbox 530 1732 664 1799; x_wconf 84' lang='lat' dir='ltr'><strong>quaedam</strong></span> <span class='ocrx_word' id='word_1_144' title='bbox 686 1732 760 1784; x_wconf 91' lang='lat' dir='ltr'><strong>bona</strong></span> <span class='ocrx_word' id='word_1_145' title='bbox 777 1732 885 1799; x_wconf 92' lang='lat' dir='ltr'><strong>mulier,</strong></span> <span class='ocrx_word' id='word_1_146' title='bbox 907 1733 986 1785; x_wconf 89' lang='lat' dir='ltr'><strong>castri</strong></span> <span class='ocrx_word' id='word_1_147' title='bbox 1005 1733 1137 1798; x_wconf 87' lang='lat' dir='ltr'><strong>praedicti</strong></span> <span class='ocrx_word' id='word_1_148' title='bbox 1156 1733 1256 1798; x_wconf 90' lang='lat' dir='ltr'><strong>incola,</strong></span> 
     </span>
     <span class='ocr_line' id='line_1_15' title="bbox 18 1829 1257 1900; baseline 0.001 -17"><span class='ocrx_word' id='word_1_149' title='bbox 18 1835 89 1883; x_wconf 82' lang='lat' dir='ltr'><strong>nata</strong></span> <span class='ocrx_word' id='word_1_150' title='bbox 102 1834 195 1883; x_wconf 88' lang='lat' dir='ltr'><strong>tamen</strong></span> <span class='ocrx_word' id='word_1_151' title='bbox 207 1829 243 1883; x_wconf 90' lang='lat' dir='ltr'><strong>de</strong></span> <span class='ocrx_word' id='word_1_152' title='bbox 254 1831 396 1896; x_wconf 85' lang='lat' dir='ltr'><strong>parrochia</strong></span> <span class='ocrx_word' id='word_1_153' title='bbox 408 1831 573 1899; x_wconf 88' lang='lat' dir='ltr'><strong>supradicta,</strong></span> <span class='ocrx_word' id='word_1_154' title='bbox 588 1844 658 1897; x_wconf 90' lang='lat' dir='ltr'><strong>quae</strong></span> <span class='ocrx_word' id='word_1_155' title='bbox 670 1831 765 1884; x_wconf 92' lang='lat' dir='ltr'><strong>limina</strong></span> <span class='ocrx_word' id='word_1_156' title='bbox 784 1831 872 1884; x_wconf 91' lang='lat' dir='ltr'><strong>sancti</strong></span> <span class='ocrx_word' id='word_1_157' title='bbox 892 1831 1039 1900; x_wconf 91' lang='lat' dir='ltr'><strong>aliquando</strong></span> <span class='ocrx_word' id='word_1_158' title='bbox 1056 1830 1212 1886; x_wconf 73' lang='lat' dir='ltr'><strong>visitaverat</strong></span> <span class='ocrx_word' id='word_1_159' title='bbox 1229 1836 1257 1885; x_wconf 89' lang='lat' dir='ltr'><strong>et</strong></span> 
     </span>
     <span class='ocr_line' id='line_1_16' title="bbox 19 1930 1257 2000; baseline -0.001 -16"><span class='ocrx_word' id='word_1_160' title='bbox 19 1934 92 1984; x_wconf 83' lang='lat' dir='ltr'><strong>tunc</strong></span> <span class='ocrx_word' id='word_1_161' title='bbox 104 1935 133 1983; x_wconf 91' lang='lat' dir='ltr'><strong>et</strong></span> <span class='ocrx_word' id='word_1_162' title='bbox 144 1936 208 1984; x_wconf 91' lang='lat' dir='ltr'><strong>ante</strong></span> <span class='ocrx_word' id='word_1_163' title='bbox 221 1932 305 1984; x_wconf 90' lang='lat' dir='ltr'><strong>multa</strong></span> <span class='ocrx_word' id='word_1_164' title='bbox 318 1932 353 1985; x_wconf 90' lang='lat' dir='ltr'><strong>de</strong></span> <span class='ocrx_word' id='word_1_165' title='bbox 365 1932 504 1986; x_wconf 85' lang='lat' dir='ltr'><strong>miraculis</strong></span> <span class='ocrx_word' id='word_1_166' title='bbox 524 1933 583 1999; x_wconf 87' lang='lat' dir='ltr'><strong>ejus</strong></span> <span class='ocrx_word' id='word_1_167' title='bbox 600 1931 733 1996; x_wconf 89' lang='lat' dir='ltr'><strong>audierat,</strong></span> <span class='ocrx_word' id='word_1_168' title='bbox 756 1930 790 1984; x_wconf 92' lang='lat' dir='ltr'><strong>ad</strong></span> <span class='ocrx_word' id='word_1_169' title='bbox 811 1931 924 1984; x_wconf 91' lang='lat' dir='ltr'><strong>domum</strong></span> <span class='ocrx_word' id='word_1_170' title='bbox 937 1931 1091 1998; x_wconf 86' lang='lat' dir='ltr'><strong>praedictae</strong></span> <span class='ocrx_word' id='word_1_171' title='bbox 1104 1932 1257 2000; x_wconf 88' lang='lat' dir='ltr'><strong>energumi-</strong></span> 
     </span>
     <span class='ocr_line' id='line_1_17' title="bbox 17 2029 1257 2097; baseline 0 -13"><span class='ocrx_word' id='word_1_172' title='bbox 17 2042 77 2084; x_wconf 89' lang='lat' dir='ltr'><strong>nae</strong></span> <span class='ocrx_word' id='word_1_173' title='bbox 88 2042 170 2083; x_wconf 77' lang='lat' dir='ltr'><strong>causa</strong></span> <span class='ocrx_word' id='word_1_174' title='bbox 192 2029 354 2084; x_wconf 85' lang='lat' dir='ltr'><strong>visitationis</strong></span> <span class='ocrx_word' id='word_1_175' title='bbox 376 2031 520 2095; x_wconf 89' lang='lat' dir='ltr'><strong>accedens,</strong></span> <span class='ocrx_word' id='word_1_176' title='bbox 540 2037 571 2084; x_wconf 90' lang='lat' dir='ltr'><strong>ut</strong></span> <span class='ocrx_word' id='word_1_177' title='bbox 590 2032 676 2097; x_wconf 93' lang='lat' dir='ltr'><strong>ipsam</strong></span> <span class='ocrx_word' id='word_1_178' title='bbox 697 2032 763 2084; x_wconf 90' lang='lat' dir='ltr'><strong>vidit</strong></span> <span class='ocrx_word' id='word_1_179' title='bbox 784 2031 872 2084; x_wconf 90' lang='lat' dir='ltr'><strong>taliter</strong></span> <span class='ocrx_word' id='word_1_180' title='bbox 893 2029 1087 2095; x_wconf 84' lang='lat' dir='ltr'><strong>infirmantem,</strong></span> <span class='ocrx_word' id='word_1_181' title='bbox 1106 2031 1257 2084; x_wconf 89' lang='lat' dir='ltr'><strong>demeritis</strong></span> 
     </span>
     <span class='ocr_line' id='line_1_18' title="bbox 15 2128 1256 2199; baseline 0 -15"><span class='ocrx_word' id='word_1_182' title='bbox 15 2130 111 2184; x_wconf 64' lang='lat' dir='ltr'><strong>uncti</strong></span> <span class='ocrx_word' id='word_1_183' title='bbox 125 2129 277 2194; x_wconf 88' lang='lat' dir='ltr'><strong>confidens,</strong></span> <span class='ocrx_word' id='word_1_184' title='bbox 291 2131 417 2184; x_wconf 90' lang='lat' dir='ltr'><strong>maritum</strong></span> <span class='ocrx_word' id='word_1_185' title='bbox 430 2133 489 2199; x_wconf 85' lang='lat' dir='ltr'><strong>ejus</strong></span> <span class='ocrx_word' id='word_1_186' title='bbox 501 2131 535 2184; x_wconf 91' lang='lat' dir='ltr'><strong>ad</strong></span> <span class='ocrx_word' id='word_1_187' title='bbox 557 2132 608 2184; x_wconf 90' lang='lat' dir='ltr'><strong>boc</strong></span> <span class='ocrx_word' id='word_1_188' title='bbox 630 2130 736 2183; x_wconf 80' lang='lat' dir='ltr'><strong>induxit</strong></span> <span class='ocrx_word' id='word_1_189' title='bbox 754 2129 829 2197; x_wconf 93' lang='lat' dir='ltr'><strong>quod</strong></span> <span class='ocrx_word' id='word_1_190' title='bbox 846 2131 919 2183; x_wconf 92' lang='lat' dir='ltr'><strong>vovit</strong></span> <span class='ocrx_word' id='word_1_191' title='bbox 930 2143 959 2182; x_wconf 90' lang='lat' dir='ltr'><strong>se</strong></span> <span class='ocrx_word' id='word_1_192' title='bbox 971 2129 1114 2183; x_wconf 91' lang='lat' dir='ltr'><strong>mulierem</strong></span> <span class='ocrx_word' id='word_1_193' title='bbox 1127 2128 1161 2183; x_wconf 91' lang='lat' dir='ltr'><strong>ad</strong></span> <span class='ocrx_word' id='word_1_194' title='bbox 1171 2133 1256 2184; x_wconf 84' lang='lat' dir='ltr'><strong>ceno·</strong></span> 
     </span>
     <span class='ocr_line' id='line_1_19' title="bbox 14 2226 1257 2295; baseline 0 -14"><span class='ocrx_word' id='word_1_195' title='bbox 14 2239 206 2281; x_wconf 81' lang='lat' dir='ltr'><strong>maranensem</strong></span> <span class='ocrx_word' id='word_1_196' title='bbox 220 2229 362 2282; x_wconf 88' lang='lat' dir='ltr'><strong>ecclesiam</strong></span> <span class='ocrx_word' id='word_1_197' title='bbox 376 2234 403 2281; x_wconf 92' lang='lat' dir='ltr'><strong>et</strong></span> <span class='ocrx_word' id='word_1_198' title='bbox 416 2229 501 2281; x_wconf 87' lang='lat' dir='ltr'><strong>saneti</strong></span> <span class='ocrx_word' id='word_1_199' title='bbox 514 2228 644 2294; x_wconf 86' lang='lat' dir='ltr'><strong>reliquias</strong></span> <span class='ocrx_word' id='word_1_200' title='bbox 656 2226 794 2281; x_wconf 88' lang='lat' dir='ltr'><strong>adducere</strong></span> <span class='ocrx_word' id='word_1_201' title='bbox 805 2228 847 2281; x_wconf 90' lang='lat' dir='ltr'><strong>vel</strong></span> <span class='ocrx_word' id='word_1_202' title='bbox 861 2228 976 2294; x_wconf 90' lang='lat' dir='ltr'><strong>mittere,</strong></span> <span class='ocrx_word' id='word_1_203' title='bbox 988 2229 1031 2281; x_wconf 90' lang='lat' dir='ltr'><strong>vel</strong></span> <span class='ocrx_word' id='word_1_204' title='bbox 1042 2241 1072 2281; x_wconf 88' lang='lat' dir='ltr'><strong>se</strong></span> <span class='ocrx_word' id='word_1_205' title='bbox 1085 2241 1134 2294; x_wconf 92' lang='lat' dir='ltr'><strong>pro</strong></span> <span class='ocrx_word' id='word_1_206' title='bbox 1144 2242 1175 2281; x_wconf 89' lang='lat' dir='ltr'><strong>ea</strong></span> <span class='ocrx_word' id='word_1_207' title='bbox 1187 2229 1257 2295; x_wconf 80' lang='lat' dir='ltr'><strong>ejus</strong></span> 
     </span>
     <span class='ocr_line' id='line_1_20' title="bbox 14 2326 1256 2395; baseline -0.001 -14"><span class='ocrx_word' id='word_1_208' title='bbox 14 2326 86 2381; x_wconf 85' lang='lat' dir='ltr'><strong>dem</strong></span> <span class='ocrx_word' id='word_1_209' title='bbox 99 2327 186 2378; x_wconf 90' lang='lat' dir='ltr'><strong>sancti</strong></span> <span class='ocrx_word' id='word_1_210' title='bbox 199 2327 294 2380; x_wconf 90' lang='lat' dir='ltr'><strong>limina</strong></span> <span class='ocrx_word' id='word_1_211' title='bbox 305 2329 425 2381; x_wconf 89' lang='lat' dir='ltr'><strong>visitare.</strong></span> <span class='ocrx_word' id='word_1_212' title='bbox 439 2329 508 2392; x_wconf 83' lang='lat' dir='ltr'><strong>Quid</strong></span> <span class='ocrx_word' id='word_1_213' title='bbox 520 2328 598 2394; x_wconf 91' lang='lat' dir='ltr'><strong>plura</strong></span> <span class='ocrx_word' id='word_1_214' title='bbox 609 2331 621 2380; x_wconf 82' lang='lat' dir='ltr'><strong>t</strong></span> <span class='ocrx_word' id='word_1_215' title='bbox 634 2328 755 2380; x_wconf 82' lang='lat' dir='ltr'><strong>Praelata</strong></span> <span class='ocrx_word' id='word_1_216' title='bbox 767 2333 890 2381; x_wconf 90' lang='lat' dir='ltr'><strong>matrona</strong></span> <span class='ocrx_word' id='word_1_217' title='bbox 903 2328 1071 2395; x_wconf 90' lang='lat' dir='ltr'><strong>praediolum</strong></span> <span class='ocrx_word' id='word_1_218' title='bbox 1082 2341 1172 2394; x_wconf 90' lang='lat' dir='ltr'><strong>suum,</strong></span> <span class='ocrx_word' id='word_1_219' title='bbox 1182 2327 1256 2395; x_wconf 93' lang='lat' dir='ltr'><strong>quod</strong></span> 
     </span>
     <span class='ocr_line' id='line_1_21' title="bbox 15 2425 1252 2498; baseline 0.001 -19"><span class='ocrx_word' id='word_1_220' title='bbox 15 2436 82 2479; x_wconf 85' lang='lat' dir='ltr'><strong>non</strong></span> <span class='ocrx_word' id='word_1_221' title='bbox 95 2425 177 2493; x_wconf 90' lang='lat' dir='ltr'><strong>longe</strong></span> <span class='ocrx_word' id='word_1_222' title='bbox 186 2425 330 2479; x_wconf 90' lang='lat' dir='ltr'><strong>dimidium</strong></span> <span class='ocrx_word' id='word_1_223' title='bbox 344 2428 449 2480; x_wconf 88' lang='lat' dir='ltr'><strong>miliare</strong></span> <span class='ocrx_word' id='word_1_224' title='bbox 462 2427 590 2493; x_wconf 88' lang='lat' dir='ltr'><strong>distabat,</strong></span> <span class='ocrx_word' id='word_1_225' title='bbox 604 2428 679 2491; x_wconf 92' lang='lat' dir='ltr'><strong>adiit,</strong></span> <span class='ocrx_word' id='word_1_226' title='bbox 693 2432 719 2481; x_wconf 91' lang='lat' dir='ltr'><strong>et</strong></span> <span class='ocrx_word' id='word_1_227' title='bbox 731 2427 830 2479; x_wconf 84' lang='lat' dir='ltr'><strong>exinde</strong></span> <span class='ocrx_word' id='word_1_228' title='bbox 843 2428 903 2480; x_wconf 90' lang='lat' dir='ltr'><strong>sine</strong></span> <span class='ocrx_word' id='word_1_229' title='bbox 913 2440 988 2480; x_wconf 93' lang='lat' dir='ltr'><strong>mora</strong></span> <span class='ocrx_word' id='word_1_230' title='bbox 1001 2426 1034 2480; x_wconf 89' lang='lat' dir='ltr'><strong>ad</strong></span> <span class='ocrx_word' id='word_1_231' title='bbox 1048 2428 1158 2498; x_wconf 89' lang='lat' dir='ltr'><strong>domum</strong></span> <span class='ocrx_word' id='word_1_232' title='bbox 1172 2440 1252 2493; x_wconf 86' lang='lat' dir='ltr'><strong>prae·</strong></span> 
     </span>
     <span class='ocr_line' id='line_1_22' title="bbox 17 2524 1255 2593; baseline 0 -14"><span class='ocrx_word' id='word_1_233' title='bbox 17 2524 116 2579; x_wconf 86' lang='lat' dir='ltr'><strong>dictae</strong></span> <span class='ocrx_word' id='word_1_234' title='bbox 128 2526 323 2592; x_wconf 88' lang='lat' dir='ltr'><strong>energuminae</strong></span> <span class='ocrx_word' id='word_1_235' title='bbox 335 2526 455 2593; x_wconf 92' lang='lat' dir='ltr'><strong>rediens,</strong></span> <span class='ocrx_word' id='word_1_236' title='bbox 468 2527 571 2581; x_wconf 89' lang='lat' dir='ltr'><strong>invenit</strong></span> <span class='ocrx_word' id='word_1_237' title='bbox 579 2527 695 2580; x_wconf 89' lang='lat' dir='ltr'><strong>eandem</strong></span> <span class='ocrx_word' id='word_1_238' title='bbox 708 2527 914 2580; x_wconf 85' lang='lat' dir='ltr'><strong>ratiocinantem</strong></span> <span class='ocrx_word' id='word_1_239' title='bbox 924 2533 952 2580; x_wconf 92' lang='lat' dir='ltr'><strong>et</strong></span> <span class='ocrx_word' id='word_1_240' title='bbox 961 2528 1113 2579; x_wconf 86' lang='lat' dir='ltr'><strong>restitutam</strong></span> <span class='ocrx_word' id='word_1_241' title='bbox 1126 2526 1255 2592; x_wconf 90' lang='lat' dir='ltr'><strong>pristinae</strong></span> 
     </span>
     <span class='ocr_line' id='line_1_23' title="bbox 16 2624 146 2678; baseline -0.008 0"><span class='ocrx_word' id='word_1_242' title='bbox 16 2624 146 2678; x_wconf 76' lang='lat' dir='ltr'><strong>sanitati.</strong></span> 
     </span>
    </p>

    <p class='ocr_par' dir='ltr' id='par_1_3' title="bbox 10 2702 1255 3482">
     <span class='ocr_line' id='line_1_24' title="bbox 53 2702 1255 2793; baseline 0.002 -20"><span class='ocrx_word' id='word_1_243' title='bbox 53 2721 90 2774; x_wconf 78' lang='grc'><strong>6.</strong></span> <span class='ocrx_word' id='word_1_244' title='bbox 103 2722 161 2774; x_wconf 84' lang='lat' dir='ltr'><strong>Sub</strong></span> <span class='ocrx_word' id='word_1_245' title='bbox 174 2723 272 2776; x_wconf 91' lang='lat' dir='ltr'><strong>eodem</strong></span> <span class='ocrx_word' id='word_1_246' title='bbox 285 2702 407 2790; x_wconf 85' lang='lat' dir='ltr'><strong>tempore</strong></span> <span class='ocrx_word' id='word_1_247' title='bbox 419 2739 488 2793; x_wconf 89' lang='lat' dir='ltr'><strong>puer</strong></span> <span class='ocrx_word' id='word_1_248' title='bbox 499 2725 610 2793; x_wconf 87' lang='lat' dir='ltr'><strong>quidem</strong></span> <span class='ocrx_word' id='word_1_249' title='bbox 623 2726 763 2791; x_wconf 88' lang='lat' dir='ltr'><strong>septennis</strong></span> <span class='ocrx_word' id='word_1_250' title='bbox 780 2725 814 2777; x_wconf 89' lang='lat' dir='ltr'><strong>de</strong></span> <span class='ocrx_word' id='word_1_251' title='bbox 828 2725 890 2777; x_wconf 92' lang='lat' dir='ltr'><strong>villa</strong></span> <span class='ocrx_word' id='word_1_252' title='bbox 910 2738 980 2792; x_wconf 92' lang='lat' dir='ltr'><strong>quae</strong></span> <span class='ocrx_word' id='word_1_253' title='bbox 999 2725 1079 2792; x_wconf 90' lang='lat' dir='ltr'><strong>vulgo</strong></span> <span class='ocrx_word' id='word_1_254' title='bbox 1096 2727 1255 2792; x_wconf 83' lang='lat' dir='ltr'><strong>corputram</strong></span> 
     </span>
     <span class='ocr_line' id='line_1_25' title="bbox 13 2820 1255 2889; baseline 0 -14"><span class='ocrx_word' id='word_1_255' title='bbox 13 2820 187 2887; x_wconf 75' lang='lat' dir='ltr'><strong>appellatur,</strong></span> <span class='ocrx_word' id='word_1_256' title='bbox 199 2836 263 2876; x_wconf 88' lang='lat' dir='ltr'><strong>cum</strong></span> <span class='ocrx_word' id='word_1_257' title='bbox 281 2837 296 2876; x_wconf 92' lang='lat' dir='ltr'><strong>a</strong></span> <span class='ocrx_word' id='word_1_258' title='bbox 309 2825 447 2878; x_wconf 91' lang='lat' dir='ltr'><strong>nativitate</strong></span> <span class='ocrx_word' id='word_1_259' title='bbox 458 2825 557 2878; x_wconf 92' lang='lat' dir='ltr'><strong>surdus</strong></span> <span class='ocrx_word' id='word_1_260' title='bbox 570 2831 597 2877; x_wconf 91' lang='lat' dir='ltr'><strong>et</strong></span> <span class='ocrx_word' id='word_1_261' title='bbox 609 2832 700 2877; x_wconf 91' lang='lat' dir='ltr'><strong>mutus</strong></span> <span class='ocrx_word' id='word_1_262' title='bbox 718 2831 799 2889; x_wconf 89' lang='lat' dir='ltr'><strong>esset,</strong></span> <span class='ocrx_word' id='word_1_263' title='bbox 812 2838 874 2877; x_wconf 89' lang='lat' dir='ltr'><strong>cum</strong></span> <span class='ocrx_word' id='word_1_264' title='bbox 893 2829 978 2877; x_wconf 90' lang='lat' dir='ltr'><strong>matre</strong></span> <span class='ocrx_word' id='word_1_265' title='bbox 997 2837 1046 2878; x_wconf 91' lang='lat' dir='ltr'><strong>sua</strong></span> <span class='ocrx_word' id='word_1_266' title='bbox 1060 2825 1135 2877; x_wconf 91' lang='lat' dir='ltr'><strong>venit</strong></span> <span class='ocrx_word' id='word_1_267' title='bbox 1151 2823 1186 2877; x_wconf 91' lang='lat' dir='ltr'><strong>ad</strong></span> <span class='ocrx_word' id='word_1_268' title='bbox 1204 2825 1255 2877; x_wconf 88' lang='lat' dir='ltr'><strong>sol·</strong></span> 
     </span>
     <span class='ocr_line' id='line_1_26' title="bbox 10 2918 1249 2991; baseline 0.003 -18"><span class='ocrx_word' id='word_1_269' title='bbox 10 2918 201 2973; x_wconf 87' lang='lat' dir='ltr'><strong>lemnitatem.</strong></span> <span class='ocrx_word' id='word_1_270' title='bbox 216 2922 341 2985; x_wconf 83' lang='lat' dir='ltr'><strong>Quicum</strong></span> <span class='ocrx_word' id='word_1_271' title='bbox 361 2923 395 2976; x_wconf 92' lang='lat' dir='ltr'><strong>ad</strong></span> <span class='ocrx_word' id='word_1_272' title='bbox 416 2925 501 2977; x_wconf 88' lang='lat' dir='ltr'><strong>altare</strong></span> <span class='ocrx_word' id='word_1_273' title='bbox 522 2931 646 2977; x_wconf 87' lang='lat' dir='ltr'><strong>sanctum</strong></span> <span class='ocrx_word' id='word_1_274' title='bbox 667 2925 796 2989; x_wconf 87' lang='lat' dir='ltr'><strong>expansis</strong></span> <span class='ocrx_word' id='word_1_275' title='bbox 814 2924 940 2976; x_wconf 89' lang='lat' dir='ltr'><strong>manibus</strong></span> <span class='ocrx_word' id='word_1_276' title='bbox 952 2937 1042 2991; x_wconf 86' lang='lat' dir='ltr'><strong>genua</strong></span> <span class='ocrx_word' id='word_1_277' title='bbox 1054 2922 1182 2989; x_wconf 82' lang='lat' dir='ltr'><strong>flexisset,</strong></span> <span class='ocrx_word' id='word_1_278' title='bbox 1197 2924 1249 2977; x_wconf 89' lang='lat' dir='ltr'><strong>sub</strong></span> 
     </span>
     <span class='ocr_line' id='line_1_27' title="bbox 10 3018 1252 3089; baseline 0.002 -16"><span class='ocrx_word' id='word_1_279' title='bbox 10 3018 184 3073; x_wconf 86' lang='lat' dir='ltr'><strong>brevissimo</strong></span> <span class='ocrx_word' id='word_1_280' title='bbox 196 3021 336 3075; x_wconf 88' lang='lat' dir='ltr'><strong>intervallo</strong></span> <span class='ocrx_word' id='word_1_281' title='bbox 348 3023 573 3089; x_wconf 75' lang='lat' dir='ltr'><strong>gloriosissimam</strong></span> <span class='ocrx_word' id='word_1_282' title='bbox 594 3023 642 3076; x_wconf 83' lang='lat' dir='ltr'><strong>liei</strong></span> <span class='ocrx_word' id='word_1_283' title='bbox 660 3030 776 3075; x_wconf 90' lang='lat' dir='ltr'><strong>matrem</strong></span> <span class='ocrx_word' id='word_1_284' title='bbox 792 3027 820 3076; x_wconf 88' lang='lat' dir='ltr'><strong>et</strong></span> <span class='ocrx_word' id='word_1_285' title='bbox 837 3023 1024 3076; x_wconf 85' lang='lat' dir='ltr'><strong>beatissimum</strong></span> <span class='ocrx_word' id='word_1_286' title='bbox 1041 3023 1180 3076; x_wconf 85' lang='lat' dir='ltr'><strong>lulianum</strong></span> <span class='ocrx_word' id='word_1_287' title='bbox 1197 3023 1252 3076; x_wconf 90' lang='lat' dir='ltr'><strong>alta</strong></span> 
     </span>
     <span class='ocr_line' id='line_1_28' title="bbox 10 3119 1251 3189; baseline 0 -16"><span class='ocrx_word' id='word_1_288' title='bbox 10 3130 97 3182; x_wconf 80' lang='lat' dir='ltr'><strong>voce,</strong></span> <span class='ocrx_word' id='word_1_289' title='bbox 111 3119 204 3172; x_wconf 89' lang='lat' dir='ltr'><strong>multis</strong></span> <span class='ocrx_word' id='word_1_290' title='bbox 216 3121 264 3187; x_wconf 90' lang='lat' dir='ltr'><strong>qui</strong></span> <span class='ocrx_word' id='word_1_291' title='bbox 284 3121 398 3175; x_wconf 90' lang='lat' dir='ltr'><strong>aderant</strong></span> <span class='ocrx_word' id='word_1_292' title='bbox 417 3123 603 3189; x_wconf 84' lang='lat' dir='ltr'><strong>audientibus,</strong></span> <span class='ocrx_word' id='word_1_293' title='bbox 620 3121 783 3189; x_wconf 88' lang='lat' dir='ltr'><strong>appellavit;</strong></span> <span class='ocrx_word' id='word_1_294' title='bbox 804 3123 898 3189; x_wconf 91' lang='lat' dir='ltr'><strong>sicque</strong></span> <span class='ocrx_word' id='word_1_295' title='bbox 908 3121 1108 3189; x_wconf 78' lang='lat' dir='ltr'><strong>jucunditatem</strong></span> <span class='ocrx_word' id='word_1_296' title='bbox 1120 3121 1251 3176; x_wconf 91' lang='lat' dir='ltr'><strong>audiendi</strong></span> 
     </span>
     <span class='ocr_line' id='line_1_29' title="bbox 10 3217 1251 3288; baseline 0.001 -16"><span class='ocrx_word' id='word_1_297' title='bbox 10 3223 42 3272; x_wconf 74' lang='lat' dir='ltr'><strong>et</strong></span> <span class='ocrx_word' id='word_1_298' title='bbox 53 3217 194 3284; x_wconf 89' lang='lat' dir='ltr'><strong>loquendi</strong></span> <span class='ocrx_word' id='word_1_299' title='bbox 207 3220 428 3274; x_wconf 86' lang='lat' dir='ltr'><strong>commoditatem</strong></span> <span class='ocrx_word' id='word_1_300' title='bbox 450 3221 564 3288; x_wconf 88' lang='lat' dir='ltr'><strong>accepit.</strong></span> <span class='ocrx_word' id='word_1_301' title='bbox 587 3222 640 3274; x_wconf 89' lang='lat' dir='ltr'><strong>sed</strong></span> <span class='ocrx_word' id='word_1_302' title='bbox 658 3236 720 3276; x_wconf 91' lang='lat' dir='ltr'><strong>cum</strong></span> <span class='ocrx_word' id='word_1_303' title='bbox 739 3234 831 3274; x_wconf 91' lang='lat' dir='ltr'><strong>rerum</strong></span> <span class='ocrx_word' id='word_1_304' title='bbox 850 3222 962 3274; x_wconf 88' lang='lat' dir='ltr'><strong>nomina</strong></span> <span class='ocrx_word' id='word_1_305' title='bbox 980 3222 1089 3287; x_wconf 90' lang='lat' dir='ltr'><strong>penitus</strong></span> <span class='ocrx_word' id='word_1_306' title='bbox 1104 3222 1251 3288; x_wconf 89' lang='lat' dir='ltr'><strong>ignoraret,</strong></span> 
     </span>
     <span class='ocr_line' id='line_1_30' title="bbox 10 3319 1253 3389; baseline 0.003 -19"><span class='ocrx_word' id='word_1_307' title='bbox 10 3329 105 3387; x_wconf 86' lang='lat' dir='ltr'><strong>parvo</strong></span> <span class='ocrx_word' id='word_1_308' title='bbox 119 3322 242 3384; x_wconf 90' lang='lat' dir='ltr'><strong>tempore</strong></span> <span class='ocrx_word' id='word_1_309' title='bbox 253 3319 349 3372; x_wconf 90' lang='lat' dir='ltr'><strong>didicit</strong></span> <span class='ocrx_word' id='word_1_310' title='bbox 359 3334 403 3374; x_wconf 92' lang='lat' dir='ltr'><strong>rcs</strong></span> <span class='ocrx_word' id='word_1_311' title='bbox 422 3321 539 3387; x_wconf 90' lang='lat' dir='ltr'><strong>propriis</strong></span> <span class='ocrx_word' id='word_1_312' title='bbox 555 3322 714 3374; x_wconf 90' lang='lat' dir='ltr'><strong>nominibus</strong></span> <span class='ocrx_word' id='word_1_313' title='bbox 733 3321 870 3388; x_wconf 89' lang='lat' dir='ltr'><strong>appellare</strong></span> <span class='ocrx_word' id='word_1_314' title='bbox 889 3326 916 3374; x_wconf 89' lang='lat' dir='ltr'><strong>et</strong></span> <span class='ocrx_word' id='word_1_315' title='bbox 935 3321 1067 3374; x_wconf 89' lang='lat' dir='ltr'><strong>vocabula</strong></span> <span class='ocrx_word' id='word_1_316' title='bbox 1086 3322 1253 3389; x_wconf 81' lang='lat' dir='ltr'><strong>conjungere</strong></span> 
     </span>
     <span class='ocr_line' id='line_1_31' title="bbox 10 3415 824 3482; baseline 0.001 -12"><span class='ocrx_word' id='word_1_317' title='bbox 10 3415 90 3470; x_wconf 72' lang='lat' dir='ltr'><strong>odeo</strong></span> <span class='ocrx_word' id='word_1_318' title='bbox 102 3421 291 3482; x_wconf 87' lang='lat' dir='ltr'><strong>competenter</strong></span> <span class='ocrx_word' id='word_1_319' title='bbox 302 3423 329 3470; x_wconf 91' lang='lat' dir='ltr'><strong>et</strong></span> <span class='ocrx_word' id='word_1_320' title='bbox 340 3418 464 3471; x_wconf 86' lang='lat' dir='ltr'><strong>ordinate</strong></span> <span class='ocrx_word' id='word_1_321' title='bbox 477 3419 546 3471; x_wconf 89' lang='lat' dir='ltr'><strong>sicut</strong></span> <span class='ocrx_word' id='word_1_322' title='bbox 558 3420 627 3472; x_wconf 88' lang='lat' dir='ltr'><strong>alius</strong></span> <span class='ocrx_word' id='word_1_323' title='bbox 640 3417 737 3472; x_wconf 90' lang='lat' dir='ltr'><strong>aetatis</strong></span> <span class='ocrx_word' id='word_1_324' title='bbox 750 3431 824 3471; x_wconf 92' lang='lat' dir='ltr'><strong>suae.</strong></span> 
     </span>
    </p>

    <p class='ocr_par' dir='ltr' id='par_1_4' title="bbox 10 3513 1253 4181">
     <span class='ocr_line' id='line_1_32' title="bbox 42 3513 1252 3584; baseline 0 -16"><span class='ocrx_word' id='word_1_325' title='bbox 42 3515 84 3568; x_wconf 78' lang='lat'><strong>¹7.</strong></span> <span class='ocrx_word' id='word_1_326' title='bbox 96 3513 204 3567; x_wconf 78' lang='lat' dir='ltr'><strong>Nedum</strong></span> <span class='ocrx_word' id='word_1_327' title='bbox 215 3529 280 3570; x_wconf 89' lang='lat' dir='ltr'><strong>vero</strong></span> <span class='ocrx_word' id='word_1_328' title='bbox 293 3519 435 3570; x_wconf 88' lang='lat' dir='ltr'><strong>sanctitate</strong></span> <span class='ocrx_word' id='word_1_329' title='bbox 446 3518 518 3571; x_wconf 88' lang='lat' dir='ltr'><strong>vitae</strong></span> <span class='ocrx_word' id='word_1_330' title='bbox 530 3530 561 3571; x_wconf 90' lang='lat' dir='ltr'><strong>ac</strong></span> <span class='ocrx_word' id='word_1_331' title='bbox 573 3519 672 3571; x_wconf 90' lang='lat' dir='ltr'><strong>virtute</strong></span> <span class='ocrx_word' id='word_1_332' title='bbox 685 3517 881 3571; x_wconf 90' lang='lat' dir='ltr'><strong>miraculorum</strong></span> <span class='ocrx_word' id='word_1_333' title='bbox 893 3523 921 3570; x_wconf 92' lang='lat' dir='ltr'><strong>et</strong></span> <span class='ocrx_word' id='word_1_334' title='bbox 938 3518 1031 3570; x_wconf 89' lang='lat' dir='ltr'><strong>vivens</strong></span> <span class='ocrx_word' id='word_1_335' title='bbox 1048 3518 1077 3570; x_wconf 94' lang='lat' dir='ltr'><strong>in</strong></span> <span class='ocrx_word' id='word_1_336' title='bbox 1096 3530 1211 3584; x_wconf 90' lang='lat' dir='ltr'><strong>corpore</strong></span> <span class='ocrx_word' id='word_1_337' title='bbox 1225 3521 1252 3570; x_wconf 90' lang='lat' dir='ltr'><strong>et</strong></span> 
     </span>
     <span class='ocr_line' id='line_1_33' title="bbox 10 3615 1252 3685; baseline 0.001 -17"><span class='ocrx_word' id='word_1_338' title='bbox 10 3621 79 3685; x_wconf 85' lang='lat' dir='ltr'><strong>post</strong></span> <span class='ocrx_word' id='word_1_339' title='bbox 91 3615 154 3681; x_wconf 89' lang='lat' dir='ltr'><strong>ejus</strong></span> <span class='ocrx_word' id='word_1_340' title='bbox 164 3616 309 3668; x_wconf 90' lang='lat' dir='ltr'><strong>transitum</strong></span> <span class='ocrx_word' id='word_1_341' title='bbox 331 3618 359 3668; x_wconf 95' lang='lat' dir='ltr'><strong>in</strong></span> <span class='ocrx_word' id='word_1_342' title='bbox 381 3616 464 3670; x_wconf 92' lang='lat' dir='ltr'><strong>vitam</strong></span> <span class='ocrx_word' id='word_1_343' title='bbox 478 3618 587 3670; x_wconf 86' lang='lat' dir='ltr'><strong>beatam</strong></span> <span class='ocrx_word' id='word_1_344' title='bbox 601 3618 698 3670; x_wconf 87' lang='lat' dir='ltr'><strong>claruit</strong></span> <span class='ocrx_word' id='word_1_345' title='bbox 716 3619 756 3670; x_wconf 90' lang='lat' dir='ltr'><strong>vir</strong></span> <span class='ocrx_word' id='word_1_346' title='bbox 774 3618 824 3670; x_wconf 91' lang='lat' dir='ltr'><strong>iste</strong></span> <span class='ocrx_word' id='word_1_347' title='bbox 843 3622 963 3677; x_wconf 88' lang='lat' dir='ltr'><strong>sanctus,</strong></span> <span class='ocrx_word' id='word_1_348' title='bbox 976 3617 1023 3669; x_wconf 89' lang='lat' dir='ltr'><strong>sed</strong></span> <span class='ocrx_word' id='word_1_349' title='bbox 1036 3622 1063 3669; x_wconf 92' lang='lat' dir='ltr'><strong>et</strong></span> <span class='ocrx_word' id='word_1_350' title='bbox 1075 3617 1207 3683; x_wconf 88' lang='lat' dir='ltr'><strong>sapientia</strong></span> <span class='ocrx_word' id='word_1_351' title='bbox 1220 3629 1252 3669; x_wconf 91' lang='lat' dir='ltr'><strong>ac</strong></span> 
     </span>
     <span class='ocr_line' id='line_1_34' title="bbox 10 3713 1253 3783; baseline -0.004 -12"><span class='ocrx_word' id='word_1_352' title='bbox 10 3713 146 3771; x_wconf 83' lang='lat' dir='ltr'><strong>toctrina</strong></span> <span class='ocrx_word' id='word_1_353' title='bbox 168 3714 286 3768; x_wconf 86' lang='lat' dir='ltr'><strong>caelesti.</strong></span> <span class='ocrx_word' id='word_1_354' title='bbox 308 3718 374 3768; x_wconf 84' lang='lat' dir='ltr'><strong>llam</strong></span> <span class='ocrx_word' id='word_1_355' title='bbox 395 3728 491 3783; x_wconf 88' lang='lat' dir='ltr'><strong>graeca</strong></span> <span class='ocrx_word' id='word_1_356' title='bbox 512 3716 613 3782; x_wconf 92' lang='lat' dir='ltr'><strong>quippe</strong></span> <span class='ocrx_word' id='word_1_357' title='bbox 632 3721 660 3769; x_wconf 89' lang='lat' dir='ltr'><strong>et</strong></span> <span class='ocrx_word' id='word_1_358' title='bbox 679 3717 761 3768; x_wconf 89' lang='lat' dir='ltr'><strong>latina</strong></span> <span class='ocrx_word' id='word_1_359' title='bbox 773 3716 865 3783; x_wconf 90' lang='lat' dir='ltr'><strong>lingua</strong></span> <span class='ocrx_word' id='word_1_360' title='bbox 876 3716 978 3781; x_wconf 89' lang='lat' dir='ltr'><strong>peritus</strong></span> <span class='ocrx_word' id='word_1_361' title='bbox 991 3715 1050 3768; x_wconf 84' lang='lat' dir='ltr'><strong>luit.</strong></span> <span class='ocrx_word' id='word_1_362' title='bbox 1063 3715 1159 3782; x_wconf 79' lang='lat' dir='ltr'><strong>Aliqua</strong></span> <span class='ocrx_word' id='word_1_363' title='bbox 1172 3715 1253 3783; x_wconf 89' lang='lat' dir='ltr'><strong>igitur</strong></span> 
     </span>
     <span class='ocr_line' id='line_1_35' title="bbox 10 3813 1251 3886; baseline 0.001 -19"><span class='ocrx_word' id='word_1_364' title='bbox 10 3824 117 3886; x_wconf 64' lang='lat' dir='ltr'><strong>macco</strong></span> <span class='ocrx_word' id='word_1_365' title='bbox 129 3822 259 3867; x_wconf 84' lang='lat' dir='ltr'><strong>sermone</strong></span> <span class='ocrx_word' id='word_1_366' title='bbox 270 3813 366 3876; x_wconf 90' lang='lat' dir='ltr'><strong>edidit,</strong></span> <span class='ocrx_word' id='word_1_367' title='bbox 380 3814 463 3867; x_wconf 90' lang='lat' dir='ltr'><strong>latino</strong></span> <span class='ocrx_word' id='word_1_368' title='bbox 476 3828 586 3882; x_wconf 90' lang='lat' dir='ltr'><strong>quoque</strong></span> <span class='ocrx_word' id='word_1_369' title='bbox 602 3828 634 3868; x_wconf 87' lang='lat' dir='ltr'><strong>ac</strong></span> <span class='ocrx_word' id='word_1_370' title='bbox 653 3815 788 3882; x_wconf 85' lang='lat' dir='ltr'><strong>profundo</strong></span> <span class='ocrx_word' id='word_1_371' title='bbox 806 3827 932 3867; x_wconf 89' lang='lat' dir='ltr'><strong>sermone</strong></span> <span class='ocrx_word' id='word_1_372' title='bbox 949 3814 1033 3868; x_wconf 89' lang='lat' dir='ltr'><strong>libros</strong></span> <span class='ocrx_word' id='word_1_373' title='bbox 1050 3813 1205 3880; x_wconf 91' lang='lat' dir='ltr'><strong>composuit</strong></span> <span class='ocrx_word' id='word_1_374' title='bbox 1216 3814 1251 3868; x_wconf 90' lang='lat' dir='ltr'><strong>de</strong></span> 
     </span>
     <span class='ocr_line' id='line_1_36' title="bbox 10 3910 1251 3980; baseline -0.002 -11"><span class='ocrx_word' id='word_1_375' title='bbox 10 3912 173 3975; x_wconf 84' lang='lat' dir='ltr'><strong>livinitate,</strong></span> <span class='ocrx_word' id='word_1_376' title='bbox 186 3910 220 3965; x_wconf 91' lang='lat' dir='ltr'><strong>de</strong></span> <span class='ocrx_word' id='word_1_377' title='bbox 232 3912 346 3979; x_wconf 84' lang='lat' dir='ltr'><strong>angelis,</strong></span> <span class='ocrx_word' id='word_1_378' title='bbox 359 3913 394 3966; x_wconf 92' lang='lat' dir='ltr'><strong>de</strong></span> <span class='ocrx_word' id='word_1_379' title='bbox 414 3914 577 3966; x_wconf 87' lang='lat' dir='ltr'><strong>caelestibus</strong></span> <span class='ocrx_word' id='word_1_380' title='bbox 601 3915 748 3980; x_wconf 83' lang='lat' dir='ltr'><strong>mysteriis,</strong></span> <span class='ocrx_word' id='word_1_381' title='bbox 770 3913 805 3966; x_wconf 90' lang='lat' dir='ltr'><strong>de</strong></span> <span class='ocrx_word' id='word_1_382' title='bbox 827 3914 985 3966; x_wconf 91' lang='lat' dir='ltr'><strong>ministeriis</strong></span> <span class='ocrx_word' id='word_1_383' title='bbox 1003 3913 1202 3979; x_wconf 88' lang='lat' dir='ltr'><strong>ecclesiasticis,</strong></span> <span class='ocrx_word' id='word_1_384' title='bbox 1216 3913 1251 3966; x_wconf 90' lang='lat' dir='ltr'><strong>de</strong></span> 
     </span>
     <span class='ocr_line' id='line_1_37' title="bbox 10 4006 1251 4082; baseline -0.004 -13"><span class='ocrx_word' id='word_1_385' title='bbox 10 4010 150 4082; x_wconf 79' lang='lat' dir='ltr'><strong>mysterio</strong></span> <span class='ocrx_word' id='word_1_386' title='bbox 161 4011 285 4076; x_wconf 91' lang='lat' dir='ltr'><strong>corporis</strong></span> <span class='ocrx_word' id='word_1_387' title='bbox 298 4016 326 4064; x_wconf 90' lang='lat' dir='ltr'><strong>et</strong></span> <span class='ocrx_word' id='word_1_388' title='bbox 345 4006 487 4080; x_wconf 86' lang='lat' dir='ltr'><strong>sanguinis</strong></span> <span class='ocrx_word' id='word_1_389' title='bbox 508 4012 615 4066; x_wconf 86' lang='lat' dir='ltr'><strong>bomini</strong></span> <span class='ocrx_word' id='word_1_390' title='bbox 638 4014 722 4066; x_wconf 93' lang='lat' dir='ltr'><strong>nostri</strong></span> <span class='ocrx_word' id='word_1_391' title='bbox 736 4016 801 4065; x_wconf 84' lang='lat' dir='ltr'><strong>lesu</strong></span> <span class='ocrx_word' id='word_1_392' title='bbox 819 4013 928 4079; x_wconf 85' lang='lat' dir='ltr'><strong>Cbristi,</strong></span> <span class='ocrx_word' id='word_1_393' title='bbox 950 4013 993 4065; x_wconf 90' lang='lat' dir='ltr'><strong>rui</strong></span> <span class='ocrx_word' id='word_1_394' title='bbox 1014 4014 1111 4080; x_wconf 90' lang='lat' dir='ltr'><strong>bonor,</strong></span> <span class='ocrx_word' id='word_1_395' title='bbox 1125 4013 1210 4080; x_wconf 88' lang='lat' dir='ltr'><strong>gloria</strong></span> <span class='ocrx_word' id='word_1_396' title='bbox 1223 4016 1251 4066; x_wconf 88' lang='lat' dir='ltr'><strong>et</strong></span> 
     </span>
     <span class='ocr_line' id='line_1_38' title="bbox 10 4109 483 4181; baseline 0.002 -19"><span class='ocrx_word' id='word_1_397' title='bbox 10 4109 167 4181; x_wconf 77' lang='lat' dir='ltr'><strong>inperium</strong></span> <span class='ocrx_word' id='word_1_398' title='bbox 179 4109 208 4161; x_wconf 88' lang='lat' dir='ltr'><strong>in</strong></span> <span class='ocrx_word' id='word_1_399' title='bbox 220 4115 375 4163; x_wconf 88' lang='lat' dir='ltr'><strong>aeternum.</strong></span> <span class='ocrx_word' id='word_1_400' title='bbox 387 4114 483 4163; x_wconf 77' lang='lat' dir='ltr'><strong>Amen.</strong></span> 
     </span>
    </p>
   </div>
   <div class='ocr_carea' id='block_1_3' title="bbox 0 0 1572 5482">
    <p class='ocr_par' dir='ltr' id='par_1_5' title="bbox 0 0 1572 5482">
     <span class='ocr_line' id='line_1_39' title="bbox 0 0 1572 5482; baseline 0 2"><span class='ocrx_word' id='word_1_401' title='bbox 0 0 1572 5482; x_wconf 95' lang='lat' dir='ltr'><strong> </strong></span> 
     </span>
    </p>
   </div>
  </div>
 </body>
</html>
