3136 5482
309 363 401 414 aran.
422 363 507 414 unu.
526 364 643 414 annis.
661 383 707 394 -
725 364 878 414 nerano.
898 364 945 414 no
961 362 1039 413 oon.
1060 359 1133 410 aare.
1267 343 1333 409 449

126 534 268 585 natatum
289 531 373 585 vitae
384 532 568 600 pristinum,
581 530 636 599 qut
646 532 733 586 solua
753 531 923 600 mortificat
940 533 970 584 et
986 530 1134 599 vivificat,
1148 529 1274 584 deducit
1291 527 1333 581 ad

126 629 227 698 iseros
246 633 275 684 et
292 630 424 685 reducit.
437 634 468 686 Ut
488 644 554 686 vero
566 633 676 685 sanctus
697 631 744 684 bei
757 632 875 684 ramulus
888 630 970 685 tinem
988 631 1096 684 dicendi
1109 628 1182 696 iecit,
1195 629 1229 682 ad
1246 633 1333 682 orato·

126 744 177 799 um
190 744 271 784 suum
283 732 408 798 plurimis
428 730 570 785 hominum
591 732 787 785 comitantibus
799 745 924 799 gressum
937 729 1063 784 intendit.
1077 732 1150 783 inter
1160 742 1230 797 quos
1244 728 1337 782 iehan

126 831 286 896 rmebunda,
299 831 396 887 faciam
415 829 518 885 suffusa
539 832 658 886 lacrimis
670 832 734 895 ibat,
749 836 777 885 et
786 838 877 885 natam
898 845 975 885 suam
992 829 1063 899 [sua]
1079 830 1159 897 culpa
1179 830 1333 883 exanimem

126 943 136 982 i
149 930 219 985 uina
231 930 345 998 terebat,
358 936 384 985 et
396 936 459 984 ante
481 932 567 985 sancti
581 931 666 998 pedes
687 930 759 984 tiliae
779 943 878 997 corpus
891 931 919 983 in
932 935 1033 983 terram
1045 930 1146 997 posuit,
1160 929 1254 996 sicque
1269 940 1336 982 voco

126 1030 268 1084 animabili
281 1029 340 1083 infit
354 1046 360 1083 :
374 1030 464 1085 Hanc
474 1031 570 1085 redde
581 1029 661 1084 mitti
671 1032 721 1084 oet
731 1031 826 1084 redde
837 1030 906 1098 cibi,
920 1030 1091 1084 miseratus
1100 1028 1338 1096 utrumquem

126 1141 155 1184 te
174 1128 229 1197 sac
246 1129 341 1185 ceteri
359 1131 512 1197 iuuentem
532 1133 630 1185 morte
643 1130 761 1198 perire.
782 1133 858 1184 iuna
886 1134 995 1183 sanctus
1016 1132 1147 1184 Ronanus
1168 1128 1256 1182 dolori
1278 1127 1337 1194 ejus

126 1228 286 1295 ompatiens,
298 1226 498 1295 universosque
510 1228 556 1295 qui
571 1228 685 1281 aderant
698 1229 821 1281 hortatus
833 1232 874 1280 est
891 1229 1020 1296 quatinus
1033 1228 1062 1280 in
1080 1239 1225 1282 commune
1244 1236 1338 1291 preces

126 1325 142 1378 d
154 1327 301 1379 bominum
313 1332 369 1380 tota
382 1327 481 1379 mentis
493 1327 645 1381 intentione
656 1340 706 1394 pro
720 1332 842 1381 mortuae
854 1328 1053 1381 resurrectione
1066 1327 1224 1401 innuerent,
1234 1325 1281 1392 qui
1291 1336 1339 1376 cor

126 1424 257 1478 ontritum
277 1429 305 1478 et
316 1425 488 1478 humiliatum
510 1437 566 1478 non
587 1424 705 1492 despicit
725 1432 753 1479 et
771 1439 920 1493 pauperum
942 1440 1037 1491 preces
1048 1439 1111 1478 cum
1124 1423 1177 1477 fide
1191 1424 1265 1477 msas
1281 1434 1338 1475 non

126 1525 229 1590 pernit3
242 1528 269 1578 et
280 1525 338 1591 ipse
360 1530 423 1577 ante
435 1537 532 1578 omnes
553 1526 676 1579 membra
688 1526 747 1580 solo
771 1526 869 1579 sternit
883 1542 889 1578 :
903 1525 976 1592 quod
998 1526 1033 1578 ab
1053 1525 1188 1579 universis
1200 1523 1260 1576 tieri
1281 1534 1337 1574 non
1367 1553 1377 1573 .

126 1620 239 1676 idertur.
251 1624 343 1676 oravit
354 1630 446 1676 autem
467 1624 525 1676 sic:
543 1624 783 1678 Clementiaeime
804 1624 944 1682 omnium
966 1626 1046 1678 Deua
1058 1624 1237 1692 exauditor,
1250 1621 1340 1688 ouius

126 1721 329 1777 auerieordia
343 1724 443 1790 pieria
462 1725 509 1776 eat
530 1725 626 1792 terra,
639 1724 755 1792 quique
771 1724 912 1778 omnium
923 1724 1083 1778 annerum
1103 1727 1250 1778 eteorum
1263 1732 1344 1790 quae

126 1820 214 1876 'cami
225 1820 309 1874 nibil
320 1822 398 1887 odia,
412 1822 467 1890 qui
484 1822 591 1876 venire
609 1823 648 1876 de
659 1822 756 1877 coetis
768 1823 918 1891 dipuatua
929 1837 961 1877 ea
975 1824 1010 1876 in
1026 1824 1188 1892 mundum,
1201 1825 1237 1876 ut
1254 1819 1343 1875 bomo

126 1918 252 1973 eruitur
271 1920 406 1988 matiani
426 1923 499 1973 astu
517 1921 556 1974 de
569 1921 727 1988 paradiso
746 1917 993 1989 euitiatua‚·per
1016 1924 1044 1979 te
1063 1921 1141 1975 illuc
1161 1918 1343 1974 adnihilata

126 2017 216 2073 abuti
228 2016 346 2086 fraude
364 2021 573 2074 reverteretur
591 2020 715 2088 iterum,
729 2021 784 2088 qui
794 2019 1036 2090 arciriapuapopi
1052 2021 1156 2089 fitium
1168 2020 1211 2073 ad
1218 2019 1342 2086 petitio-

126 2131 177 2172 em
193 2120 301 2186 patrr'r
313 2119 355 2173 ud
367 2120 465 2173 vitam
486 2121 651 2183 revocasti,
664 2123 856 2175 annuento
878 2120 1095 2189 tuipromieei
1109 2119 1165 2188 qui
1176 2119 1343 2186 discipulis

126 2218 172 2272 ura
179 2219 298 2272 deuicti
306 2232 315 2269 :
330 2237 341 2269 t
357 2220 531 2275 Ammaia)
540 2219 632 2288 vobis,
643 2220 855 2288 quodcumque
859 2221 1019 2288 petieritis
1036 2221 1163 2275 Patrem
1173 2220 1208 2272 in
1218 2219 1344 2274 rwmine

126 2330 183 2387 teo,
196 2318 284 2372 dubit
294 2317 387 2372 nobie.
402 2335 412 2368 ι
427 2319 555 2373 muudi
567 2332 624 2374 noa
637 2319 671 2372 iu
683 2321 808 2374 nomine
819 2323 872 2374 tuo
893 2321 1022 2374 Putrem
1028 2322 1178 2388 petentes,
1192 2323 1221 2373 et
1234 2319 1269 2372 in
1286 2317 1342 2373 boc

126 2415 263 2484 usuratile
273 2418 409 2471 cadauer
420 2418 487 2484 rpus
498 2419 641 2473 animam
658 2418 801 2487 infatuate,
814 2419 965 2486 quatinus
985 2419 1128 2473 uniuersi
1147 2420 1228 2472 sicut
1239 2420 1270 2471 et
1286 2430 1342 2470 noa

126 2516 308 2585 wanincus
320 2519 491 2584 αρνιοεοααι
503 2517 579 2584 quia
591 2520 627 2571 tu
647 2519 734 2572 cotue
755 2518 870 2572 occidis
891 2522 920 2571 et
932 2517 1035 2572 oiveoe
1053 2515 1145 2586 socia,
1154 2517 1297 2584 percutis
1314 2520 1343 2571 et

126 2627 217 2683 anua,
230 2617 334 2669 einen
345 2619 390 2670 eat
402 2616 457 2685 qui
468 2617 506 2669 cte
516 2630 615 2670 manu
627 2620 684 2671 tua
691 2617 792 2684 poerit
804 2629 922 2671 eruere.
936 2618 1005 2672 Non
1023 2616 1119 2685 nobie,
1134 2617 1270 2684 Domine,
1283 2628 1345 2670 uon

126 2713 476 2780 mauretaniarum
498 2714 698 2783 duplarium.
712 2716 776 2769 Fac
787 2727 870 2783 erpa
884 2716 1020 2783 Domine,
1034 2716 1160 2783 oipnum
1172 2715 1207 2768 in
1224 2714 1345 2781 bonum,

126 2812 287 2867 evideant
308 2813 363 2880 qui
383 2826 440 2867 noa
457 2815 592 2868 oderunt
611 2818 641 2869 et
659 2813 909 2883 confunduntur,
922 2815 1070 2882 quonium
1089 2814 1283 2883 imitamine,
1296 2813 1349 2867 ad-

126 2910 231 2966 uocati
240 2923 297 2966 noc
309 2912 338 2966 et
350 2914 529 2966 consolatae
541 2925 573 2967 ea
584 2925 651 2967 nos.
665 2916 787 2980 cumque
801 2914 843 2965 bis
854 2925 886 2966 ac
899 2913 998 2965 talibus
1016 2913 1186 2979 saepedictus
1199 2912 1246 2966 liei
1260 2912 1344 2965 tamu-

126 3023 154 3065 us
178 3011 378 3077 omnipotentis
398 3011 572 3065 clementiam
593 3012 756 3078 deprecatus
778 3013 874 3065 suisset
896 3012 1036 3080 attentiuS,
1062 3012 1234 3078 apprehensa
1258 3024 1343 3064 manu

126 3115 225 3166 ,extera
243 3109 387 3164 deiunctae
408 3110 490 3177 filiae,
504 3112 543 3164 sic
560 3111 620 3164 iniit
640 3112 737 3164 humili
755 3125 822 3164 voce
838 3112 1007 3166 :Dominus
1024 3114 1129 3165 noster
1146 3111 1234 3165 Jecur
1258 3109 1340 3165 ctri-

126 3213 187 3276 tur,
199 3208 440 3276 cunctipotentis
452 3210 562 3264 Patrio
574 3210 671 3279 filius,
685 3210 718 3263 in
730 3211 860 3264 ruinam
872 3213 901 3264 et
914 3210 947 3263 in
960 3209 1219 3264 resurrectionem
1231 3211 1341 3264 mutto-

126 3308 322 3376 amponius,
336 3309 402 3376 ipae
413 3308 470 3362 tibi
480 3310 628 3364 cuwedat
639 3311 682 3363 ad
696 3311 819 3363 mudena
831 3314 861 3363 et
872 3310 1008 3378 auriam
1019 3309 1156 3364 nominis
1167 3309 1220 3364 eui
1230 3310 1341 3377 atoue,

126 3400 165 3463 ui
175 3421 233 3461 nor
244 3420 350 3462 omuee
361 3408 394 3461 in
407 3408 614 3475 uiunjudictt
625 3407 722 3476 faciet
741 3422 912 3477 reaurpere,
925 3409 1081 3463 rationem
1088 3421 1149 3476 pro
1160 3407 1258 3478 sactis
1274 3409 1342 3462 red·

126 3509 191 3562 ere.
206 3509 238 3560 ut
258 3509 299 3560 vir
318 3514 429 3561 sanctus
450 3508 547 3561 orandi
568 3507 651 3561 flnem
671 3508 743 3575 iecit,
758 3513 891 3561 mortuam
912 3509 1003 3561 vivere
1024 3508 1118 3561 sensit.
1140 3511 1216 3561 Tunc
1236 3508 1293 3562 solo
1314 3521 1343 3561 se

126 3608 206 3674 rexit,
218 3613 246 3660 et
256 3607 393 3660 viventem
413 3606 496 3659 titiam
508 3608 587 3660 matri
610 3608 821 3662 commendavit.
835 3611 867 3661 Et
879 3607 1000 3661 universi
1018 3607 1065 3674 qui
1084 3608 1207 3674 aderant,
1220 3609 1343 3661 videntes

126 3720 180 3762 uae
192 3708 392 3776 muniuerunt,
407 3710 491 3760 boum
503 3719 570 3761 voce
591 3721 689 3775 magna
702 3707 893 3762 collaudabant
913 3713 941 3760 et
952 3706 1149 3776 glorificabant,
1160 3709 1207 3776 qui
1220 3709 1342 3771 volunta·

126 3820 164 3860 rm
178 3805 333 3860 timentium
345 3820 375 3859 se
386 3806 450 3859 iacit
470 3812 498 3858 et
509 3805 717 3872 deprecationes
733 3820 829 3860 eorum
842 3805 960 3859 exaudit.
974 3806 1022 3870 Qui
1044 3811 1168 3858 sanctum
1191 3807 1237 3859 bei
1259 3807 1343 3860 samu·

126 3919 169 3959 nm
190 3911 353 3958 venerantes
371 3906 547 3958 veneratione
567 3905 713 3974 condigna,
732 3919 794 3959 curn
814 3906 912 3972 gaudio
933 3917 1088 3958 remeavere
1109 3905 1144 3957 ad
1163 3906 1280 3971 propria.
1295 3906 1342 3959 iiie

126 4019 177 4060 ero
188 4004 295 4058 deicola
307 4005 374 4058 inibi
388 4005 498 4071 mansit,
511 4011 585 4073 prata
598 4008 653 4058 beo
665 4006 799 4058 exhibens
815 4007 925 4057 servitia
936 4019 985 4072 per
996 4005 1134 4058 orationes
1146 4012 1174 4058 et
1180 4006 1294 4072 jejunia.
1304 4007 1344 4059 nb

126 4106 156 4161 io
169 4109 262 4158 autem
284 4105 330 4158 die
351 4105 429 4157 multi
441 4105 587 4159 veniebant
600 4104 633 4158 ad
646 4119 709 4158 eum
730 4106 835 4171 sedule,
849 4105 879 4158 in
891 4106 1021 4173 angustiis
1035 4111 1158 4173 petentes
1175 4105 1342 4173 suffragium,

126 4217 181 4259 uos
192 4202 275 4256 dolor
286 4203 382 4270 agebat
394 4203 534 4270 inquirere
556 4203 719 4256 remedium.
733 4205 852 4268 Quorum
875 4206 1019 4270 petitiones
1036 4206 1077 4257 vir
1089 4205 1133 4257 bei
1147 4206 1266 4258 libenter
1277 4207 1345 4259 acci-

126 4303 204 4357 iebat
216 4308 244 4354 et
264 4314 314 4367 per
335 4302 381 4355 bei
403 4301 619 4355 misericordiam
637 4302 666 4354 in
688 4303 744 4356 suis
765 4303 975 4356 necessitatibus
996 4304 1183 4357 subveniebat.
1196 4307 1282 4357 Tuum
1295 4309 1343 4370 est,

127 4403 229 4468 bristo,
242 4406 321 4454 tuum
333 4401 405 4467 quod
418 4404 566 4466 operantur
577 4415 627 4467 per
639 4407 666 4454 te
679 4402 717 4453 tui
731 4402 835 4463 iamuii,
848 4403 949 4469 quibus
960 4404 1084 4470 gratiam,
1098 4416 1178 4470 quam
1193 4404 1237 4456 bic
1249 4404 1346 4469 imper·

127 4504 153 4557 ri
167 4500 281 4569 incipis,
294 4499 323 4551 in
341 4497 424 4553 domo
445 4500 529 4564 patris
542 4498 582 4552 tui
604 4499 711 4566 plenius
731 4499 825 4566 efficis,
838 4500 887 4553 ubi
908 4500 1065 4554 nullatenus
1085 4500 1178 4568 aliquo
1193 4501 1347 4555 afficientur

126 4598 290 4658 ncommodo
302 4610 371 4665 quos
388 4597 419 4651 in
436 4599 517 4665 hujus
537 4599 631 4652 'vitae
651 4598 709 4652 saio
729 4612 881 4666 numquam
901 4613 916 4653 a
937 4607 963 4655 to
980 4601 1021 4654 ris
1041 4614 1161 4669 nequam
1181 4601 1238 4656 ullo
1258 4602 1345 4656 valuit
1362 4619 1450 4678 2004,
1464 4620 1522 4672 bac.

174 4708 282 4753 urta.
293 4706 380 4751 rums.
395 4708 420 4749 r.
434 4709 452 4750 1.
1283 4703 1315 4755 tu
