3136 5482
87 825 173 880 leod.
187 824 256 892 ples.

140 1025 150 1046 ⁶
161 1024 226 1078 cod.

115 1089 254 1142 miracula.

282 349 304 413 8
324 402 328 410 .
607 365 750 415 carm.
768 364 870 414 cone.
889 362 1062 413 moroan.
1082 362 1174 412 uir..

283 529 372 585 locum
385 532 498 586 recessit
510 531 684 586 habitationis
695 545 770 586 suae.
785 534 846 599 ipsa
864 544 927 585 vero
941 532 969 584 in
990 530 1060 584 atrio
1072 530 1203 602 eeclesiae
1215 543 1328 583 sumens
1339 529 1433 583 cibum
1447 542 1522 583 con·

283 630 379 685 iortata
393 635 444 695 est,
458 630 526 683 nihil
543 630 673 684 dubitans
684 630 719 685 de
731 608 866 699 refrigerii
886 629 1018 695 remedio,
1031 629 1104 697 quod
1122 631 1178 696 iam
1199 630 1348 695 recepisset
1367 642 1384 682 a
1404 635 1521 695 pastore

288 728 486 783 Pictavensium
500 730 629 797 glorioso.

319 829 351 881 5.
363 829 493 896 Sequenti
506 835 597 882 autem
609 827 656 883 die
669 826 808 882 dominica
819 834 1007 894 pentecosten,
1021 828 1098 895 plebs
1110 829 1119 849 ·
1130 828 1165 880 de
1177 827 1284 881 civitate
1297 833 1324 880 et
1334 827 1369 881 de
1380 827 1519 881 suburbio

283 927 453 984 diversarum
474 939 653 993 personarum
665 925 811 994 utriusque
831 941 913 980 sexus
926 941 1001 982 more
1020 928 1111 992 solito,
1123 926 1172 981 sed
1185 932 1277 980 tamen
1299 926 1391 980 audito
1414 926 1516 979 melius
1536 928 1554 979 5

284 1025 415 1078 miraculo
428 1027 447 1093 ',
460 1025 636 1091 pervolarunt
647 1039 709 1078 cum
722 1026 913 1091 luminaribus,
927 1033 954 1079 et
967 1040 1032 1093 prae
1043 1026 1141 1093 gaudio
1154 1026 1223 1079 fusis
1234 1025 1356 1079 lacrimis
1368 1024 1403 1077 ad
1415 1024 1518 1079 domni

284 1123 378 1178 llilarii
391 1125 547 1190 sepulcrum
556 1137 618 1177 cum
631 1124 778 1191 gratiarum
789 1125 897 1178 actione
909 1130 1077 1192 prostrantes
1088 1124 1139 1192 [se]
1150 1126 1179 1177 in
1192 1123 1326 1189 oratione,
1336 1129 1366 1177 ut
1374 1124 1518 1189 psalmista

281 1224 330 1286 ait,
342 1221 571 1276 constituerunt
587 1220 669 1274 diem
681 1222 862 1276 sollemnem
879 1221 1088 1276 incendereris
1103 1235 1200 1290 usque
1214 1223 1256 1275 ad
1274 1234 1373 1277 cornu
1384 1221 1519 1275 altaria.

282 1324 326 1375 llit
336 1322 498 1374 clericorum
511 1327 672 1386 conventus,
685 1320 848 1387 populorum
861 1334 1023 1388 concursus,
1035 1321 1205 1386 postulantes
1217 1333 1233 1374 a
1246 1320 1387 1373 sacerdote
1399 1319 1516 1372 missam

283 1424 394 1473 sanctae
405 1419 545 1472 Trinitatis
556 1418 674 1486 gloriose
686 1432 735 1484 pro
748 1432 779 1472 se
796 1426 823 1472 et
835 1433 883 1485 pro
896 1420 1002 1473 cunctis
1014 1426 1106 1473 mente
1118 1420 1215 1473 devota
1227 1419 1367 1474 celebrare
1384 1419 1419 1471 ad
1432 1424 1517 1484 capnt
1540 1425 1555 1473 i·

283 1518 356 1572 beati
368 1517 462 1571 liilaril
474 1516 643 1571 confessoris
655 1518 766 1585 egregii,
775 1524 806 1572 ut
815 1519 910 1572 nullus
919 1520 953 1573 de
966 1532 1015 1573 sua
1027 1517 1129 1572 diocesi
1140 1524 1279 1585 pateretur
1288 1519 1339 1571 boc
1348 1523 1520 1571 tormentum

283 1617 403 1671 incendii
414 1636 421 1684 ;
436 1618 484 1671 sed
497 1617 520 1671 si
533 1617 645 1671 aliunde
658 1624 723 1671 sunl
734 1620 852 1684 venturi,
866 1632 913 1686 per
927 1633 1022 1686 preces
1034 1621 1094 1686 ejus
1106 1618 1207 1685 pietate
1220 1620 1266 1671 bei
1277 1617 1382 1670 utinam
1395 1615 1521 1669 effician-

283 1723 328 1771 tur
340 1718 409 1771 sani.
425 1719 491 1771 bum
511 1717 547 1770 ita
565 1717 710 1770 missarum
730 1718 936 1772 celebrarentur
957 1720 1095 1787 mysteria,
1108 1719 1166 1785 ipsa
1188 1716 1351 1784 paupercula
1363 1716 1422 1782 jam
1443 1715 1520 1768 dieta

284 1818 336 1871 sub
354 1818 538 1871 taciturnitate
556 1800 665 1869 silentii
685 1818 861 1884 progrediens
885 1819 989 1885 absque
1010 1818 1109 1885 pedum
1130 1830 1236 1885 gressu,
1250 1817 1279 1868 in
1301 1829 1384 1869 manu
1403 1820 1520 1883 gestans

284 1917 433 1982 cereolum,
446 1916 480 1968 ad
493 1915 579 1969 altare
590 1929 645 1983 quo
658 1920 717 1968 erat
727 1917 855 1971 sacerdos
868 1922 942 1970 veste
954 1918 1094 1983 praeclara
1105 1915 1277 1983 splendidus,
1292 1919 1389 1968 testata
1400 1920 1445 1967 est
1454 1927 1519 1967 cum
1541 1917 1560 1967 li

287 2015 435 2082 gratiarum
445 2012 553 2068 actione
565 2015 644 2067 beato
655 2014 756 2068 llilario
768 2028 860 2068 coram
873 2014 1096 2080 consciscimus
1108 2014 1214 2068 nulium
1230 2026 1260 2067 se
1271 2013 1387 2066 calorem
1402 2009 1523 2081 maligni

287 2112 409 2168 incendii
430 2113 541 2166 sentire.
560 2113 639 2165 llissa
661 2126 724 2167 vero
746 2115 852 2180 expleta
872 2114 1036 2177 matutinali,
1058 2120 1114 2168 tota
1135 2113 1252 2167 ecclesia
1273 2113 1414 2180 personuit
1435 2121 1520 2165 cantu

288 2212 449 2267 clericorum
460 2211 610 2266 dicentium
627 2213 666 2265 Tc
672 2213 770 2265 Deum
784 2213 953 2267 laudamus
965 2225 1054 2279 usque
1069 2215 1097 2266 in
1109 2213 1193 2267 linem
1206 2219 1320 2276 cantus;
1331 2225 1416 2267 sonus
1428 2213 1524 2280 signo·

288 2325 348 2365 rum
361 2311 489 2375 intonuit,
502 2315 577 2362 tanta
589 2322 640 2362 sor
653 2309 814 2376 populorum
827 2311 997 2365 laudantium
1015 2314 1099 2365 Deum
1117 2325 1148 2365 ae
1164 2312 1314 2365 dicentium
1329 2327 1336 2363 :
1358 2310 1469 2365 Gloria
1483 2311 1520 2362 in

287 2408 419 2463 earcelris
439 2409 499 2460 Deo
511 2410 540 2460 et
560 2407 595 2460 irc
607 2410 694 2460 terra
708 2421 781 2474 paca
800 2408 975 2462 bominibus
994 2409 1091 2463 bonae
1101 2410 1282 2463 voluntatis.
1297 2408 1408 2461 Articuli
1427 2414 1523 2461 autem
1542 2417 1560 2469 a

288 2505 366 2574 pedis
377 2505 489 2561 alterius
500 2504 683 2571 pauperculae
696 2507 776 2571 bujus
788 2505 824 2559 de
835 2520 889 2573 qua
903 2507 1041 2574 loquimur
1048 2510 1106 2574 jam
1119 2507 1276 2561 delluebant
1287 2520 1375 2574 paene
1391 2506 1523 2559 cadentes

287 2607 358 2660 sicut
369 2618 432 2659 cera
444 2605 596 2672 liquescita
610 2604 679 2657 iacie
691 2606 773 2673 ignis.
784 2606 836 2658 Sed
852 2606 912 2673 pius
925 2612 1016 2672 pastor
1029 2609 1142 2661 pictavis
1156 2607 1386 2660 medicamentum
1407 2606 1524 2659 salubre

288 2718 345 2759 non
364 2705 470 2758 distulit
492 2704 623 2757 tribuere.
646 2707 729 2757 Fonte
752 2704 928 2758 lacrimarum
952 2707 1053 2773 populo
1073 2708 1189 2774 rigante,
1210 2706 1367 2761 incendium
1391 2706 1522 2769 recessit,

292 2803 389 2871 pedem
402 2804 700 2869 sanavitpueliaeeum
722 2809 778 2859 toto
799 2819 922 2873 corpore,
935 2807 1043 2860 articuli
1064 2807 1171 2874 liquore
1189 2806 1416 2859 retmacto·sani
1429 2804 1522 2858 eiieeti

292 2908 449 2967 sumatque
461 2901 565 2967 siccati,
578 2901 650 2955 dono
664 2902 710 2955 bei
722 2916 771 2956 suo
784 2902 857 2956 iideli
878 2905 978 2958 llilario
996 2911 1189 2970 permanentes
1206 2905 1302 2957 illaesi.
1315 2903 1410 2956 Omnis
1427 2909 1520 2956 autem
1543 2909 1560 2960 Ξ

291 3001 368 3067 plebs
378 3001 494 3068 gloriosa
509 3002 631 3066 l‘ictavis,
643 3002 766 3069 gaudens
778 3008 806 3056 et
816 3001 973 3069 glorificans
987 3005 1081 3067 beurn,
1095 3002 1221 3055 discessit
1232 3002 1267 3055 ad
1280 3002 1401 3068 propria.

324 3101 356 3152 6.
372 3101 425 3153 lieo
445 3100 535 3153 minus
551 3101 595 3153 vel
606 3100 739 3153 dissimile
759 3107 802 3154 est
814 3101 976 3155 miraculum
997 3102 1071 3169 quod
1083 3109 1173 3156 actum
1196 3102 1283 3154 visum
1304 3106 1346 3154 est
1366 3113 1381 3152 a
1402 3101 1525 3155 bomine

289 3199 385 3253 eadem
397 3200 443 3253 die
456 3206 631 3266 pentecosten
645 3214 692 3267 per
711 3202 829 3255 eundem
842 3202 990 3255 antistitem
1009 3215 1127 3255 sacrum.
1140 3200 1277 3265 Quaedam
1296 3199 1398 3253 lemina
1410 3199 1445 3252 de
1461 3201 1526 3253 lon·

288 3299 390 3366 ginquo
401 3299 525 3364 veniens,
538 3299 657 3352 versutia
667 3300 759 3353 callidi
771 3301 857 3352 bostis
869 3307 980 3365 venata;
995 3301 1136 3366 postulans
1155 3313 1219 3352 vero
1232 3300 1332 3352 cborus
1350 3298 1519 3350 clericorum

289 3413 397 3466 rexque
408 3413 464 3453 una
475 3400 637 3466 populorum
650 3412 665 3452 a
678 3401 735 3453 niro
755 3406 850 3453 sancto
862 3400 964 3453 tillario
977 3406 1007 3452 ut
1020 3413 1067 3466 per
1081 3399 1190 3451 divinae
1202 3398 1310 3465 pietatis
1321 3395 1436 3464 gratiam
1450 3398 1524 3451 baec
1543 3403 1560 3453 3

291 3499 389 3553 misera
403 3500 502 3552 mentis
515 3501 648 3566 reciperet
659 3501 905 3556 sanitateml‘orro
918 3500 1016 3552 mulier
1028 3501 1127 3553 mentis
1139 3500 1255 3552 salutem
1268 3497 1391 3565 gaudens
1409 3498 1524 3564 recepit,

291 3611 373 3666 quam
393 3611 474 3651 causa
494 3599 585 3653 delicti
605 3600 720 3653 fortasse
740 3597 906 3666 perdiderat.
920 3600 993 3662 Quae
1004 3600 1087 3651 etiam
1109 3599 1143 3651 ad
1164 3599 1263 3651 atrium
1282 3597 1403 3663 sepulcri
1417 3610 1524 3649 munus

291 3698 411 3751 votivum
424 3698 534 3751 videtur
544 3700 686 3752 annuatim
698 3699 846 3759 exsolvere.
861 3700 1019 3753 ministrans
1039 3696 1204 3766 obsequium
1220 3697 1330 3764 pietatis
1347 3696 1469 3749 indrmis
1485 3698 1523 3752 ibi

293 3798 485 3851 residentibus.

467 3983 737 4046 darentiacum
755 3981 789 4047 S.
809 3981 944 4046 Hmarur
961 3981 1040 4065 (Cir.
1060 4001 1170 4065 supra,
1191 4000 1222 4065 p.
1241 3982 1275 4055 6,
1294 3983 1357 4064 5⁰).
1544 4013 1560 4062 3

324 4200 384 4250 x...
400 4201 431 4251 Ut
442 4205 532 4251 autem
545 4212 627 4265 quam
640 4212 723 4264 prope
736 4199 771 4251 sit
781 4197 911 4251 omnibus
924 4212 953 4252 se
966 4203 1021 4252 toto
1033 4211 1049 4250 e
1068 4196 1152 4251 corde
1169 4198 1369 4261 invocantibus,
1380 4200 1524 4263 superbis·

291 4310 346 4364 que
357 4298 469 4351 omnino
481 4298 605 4361 infestus,
619 4297 725 4363 plenius
736 4304 909 4364 agnoscatur,
921 4299 1071 4363 opitulante
1084 4299 1199 4353 bomine
1211 4307 1306 4353 nostro
1317 4302 1382 4353 lesu
1399 4300 1526 4367 cbristo,

291 4408 372 4463 quem
385 4397 477 4449 dilexit
494 4394 591 4449 allecta
613 4401 679 4458 toto,
691 4396 783 4463 aliqua
795 4397 943 4463 praeclara,
956 4412 1027 4464 quae
1040 4412 1088 4464 per
1099 4412 1161 4451 eum
1183 4405 1276 4451 nostra
1297 4398 1429 4452 memoria
1448 4401 1525 4453 ileus

292 4496 404 4563 peregit,
416 4496 537 4549 iacinora
556 4496 734 4550 subiciemus.
750 4500 786 4551 be
797 4495 912 4551 ueritate
925 4511 989 4551 vero
1011 4512 1102 4552 rerum
1123 4498 1216 4551 nullus
1229 4499 1414 4565 ambiguitatis
1436 4500 1524 4553 relin-

290 4595 383 4661 quitur
395 4595 480 4661 locus,
494 4596 654 4660 praesertim
674 4609 738 4649 cum
751 4608 845 4649 eorum
859 4597 906 4663 qui
920 4598 986 4651 baec
998 4597 1143 4663 inspexere
1164 4597 1266 4650 multus
1286 4597 1409 4664 supersit
1425 4599 1524 4654 adbuc
1542 4606 1560 4657 i
