3136 5482
258 364 352 414 emt.
372 365 454 415 utu.
475 364 591 415 PARls.
609 384 655 394 -
671 364 823 418 trenno.
841 362 888 415 to
905 363 981 414 coo.
1001 361 1075 413 seso.
1216 345 1283 413 529

47 529 126 584 dum
155 531 305 584 visionem
335 531 415 586 banc
442 531 606 600 copitando
628 533 659 586 et
684 529 882 597 recapitando
911 531 1106 597 ventilarem,
1129 531 1284 598 pulsatur

46 629 188 698 nouum,
201 644 262 699 quo
275 632 317 686 ad
339 633 445 686 laudes
465 633 522 687 Dei
540 635 628 686 nocte
641 631 835 699 invitamur;
848 631 890 686 ad
908 644 986 696 quus
1001 644 1041 685 ev
1058 605 1281 685 consuetudine

43 733 229 800 procedens,
243 733 327 787 inter
346 747 432 802 spem
444 737 474 788 et
494 737 610 789 metum
632 733 834 802 fluctuabam,
856 746 925 786 cum
949 732 1028 786 mibi
1050 731 1172 786 obviam
1195 731 1276 800 sacti

48 836 271 900 apparuerunt
291 833 353 887 duo
374 834 426 887 itti
445 833 660 901 adolescentes,
675 845 808 901 quorum
829 831 982 899 imagines
998 845 1060 899 per
1081 832 1183 886 visum
1202 833 1284 887 victe·

22 928 143 990 lramt
154 931 208 986 sed
214 945 296 998 prae
315 932 477 988 umbrosae
488 932 588 988 noctis
600 933 755 987 obstaculo
768 933 931 987 advertere
943 931 1075 998 penitus
1087 930 1203 999 faciem
1216 931 1284 985 itto-

50 1043 125 1084 rum
147 1032 320 1098 nequibam.
342 1033 407 1100 Epo
428 1046 499 1087 vero
520 1033 563 1086 ad
575 1033 646 1088 illos
660 1050 693 1088 :r
715 1032 804 1099 Unde,
820 1032 958 1098 inquam,
971 1044 1033 1098 vos,
1047 1030 1175 1099 fratres,
1195 1030 1281 1086 itabe-

49 1141 130 1195 mus,
144 1132 174 1182 et
185 1143 263 1197 quae
273 1132 483 1186 suntnomina
495 1132 621 1186 vestral
636 1150 646 1181 r
660 1132 699 1186 At
717 1132 768 1185 illi
783 1134 817 1185 ut
833 1129 912 1184 mibi
923 1130 978 1197 qui
998 1132 1099 1184 essent
1111 1132 1141 1184 et
1152 1131 1283 1185 nomina

50 1232 343 1298 maexposuerunt,
352 1244 434 1298 prae
453 1230 568 1298 pontio
588 1231 773 1286 lacrimatus
793 1231 923 1298 beuipne
941 1230 1012 1282 illos
1024 1229 1141 1297 concepi,
1150 1242 1283 1297 perpen-

51 1325 130 1381 dens
144 1329 220 1394 quia
231 1342 252 1382 a
263 1330 323 1383 Deo
341 1329 431 1384 missi
450 1330 662 1395 adveneraut;
675 1334 702 1382 et
713 1328 770 1380 dixi
786 1344 818 1380 :t
839 1328 902 1396 Vos,
916 1328 978 1382 mei
994 1326 1123 1396 fratres,
1143 1340 1284 1401 quocum·

10 1424 37 1479 lb
50 1438 110 1494 que
121 1427 194 1481 viae
213 1440 322 1482 cursus
335 1442 383 1484 me
401 1431 458 1482 aut
477 1442 567 1484 casus
579 1429 734 1496 eduxerit,
749 1429 807 1481 beo
829 1429 970 1496 auctore,
984 1427 1110 1483 comites
1123 1426 1203 1480 mibi
1221 1440 1283 1480 non

49 1522 217 1594 delicturus
234 1527 391 1596 confido.»
412 1529 488 1583 tlcce
509 1527 599 1584 habes
612 1528 693 1594 quod
713 1540 734 1581 a
750 1540 799 1581 me
818 1527 901 1580 scire
921 1529 1082 1594 tantopere
1105 1525 1282 1594 quaerebas.

49 1624 109 1679 aed
119 1625 196 1693 quia
203 1626 371 1696 praefatae
382 1629 511 1682 visionis
525 1628 657 1696 imperto
669 1640 762 1695 caper
774 1630 894 1680 terram
906 1628 935 1680 et
947 1627 1163 1694 coenationem
1181 1638 1282 1680 meam

49 1724 240 1794 relinquere,
254 1729 293 1794 te,
304 1740 495 1795 quocumque
511 1729 568 1782 Dei
585 1729 730 1782 voluutas
743 1729 772 1781 et
783 1727 913 1794 augelus
930 1727 996 1792 ejus
1014 1739 1062 1780 mc
1073 1725 1229 1794 adnuerit,
1243 1729 1282 1792 te,

51 1820 193 1897 inquam,
206 1822 321 1878 laboris
333 1826 394 1880 mei
404 1830 435 1881 et
442 1826 583 1893 praemit
594 1828 765 1881 consortem
777 1837 841 1879 esse
852 1825 930 1878 volo.
944 1824 1012 1879 Ideo
1025 1837 1151 1891 sequere
1163 1837 1220 1879 me.

10 1904 35 1977 tt
82 1920 266 1976 inordinatis
284 1925 367 1993 igitur
386 1927 514 1980 omnibus
535 1939 606 1994 qnae
630 1926 784 1979 necessaria
807 1925 916 1978 fuerant
936 1924 1066 1977 fratribus
1084 1925 1132 1991 qui
1144 1924 1241 1978 eodem
1254 1925 1283 1977 in

50 2019 112 2076 loco
132 2023 301 2088 resederant,
315 2027 417 2094 egressi
439 2027 613 2092 pervenimus
632 2025 667 2079 ad
689 2024 827 2093 quoddam
848 2023 1022 2088 coenobium,
1042 2023 1117 2091 quod
1137 2027 1227 2092 Buage
1247 2024 1282 2076 eb

23 2105 26 2109 ’
49 2119 150 2173 incolis
170 2120 322 2177 dicebatur.
339 2127 395 2178 ltoc
416 2127 444 2177 in
465 2126 525 2179 loco
547 2125 744 2178 monachorum
765 2123 938 2191 congregatio
959 2124 1010 2176 sub
1030 2123 1181 2176 venerabili
1204 2129 1280 2188 patre

49 2219 141 2272 Siriuo
153 2219 306 2287 disciplinis
318 2224 488 2292 regularibus
508 2225 674 2293 invigilabat.
688 2227 763 2277 iuter
784 2236 852 2290 quos
867 2221 978 2289 quidam
996 2224 1081 2275 mirae
1094 2223 1240 2288 patientiae
1253 2228 1281 2276 et

49 2319 233 2385 simplicitatis
245 2322 338 2386 irater,
349 2325 489 2377 lohannes
510 2325 631 2387 nomine,
649 2328 716 2388 erat,
732 2337 804 2376 unus
826 2323 965 2389 quondam
980 2335 1014 2375 ex
1033 2322 1172 2389 discipulis
1192 2323 1278 2389 patris

10 2414 35 2471 h
51 2419 139 2473 nostri
152 2421 306 2476 Barsanorii
317 2441 325 2489 3
338 2423 374 2477 de
394 2437 448 2490 quo
461 2425 616 2477 referebant
638 2425 701 2490 quia
714 2436 764 2490 pro
778 2422 949 2490 simplicitate
962 2428 989 2475 et
1001 2424 1124 2489 corporis
1145 2422 1279 2476 munditia

49 2516 146 2585 multa,
169 2531 240 2585 quae
260 2527 376 2576 ventura
396 2528 484 2589 erant,
506 2524 604 2589 spiritu
628 2521 812 2589 praevidebat.
835 2525 899 2575 Nam
921 2528 948 2574 et
967 2521 1058 2575 triduo
1078 2528 1226 2589 antequam
1247 2522 1280 2574 ad

48 2613 142 2670 locum
163 2617 255 2682 ipsum
271 2621 451 2687 venissemus,
464 2622 537 2688 quod
551 2635 600 2688 per
617 2623 757 2675 hominem
770 2634 826 2674 non
839 2620 972 2682 audierat,
986 2621 1069 2686 patris
1082 2622 1166 2674 nostri
1181 2622 1279 2675 adven·

47 2720 106 2768 tum
120 2716 215 2770 abbati
227 2719 363 2785 praedixit
374 2726 401 2774 et
412 2721 497 2775 abbas
510 2722 640 2775 iratribus
652 2721 796 2774 nuntiavit.
808 2720 897 2773 Tertia
906 2720 951 2772 die
963 2721 1055 2786 itaque
1065 2721 1275 2775 advenientibus

47 2815 140 2879 nobis,
154 2816 240 2871 abbas
261 2825 288 2872 et
300 2820 399 2874 iratres
411 2822 475 2886 loci,
488 2823 583 2876 horam
602 2823 636 2876 ab
649 2821 747 2874 eodem
758 2822 883 2873 iohanne
896 2819 995 2882 edocti,
1009 2821 1116 2873 obviam
1127 2821 1206 2874 nobis
1218 2835 1280 2888 pro·

10 2912 33 2967 Ι
48 2920 212 2982 cesserun13
226 2930 288 2971 curn
300 2919 401 2986 quibus
412 2927 440 2973 et
452 2922 531 2975 turba
540 2922 634 2987 populi
646 2921 756 2987 eopiosa
769 2920 877 2982 fratrae,
887 2919 1053 2985 gratulantes
1062 2934 1146 2986 super
1156 2919 1275 2974 adventu

47 3017 144 3066 nostro
156 3016 275 3081 populus
288 3018 307 3083 ²,
323 3019 387 3085 quia
399 3021 529 3073 extremis
541 3021 621 3074 malis
632 3019 776 3085 compulsi,
788 3018 967 3086 pereuntibus
976 3019 1116 3084 corporeis
1129 3020 1278 3084 alimentis,
1338 3041 1348 3059 ·
1383 3037 1389 3050 ·
1408 3076 1416 3091 ,

46 3108 115 3163 dum
127 3111 200 3165 vitae
213 3113 266 3167 iilis
278 3129 340 3182 spes
358 3117 434 3170 nulla
447 3122 613 3184 superesset,
626 3117 661 3170 de
682 3117 767 3182 eaelo,
781 3117 864 3169 rebus
886 3117 1003 3181 amissis,
1016 3118 1168 3171 remedium
1187 3124 1278 3184 postu·

45 3209 151 3264 labant.
165 3212 308 3279 siquidem
321 3229 372 3281 per
384 3222 470 3270 totum
483 3216 571 3283 ipsum
585 3231 687 3270 annum
701 3222 826 3283 negatam
846 3216 881 3269 de
894 3217 968 3270 caelo
989 3217 1041 3269 sibi
1055 3230 1154 3284 aquam
1174 3218 1207 3270 ad
1220 3218 1281 3270 irri-

45 3309 170 3377 gandum
183 3316 272 3366 terrae
292 3315 383 3368 solum
395 3316 566 3370 testabantur
577 3333 584 3380 ;
600 3315 674 3369 unde
695 3316 802 3368 siccatis
814 3314 936 3367 tontibus
957 3318 984 3367 et
994 3315 1133 3380 suspensis
1145 3315 1281 3369 imbribus

10 3406 125 3474 tepent
147 3409 256 3478 irrigum
277 3413 381 3466 nullam
401 3413 436 3467 de
456 3415 597 3467 arentibus
619 3415 690 3465 arvis
711 3412 915 3479 exspectabant.
938 3413 993 3465 Sed
1017 3427 1107 3479 neque
1131 3413 1198 3466 baec
1221 3415 1281 3467 sola

45 3505 140 3561 inerat
151 3508 299 3577 calamitas,
313 3513 414 3578 quibus
433 3525 498 3579 prae
510 3514 635 3580 augustia
647 3514 707 3565 sitis
730 3526 828 3580 peoora
852 3512 1042 3565 moriebantur
1054 3519 1081 3565 et
1099 3512 1213 3565 mortuis
1226 3513 1281 3565 ani·

46 3606 169 3660 malibus
189 3610 355 3677 agricultura
376 3613 485 3678 penitus
513 3612 753 3666 intermittebatur.
774 3615 840 3666 Nam
859 3618 888 3664 et
907 3613 1044 3677 monachi,
1058 3612 1175 3665 infelicis
1192 3617 1279 3664 terrae

46 3705 233 3773 pestilentiam
245 3709 392 3777 fugientes,
405 3717 537 3764 externae
556 3710 731 3764 habitationis
752 3711 810 3764 loca
830 3723 965 3777 quaerere
983 3711 1181 3764 deliberabant.
1195 3713 1280 3775 Quam

45 3816 146 3858 eontm
158 3806 280 3873 inopiam
293 3810 437 3863 miseratus
448 3811 580 3863 mirabilis
590 3815 677 3876 pater,
687 3810 887 3876 aliquantulum
897 3811 1013 3863 orationi
1024 3811 1156 3864 incubuit.
1167 3811 1278 3876 Dehinc,

10 3900 32 3955 it
44 3905 330 3972 commmunione,
343 3911 452 3979 erigens
465 3925 505 3975 se,
519 3912 547 3963 in
560 3912 647 3963 arenti
662 3911 720 3964 solo
732 3910 886 3964 dominicae
896 3911 985 3964 crucis
997 3911 1104 3979 signum
1114 3913 1243 3977 exaravit,
1254 3916 1281 3964 et

46 4004 77 4057 iu
88 4005 189 4059 eodem
200 4008 260 4063 looo
274 4011 356 4076 jussit
368 4011 497 4064 iratribus
518 4012 622 4064 iodere.
638 4011 758 4064 Necdum
780 4011 974 4064 semicubitum
996 4009 1156 4077 effoderant,
1169 4017 1197 4065 ct
1218 4024 1281 4065 ecce

45 4116 98 4172 per
106 4105 162 4159 tria
174 4107 233 4161 loca
245 4109 384 4163 hiantibus
396 4111 473 4164 venis
486 4110 575 4163 tontes
588 4110 719 4163 uberrimi
738 4124 871 4177 aquarum
893 4112 1057 4165 ebullientes
1070 4114 1135 4164 haut
1149 4113 1230 4180 longe
1251 4114 1279 4166 in

46 4214 160 4256 emnem
181 4205 319 4259 undosum
341 4220 429 4274 usque
449 4213 637 4261 excreverunt.
659 4208 732 4260 Laeti
756 4209 890 4275 agricolae
916 4214 944 4262 et
965 4211 1085 4263 universi
1110 4211 1276 4264 habitatores

46 4304 159 4368 publica
179 4318 246 4360 voce
266 4307 452 4361 acclamabant
464 4322 493 4361 se
514 4309 542 4360 in
562 4307 681 4361 adventu
704 4308 787 4374 patris
809 4311 992 4363 barsanoriia
1014 4314 1067 4364 beo
1079 4313 1208 4365 visitatos.
1223 4313 1275 4366 Sed

10 4394 113 4469 hunis
131 4402 241 4459 edicere
261 4407 350 4460 valeat
371 4412 472 4473 quanta
493 4408 574 4461 totius
595 4408 687 4472 popuii
711 4407 840 4461 exultatio
865 4408 925 4472 luit,
948 4422 1010 4462 cum
1034 4409 1126 4463 effusis
1146 4410 1181 4463 de
1205 4413 1280 4465 caelo

46 4502 185 4558 imbribus
196 4503 244 4558 diu
256 4505 359 4558 sterilia
377 4518 441 4559 arva
453 4505 571 4559 fecundo
589 4507 712 4572 germine
730 4520 815 4560 novos
829 4507 933 4560 tructus
954 4507 1120 4562 ediderunt?
1132 4513 1202 4564 Sane
1215 4512 1280 4565 hinc

80 4633 182 4677 mrsu.
194 4633 282 4676 otuu.
296 4632 322 4674 r.
338 4633 357 4675 t.
1217 4635 1252 4686 bt
