3136 5482
252 360 345 408 amu.
365 360 448 410 unu.
467 360 581 410 etms.
600 381 646 391 -
662 361 814 410 anenno.
841 361 899 409 au.
927 360 1006 410 ooo.
1024 358 1098 409 5290.
1226 345 1291 410 527

49 526 159 580 lumine
181 528 309 594 perdunt,
331 536 359 582 et
380 543 492 583 caecum
517 543 628 583 sensum
649 530 678 581 in
699 530 856 597 praecipitia
880 529 979 583 ducem
1002 534 1160 597 sequentes,
1182 531 1289 583 malunt

50 626 147 680 dicere
160 628 294 681 minorem
307 631 391 681 boum
405 642 488 696 quam
501 630 640 683 hominem
652 634 678 682 et
691 632 785 683 Deum.
798 629 851 683 Sed
865 643 916 683 nos
934 629 967 683 ad
980 631 1087 697 incepta
1100 628 1253 683 redeamus.

85 725 120 778 5.
134 726 276 793 Siquidem
289 711 336 780 bia'
347 735 424 793 pater
436 729 601 781 venerabilis
615 730 791 782 Barsanorius
803 728 838 782 de
848 735 921 782 terra
933 729 1042 796 Aegypti
1052 728 1087 782 de
1096 729 1160 782 villa
1168 728 1286 782 Patrocli

51 824 190 891 originem
203 825 288 879 duxit.
304 828 371 880 Huic
383 832 471 881 mater
483 835 540 881 erat
552 833 579 882 et
590 841 699 882 sorores
711 829 781 882 duae
796 845 803 880 τ
818 842 919 883 nomen
932 830 1026 881 matris
1040 829 1162 902 Eulapla,
1175 841 1283 883 sorores
1324 833 1326 837 ’

25 922 110 978 luna
131 927 278 995 theotista,
291 928 413 981 lulianes
434 928 529 981 altera.
544 931 613 982 Puer
633 928 754 996 danique
771 934 900 983 strenuus
918 942 984 993 non,
997 934 1027 982 ut
1048 930 1074 982 id
1087 929 1180 984 aetatis
1193 930 1286 996 pueris

53 1037 116 1078 mos
126 1030 180 1090 est,
192 1026 343 1091 puerilibus
355 1027 461 1080 naeniis
478 1028 629 1094 insistebat,
643 1025 690 1081 sed
704 1028 785 1080 vitam
803 1029 937 1093 majorum
950 1028 1109 1091 observans,
1162 1041 1175 1079 r
1195 1027 1282 1080 incul-

55 1123 176 1190 pabilem
190 1127 271 1178 vitam
283 1127 334 1180 soli
355 1129 409 1180 beo
422 1127 529 1192 plaeere
549 1127 685 1180 studebat.
699 1129 730 1179 ttt
752 1127 816 1194 quia
837 1140 885 1180 cor
905 1126 1040 1180 mundum
1061 1140 1076 1179 a
1097 1040 1160 1191 lai}
1182 1127 1287 1193 peceati

54 1224 180 1290 gerebat,
192 1223 255 1278 data
275 1229 340 1279 sunt
352 1226 378 1278 ei
398 1226 580 1292 spiritualium
592 1225 666 1280 dona
686 1227 890 1293 charismatum,
902 1232 933 1279 ut
954 1232 981 1279 et
992 1226 1184 1294 languentibus
1202 1227 1284 1279 etiam

55 1326 160 1376 attactu
170 1325 325 1378 vestimenti
338 1326 381 1378 sui
390 1339 471 1392 opem
482 1327 577 1378 salutis
589 1331 749 1391 praestaret,
762 1332 790 1378 et
807 1331 1005 1392 quaerentum
1023 1331 1101 1379 erant
1114 1326 1212 1392 spiritu
1226 1338 1288 1392 pro·

10 1420 41 1475 to
54 1422 167 1488 pbetico
179 1424 325 1477 nuntiaret.
340 1427 403 1490 llos,
418 1430 524 1477 tantum
535 1426 624 1478 virum
637 1424 748 1500 ridendi
760 1425 897 1478 desiderio
910 1425 1029 1490 accensi,
1043 1424 1204 1479 Theodorus
1216 1425 1286 1477 seili-

55 1525 109 1585 cet,
122 1522 294 1590 Ammonius,
307 1526 420 1591 lloyses,
433 1526 546 1577 Aeacius
567 1530 595 1576 et
607 1525 746 1588 Leontius,
760 1537 809 1592 ego
831 1531 922 1577 autem
934 1525 1034 1591 loseph
1048 1526 1144 1578 borum
1167 1525 1291 1578 omnium

56 1622 199 1688 minimus,
212 1630 355 1691 postquam
376 1624 411 1678 ab
423 1637 456 1678 eo
478 1625 596 1690 hospitio
608 1624 726 1691 suscepti
748 1623 923 1677 beatitudinis
936 1637 1003 1677 suae
1024 1623 1170 1678 dulcedine
1184 1625 1290 1691 perimi

16 1784 19 1789 ,
56 1728 85 1776 et
95 1723 315 1778 conversationis
327 1725 414 1791 ipsius
425 1725 541 1793 gratiam
552 1725 715 1778 familiarem
728 1723 852 1778 obtinere
862 1724 1022 1791 meruimus,
1033 1737 1089 1779 non
1102 1737 1181 1778 amor
1192 1738 1288 1791 paren·

17 1796 24 1811 ⁰
55 1823 126 1886 tum,
139 1834 198 1876 non
213 1836 307 1876 rerum
327 1823 450 1889 ambitio,
463 1836 518 1877 non
532 1823 672 1876 mundana
693 1822 838 1876 oblectatio
851 1823 885 1876 ab
905 1824 965 1890 elus
987 1836 1038 1877 nos
1051 1823 1204 1890 praesentia
1217 1823 1289 1876 avel-

10 1916 41 1971 ΙΙ
56 1917 116 1974 lere
139 1923 322 1988 praevalebat.
341 1926 395 1977 llec
413 1923 532 1988 mimm;
556 1922 693 1990 siquidem
714 1922 742 1974 in
766 1935 814 1975 ore
838 1923 924 1988 ipsius
946 1935 1054 1989 semper
1076 1923 1197 1975 Christus
1220 1927 1289 1988 erat,

59 2023 89 2076 in
107 2021 192 2076 eorde
211 2022 306 2088 pietas,
321 2021 350 2074 in
369 2021 447 2075 vultu
458 2022 561 2075 laetitia
581 2026 609 2074 et
620 2020 754 2073 serenitas
773 2025 840 2074 erat.
853 2022 921 2074 llam
941 2033 991 2089 ego
1009 2021 1127 2088 quodam
1149 2020 1205 2086 die,
1218 2021 1289 2074 siout

58 2123 113 2178 loei
125 2129 153 2176 et
173 2123 303 2190 temporis
323 2122 512 2188 opportunitas
532 2121 599 2174 milri
611 2120 784 2175 occasionem
804 2120 947 2187 praestitit,
961 2121 1050 2186 ipsum
1073 2121 1200 2174 familiari
1222 2133 1289 2173 ausu

59 2225 224 2294 interrogavi
237 2237 292 2291 qua
304 2224 424 2292 regione,
437 2224 537 2290 quibus
550 2223 710 2289 parentibus
722 2222 865 2287 oriundus,
879 2221 979 2288 quibus
1004 2222 1139 2288 magistris
1151 2222 1179 2273 in
1201 2225 1287 2274 artem

60 2324 223 2381 docuinatts
243 2323 373 2376 scientiae
393 2322 560 2388 profecisset.
574 2323 647 2385 Quae
668 2321 770 2387 omnia,
783 2325 814 2373 ut
832 2325 890 2374 erat
910 2321 1019 2387 eloquio
1032 2318 1156 2385 affabilis,
1169 2320 1289 2374 seriatim

10 2424 42 2479 bt
58 2425 128 2478 mibi
140 2423 266 2490 esposuit
280 2439 287 2475 z
301 2425 449 2490 Aegyptum
465 2421 585 2475 natalem
597 2421 649 2473 sibi
661 2421 785 2488 patriam,
799 2427 914 2474 matrem
927 2425 954 2474 et
970 2433 1115 2488 germanas
1126 2419 1195 2473 duas
1207 2421 1291 2474 fuisse

62 2521 206 2590 exposuit;
219 2520 254 2575 de
266 2525 342 2587 patre
354 2520 421 2588 quid
433 2520 578 2586 referebat,
592 2519 673 2586 paulo
685 2524 785 2585 postet
803 2532 853 2586 ego
865 2518 1094 2572 commemorabo.
1108 2520 1225 2572 llxorem
1237 2519 1289 2572 sibi

60 2627 150 2676 mater
159 2621 308 2689 ingenuam
324 2620 402 2687 juxta
414 2632 520 2672 morem
533 2622 559 2672 et
571 2619 672 2673 saeculi
690 2619 859 2686 dignitatem,
874 2631 936 2671 cum
949 2622 1022 2672 esset
1034 2630 1170 2671 annorum
1183 2618 1287 2687 uiginti,

59 2723 187 2788 accipere
203 2721 380 2786 bortabatur;
394 2718 443 2772 sed
455 2719 520 2786 quia
532 2718 689 2772 inviolatam
702 2719 824 2784 corporis
836 2719 1019 2786 virginitatem
1038 2731 1147 2772 servare
1160 2722 1292 2785 perpetuo

58 2819 229 2886 decreverat,
242 2817 430 2872 blandientem
443 2830 527 2883 super
539 2817 590 2870 boe
604 2822 718 2870 matrem
731 2816 812 2884 longe
825 2816 986 2883 refugiebat.

10 2918 44 2977 Ι
96 2921 130 2974 8.
143 2920 288 2972 Enimuero
300 2918 381 2985 longo
394 2931 425 2972 ex
445 2922 569 2982 tempore
580 2916 749 2970 dominicum
771 2915 891 2970 adeundi
912 2917 1068 2982 sepulcrum
1081 2916 1227 2971 immodico
1241 2917 1292 2971 fer·

58 3019 141 3074 vebat
158 3016 402 3084 desiderio;quod
424 3017 509 3070 multo
530 3016 593 3069 licet
615 3016 660 3068 ille
681 3015 874 3069 dissimularet
896 3016 1006 3081 annisu,
1028 3017 1099 3070 bane
1119 3018 1178 3083 ejus
1199 3021 1291 3070 amen

58 3118 243 3173 intentionem
263 3117 318 3171 duo
339 3130 372 3170 ex
392 3115 533 3181 discipulis
554 3117 614 3182 ejus
636 3115 895 3181 animadvertentes,
910 3117 1069 3169 Ammonius
1089 3121 1116 3169 et
1131 3117 1258 3170 leuatus
1270 3120 1290 3183 ·,
1346 3114 1431 3192 ‘aad

57 3217 229 3272 &veterum
239 3230 269 3270 se
280 3222 308 3270 et
319 3216 370 3283 ipsi
384 3221 479 3269 sancto
493 3216 599 3269 itineris
619 3216 662 3268 sui
675 3216 789 3269 comites
801 3215 956 3270 individuos
967 3214 1109 3270 affuturos.
1121 3217 1190 3280 Quid
1200 3216 1292 3270 ultrat
1328 3181 1451 3233 Achams'

54 3316 235 3383 ltequaquam
246 3320 407 3380 aspernatur
427 3314 602 3375 virsanctus,
616 3314 699 3366 immo
720 3314 837 3367 laetatur
848 3318 953 3381 gratam
976 3314 1028 3367 sibi
1040 3315 1289 3383 peregrinationem

10 3414 40 3471 Ι
53 3415 140 3469 tantis
151 3415 216 3467 viris
237 3414 430 3468 cumulantibus
447 3426 596 3466 assumere.
609 3416 667 3465 lam
685 3425 760 3478 vero,
772 3412 846 3479 quod
859 3413 946 3467 solum
960 3414 1078 3467 restabat
1090 3417 1109 3480 '‚
1123 3427 1287 3480 prosperum
1324 3411 1430 3488 ‘'cod.

55 3513 110 3567 iter
130 3513 211 3566 uobis
227 3526 244 3566 a
260 3516 316 3567 beo
337 3513 538 3579 postulantibus
558 3517 585 3565 et
608 3511 708 3564 ducem
729 3512 845 3577 itineris,
858 3515 950 3578 optato
972 3512 1052 3566 nobis
1073 3515 1233 3579 supervenit
1253 3513 1288 3566 ab
1323 3477 1448 3530 mmm·

56 3625 155 3667 eremo
168 3613 211 3666 uir
221 3613 333 3680 quidam
345 3613 411 3665 baut
423 3612 550 3681 ignobilis
562 3612 661 3678 lamae,
675 3612 720 3664 cui
732 3625 832 3665 nomen
845 3611 988 3665 llarcellus
1000 3618 1076 3678 erat3
1089 3613 1123 3665 de
1136 3625 1191 3679 quo
1207 3612 1289 3666 etiam

55 3712 149 3766 isdem
160 3718 239 3778 pater
249 3713 364 3765 eximius
376 3712 516 3778 praeclara
529 3725 610 3778 saepe
623 3712 703 3764 nobis
724 3712 855 3764 virtutum
868 3712 995 3777 exempla
1017 3719 1192 3778 narraverat3
1206 3724 1286 3778 quae,

55 3812 126 3880 quia
136 3810 171 3865 ad
183 3812 236 3865 alia
248 3812 358 3876 festino,
373 3812 482 3864 interim
494 3815 646 3876 praetereo.
659 3813 685 3863 ls
700 3824 750 3865 nos
767 3811 886 3875 intuens,
901 3812 1025 3878 quamvis
1043 3811 1166 3865 nondum
1179 3812 1251 3865 visos
1263 3817 1291 3864 et

10 3910 38 3967 Ι
52 3911 175 3981 ignotos,
189 3910 400 3978 primoquidem
413 3910 552 3964 silentium
565 3910 670 3976 tenuit;
690 3910 754 3963 dein
774 3923 839 3976 prae
856 3910 956 3977 gaudio
974 3911 1129 3965 lacrimatus
1140 3910 1289 3977 infremuit,

55 4015 85 4065 et
96 4008 265 4063 benedicens
278 4022 328 4063 nos
340 4010 379 4062 sic
391 4010 429 4061 ait
442 4030 448 4058 ι
465 4008 592 4064 Gaudeo
599 4009 708 4076 plane,
721 4009 799 4076 qnia
811 4009 893 4076 qnod
907 4009 988 4062 mibi
994 4022 1157 4077 praesaga
1174 4009 1288 4063 mentia

55 4108 194 4177 agitatio
201 4107 439 4176 praemittebat,
457 4107 605 4174 eccejarn
616 4108 728 4162 video:
747 4121 843 4176 aanor
858 4108 975 4163 Christi
991 4109 1188 4164 innocentiae
1199 4108 1288 4176 purt-

57 4208 125 4261 tate
140 4205 317 4260 candentes.
332 4207 434 4260 bebinc
455 4207 568 4259 nomina
588 4207 770 4274 singulorum,
793 4220 863 4274 quae
882 4221 1033 4274 numquam
1049 4208 1183 4275 audierat,
1201 4207 1230 4260 id
1248 4214 1290 4261 est

56 4305 225 4367 Barsanorli,
238 4304 386 4367 ammonii,
396 4304 509 4368 donatii,
524 4304 715 4356 incunctanter
726 4306 867 4370 expressit.
881 4306 962 4359 ltobis
975 4306 1173 4359 admirantibus
1186 4311 1288 4358 tantam
1367 4370 1374 4384 ·

10 4404 40 4459 Ὀ
55 4404 174 4473 gratiam
187 4404 278 4456 inesse
299 4403 413 4470 bomini,
426 4404 524 4470 adjecit
536 4411 618 4470 atque
630 4405 668 4456 ait
682 4422 687 4456 :
701 4404 773 4457 Jam
786 4405 821 4457 in
833 4404 888 4459 boc
903 4407 976 4469 ocio,
991 4405 1110 4472 fratrer
1123 4405 1193 4472 mei,
1207 4404 1289 4473 qnod

53 4503 211 4558 Dominam
229 4514 318 4555 mette
337 4502 428 4555 Jeoas
452 4501 593 4556 Obrtrtns
605 4515 654 4554 me
664 4515 789 4556 emnam
801 4517 894 4557 anam
915 4516 935 4556 a
947 4504 1103 4558 desiderio
1114 4517 1180 4558 ntea
1193 4503 1287 4572 fraa-

54 4600 283 4667 darenalebat,
299 4601 376 4668 qaia
395 4601 575 4655 sanctitatis
587 4604 709 4655 vestrae
720 4601 873 4656 adventas
880 4604 1046 4671 praevenit
1062 4604 1145 4657 diem
1156 4603 1287 4658 vocatia
