3136 5482
198 327 243 392 30
543 340 668 390 caran.
688 339 790 389 coun.
810 337 1084 389 uruloensis.

199 509 352 578 navigando
369 522 417 576 per
435 509 523 561 laeum
544 503 734 561 Gebennensis
755 519 803 559 seu
822 504 1026 559 lausannensis
1046 505 1190 559 tendentes
1202 505 1349 559 voluerunt
1364 519 1400 574 ap¹

197 609 360 663 Tbononum
374 608 491 660 distante
503 619 519 659 a
530 606 603 658 dieto
615 605 674 659 loeo
687 606 805 672 spatium
818 606 902 657 trium
921 605 1063 657 leucarum
1083 618 1189 672 aquae;
1203 613 1230 658 et
1247 607 1315 671 ipsis
1328 608 1398 662 intra

197 713 225 760 et
238 707 420 760 existentibus
440 705 511 758 inira
532 704 669 771 quendam
689 716 786 757 navem
809 705 876 757 bora
891 703 1014 756 secunda
1035 716 1097 756 eum
1111 703 1224 757 dimidia
1236 706 1279 758 sel
1292 706 1400 773 eireapt

195 807 350 874 meridiem,
365 809 510 858 traxerunt
530 803 662 857 ramando
679 808 775 856 eontra
797 804 962 856 Tbononum
986 807 1012 855 et
1034 803 1143 856 iverunt
1164 816 1211 856 seu
1234 805 1400 872 navigaveru

21 920 87 976 cod,
101 934 165 987 que,
195 918 284 972 usque
294 905 328 957 ad
344 903 465 958 medium
478 902 544 956 dieti
560 902 635 955 lacus
648 902 694 956 vel
707 901 790 968 eirea,
804 903 850 968 qui
861 903 871 923 ·
884 900 992 954 medius
1004 902 1080 954 laeus
1091 901 1196 955 distare
1208 908 1316 969 poterat
1332 917 1348 956 a
1361 905 1400 959 di(

198 1005 258 1058 loeo
270 1005 387 1072 llorgiae
399 1003 486 1069 spatio
499 1002 581 1054 unius
591 1003 685 1054 leucae
698 1013 759 1053 eum
772 999 888 1052 dimidia
898 999 1028 1064 relolrea,
1039 1000 1100 1053 sine
1109 1001 1201 1067 aliquo
1214 1002 1339 1057 indebito
1352 1004 1400 1072 imp

200 1103 322 1156 dimento
336 1103 392 1155 sive
405 1103 513 1156 fortuna
524 1101 604 1153 mala.
619 1103 694 1152 Tune
705 1100 773 1166 ipsis
790 1100 818 1151 in
833 1099 923 1153 medio
937 1099 1012 1152 laeus
1025 1100 1067 1153 vel
1080 1100 1151 1153 eirea
1161 1101 1320 1154 extantibus
1333 1109 1362 1156 et
1373 1117 1400 1157 eo

199 1208 240 1254 tra
254 1203 417 1254 lbononum
439 1200 638 1266 navigantibus,
659 1199 871 1252 insurrexerunt
891 1199 960 1251 tanti
981 1199 1053 1251 venti
1073 1207 1099 1251 et
1120 1200 1221 1253 boreae
1233 1214 1317 1268 supra
1329 1202 1400 1256 dieto

158 1272 184 1324 ο
197 1300 300 1363 laeum,
321 1299 395 1366 quod
416 1298 487 1350 inira
505 1303 634 1364 quartum
655 1298 738 1350 unius
759 1295 849 1363 quarti
863 1298 955 1361 borae,
976 1298 1138 1365 urgentibus
1149 1296 1244 1366 undis,
1267 1299 1340 1352 dieta
1361 1314 1400 1354 nat

198 1400 340 1452 submersa
352 1397 412 1463 luit,
427 1402 454 1450 et
466 1394 663 1462 praenominati
674 1408 770 1449 omnes
782 1395 811 1448 in
829 1395 917 1448 laeum
931 1394 1096 1449 oeciderunt.
1110 1398 1141 1448 lli
1149 1397 1212 1451 ilieo
1225 1399 1312 1465 gratia
1324 1400 1371 1452 ltei
1383 1400 1400 1465 ip

198 1511 303 1565 omnes,
316 1502 424 1563 praeter
435 1495 524 1547 dietus
535 1497 656 1548 loannes
666 1497 770 1558 llonop,
784 1493 870 1547 tundo
887 1493 952 1547 dieti
972 1495 1051 1548 navis
1071 1509 1100 1548 se
1111 1497 1299 1562 arripuerunt,
1312 1503 1341 1551 et
1353 1512 1400 1564 sup

198 1596 314 1649 fundum
328 1592 487 1660 existentes,
501 1591 640 1658 undisque
651 1592 780 1645 ethereis
794 1594 1043 1660 perseverantibus,
1058 1594 1147 1647 dietus
1162 1595 1288 1660 Nyeodus
1301 1601 1328 1650 et
1343 1600 1400 1650 Petr

199 1695 311 1760 liestoit,
324 1695 441 1762 genibus
454 1693 540 1757 lieris,
559 1692 641 1745 eorde
653 1692 770 1745 contrito
783 1693 985 1759 devotioneque
998 1692 1064 1746 moti
1083 1708 1112 1747 se
1130 1694 1313 1749 reddiderunt
1325 1698 1400 1763 lteoq

199 1797 335 1864 gloriosae
347 1793 447 1861 virgini
458 1799 487 1845 et
498 1792 654 1844 beatissimo
665 1791 778 1846 claudio
795 1797 824 1844 et
841 1792 970 1845 omnibus
988 1794 1101 1859 sanetis,
1116 1793 1324 1860 requirentibus
1336 1797 1400 1851 deve

198 1900 230 1949 ut
249 1895 370 1961 ipsorum
383 1892 548 1958 adiutorium
569 1889 744 1943 interessent.
765 1892 960 1958 steteruntque
980 1893 1008 1944 in
1029 1893 1168 1958 praediola
1186 1895 1334 1948 devotione
1352 1909 1400 1962 sup

199 1992 314 2047 fundum
328 1991 416 2043 dietae
429 1989 506 2042 navis
527 1988 614 2055 spatio
632 1987 761 2042 dimidiae
782 1990 865 2043 borae
876 2004 884 2052 3
897 1995 924 2043 et
936 1989 1005 2056 ipsis
1023 1991 1051 2043 in
1064 1992 1133 2044 dieta
1146 1992 1293 2046 devotione
1305 2007 1400 2060 persev

199 2092 323 2145 rantibus
335 2097 362 2143 et
374 2095 499 2142 sanetum
512 2088 653 2141 claudium
675 2088 917 2154 proclamantibus,
939 2088 1010 2142 dieta
1023 2091 1100 2143 navis
1113 2105 1221 2144 reversa
1240 2093 1291 2144 luit
1310 2094 1339 2145 in
1353 2108 1400 2146 suu

198 2191 321 2244 debitum
342 2195 453 2249 statum,
473 2194 499 2240 et
520 2187 570 2252 ipsi
592 2185 663 2239 inlra
682 2186 781 2239 dietam
804 2200 900 2240 navem
921 2200 952 2240 se
972 2188 1146 2257 invenerunt,
1169 2191 1258 2244 nescit
1279 2193 1400 2259 quomod

199 2287 318 2355 exeeptis
326 2287 406 2339 dietis
419 2286 541 2339 cboudet
553 2291 580 2337 et
589 2285 648 2350 ejus
661 2283 725 2349 lilio,
739 2284 787 2350 qui
799 2285 935 2337 submersi
949 2285 1061 2339 luerunt
1072 2293 1125 2340 eta
1137 2293 1197 2354 post
1205 2289 1280 2354 ipsos
1292 2303 1350 2342 non
1360 2290 1400 2343 vid

16 2407 81 2461 cod,
90 2404 176 2460 navis,
195 2394 269 2442 runt.
283 2388 373 2440 bietus
393 2385 534 2438 lebannes
554 2387 648 2437 llonoz
668 2383 698 2434 in
717 2382 790 2436 dieta
800 2384 861 2436 navi
875 2386 1017 2450 'repertus
1031 2391 1164 2453 mortuus,
1180 2393 1278 2440 tenens
1292 2402 1356 2441 eum
1371 2403 1400 2442 su

197 2487 326 2540 manibus
338 2485 430 2538 sedem
444 2483 534 2536 dietae
548 2483 634 2547 navis,
647 2482 713 2548 quia
725 2486 837 2534 steterat
848 2483 945 2535 subtus
964 2485 1025 2537 navi
1044 2485 1161 2538 durante
1175 2491 1298 2553 tempore
1311 2501 1368 2556 quo
1381 2489 1400 2540 lv

197 2593 225 2640 et
236 2585 368 2638 remansit
389 2584 540 2636 submersa.
554 2583 676 2647 ipsisque
688 2581 716 2632 in
728 2580 800 2634 dieta
812 2583 884 2647 navi,
903 2588 933 2635 ut
950 2592 1042 2648 supra,
1060 2585 1177 2638 reversis
1195 2590 1222 2638 et
1234 2586 1400 2640 existentibu

197 2688 282 2738 lteum
294 2689 322 2736 et
333 2688 454 2736 sanctam
467 2680 577 2734 llariam
596 2692 629 2733 ae
640 2679 827 2733 beatissimum
840 2681 982 2733 claudium
1004 2682 1188 2750 reclamando,
1202 2696 1264 2737 eum
1278 2685 1365 2738 ramis
1377 2692 1400 2737 tr

197 2787 297 2836 xerunt
308 2787 335 2835 et
345 2781 548 2848 navigaverunt,
564 2792 619 2832 non
632 2779 806 2832 obstantibus
819 2778 945 2832 maximis
956 2779 1038 2833 undis
1050 2787 1077 2834 et
1088 2781 1181 2836 boreis
1201 2795 1311 2850 semper
1323 2783 1400 2837 lortit

196 2880 445 2948 perseverantibus,
458 2883 553 2933 eontra
565 2881 727 2944 lausonem,
742 2884 808 2931 etse
821 2879 986 2932 invenerunt
999 2893 1081 2947 prope
1095 2881 1185 2934 loeum
1197 2882 1290 2935 saneti
1308 2884 1400 2949 Suspir

196 2981 269 3035 eirea
285 2979 402 3045 spatium
414 2978 543 3031 dimidiae
561 2979 664 3030 leucae.
686 2979 763 3029 Tune
782 2983 916 3030 venerunt
936 2985 1055 3044 quatuor
1075 2979 1200 3033 homines
1220 2993 1235 3033 a
1253 2981 1315 3034 loeo
1335 2983 1400 3035 sant

197 3079 323 3147 suspirii,
335 3090 453 3144 quorum
465 3077 577 3130 nomina
590 3077 705 3143 ignorat,
726 3075 799 3128 inira
819 3077 956 3142 quendam
970 3090 1066 3131 navem
1088 3079 1122 3132 ad
1138 3079 1250 3132 eosdem
1269 3085 1297 3133 et
1308 3081 1345 3133 ad
1358 3079 1400 3146 ips

148 3176 150 3180 '
196 3192 257 3232 rum
271 3177 412 3242 auxilium,
426 3181 452 3230 et
465 3175 647 3230 incontinenti
665 3182 798 3242 oeperunt
814 3176 918 3229 dietum
935 3179 1088 3231 iohannem
1106 3177 1141 3231 de
1158 3180 1274 3245 Vergrez
1291 3184 1319 3232 et
1335 3181 1398 3245 ipsu

98 3257 104 3269 ³
194 3280 223 3333 iu
235 3277 297 3331 navi
309 3277 429 3342 ipsorum
442 3280 602 3343 posuerunt.
617 3275 673 3337 Quo
684 3272 712 3326 in
725 3274 796 3326 dieta
809 3274 874 3326 navi
885 3275 984 3342 posito,
998 3282 1109 3343 propter
1120 3282 1258 3331 tormenta
1266 3291 1342 3344 quae
1353 3292 1400 3344 pas

188 3378 298 3430 fuerant
310 3373 493 3429 incontinenti
513 3373 640 3426 decessit.
662 3375 746 3437 Quam
768 3385 823 3425 una
838 3386 899 3426 eum
922 3376 1138 3439 praenominatis
1161 3377 1317 3444 navigando
1339 3376 1400 3432 dux·

188 3481 253 3528 runt
265 3474 300 3528 ad
310 3476 439 3528 Sanctum
451 3473 614 3539 Susplrium,
627 3476 654 3525 et
666 3470 816 3537 praemissa
830 3471 923 3524 retulit
941 3473 998 3526 lore
1016 3487 1079 3527 vera
1091 3475 1163 3542 apud
1177 3477 1308 3528 sanetum
1322 3477 1400 3545 linge

188 3573 275 3639 dium,
288 3572 478 3640 praesentibus
491 3572 574 3624 tratre
588 3570 734 3623 Gautberio
747 3570 876 3635 villicari,
895 3570 1005 3624 Ordinis
1017 3575 1140 3627 Fratrum
1153 3575 1386 3629 'praedicatorum
1399 3592 1400 3627 1

188 3672 309 3738 bivione,
323 3671 423 3724 nobilis
435 3670 559 3723 iohanne
570 3670 604 3722 de
616 3668 763 3721 castilione
780 3668 892 3722 domino
909 3669 944 3723 de
956 3670 1158 3736 llonproverin,
1177 3677 1204 3725 et
1221 3674 1301 3726 Petro
1314 3673 1400 3728 Gaiila

187 3771 222 3824 de
234 3772 376 3836 Tironone,
389 3769 504 3822 testibus
516 3768 628 3822 voeatis.
641 3767 685 3820 Sic
696 3767 832 3835 signatum
845 3772 978 3836 utsupra.

223 3867 425 3922 menium.
437 3868 510 3921 idem
523 3871 554 3919 ut
564 3878 656 3932 supra.

222 3966 354 4021 Noverint
364 3966 487 4019 universi
499 3966 573 4033 quod
585 3965 629 4018 die
642 3966 736 4018 martis
748 3970 809 4031 post
829 3966 989 4019 Trinitatem
1007 3967 1121 4020 aeeessit
1138 3967 1173 4020 ad
1194 3969 1327 4022 sanetum
1341 3971 1400 4024 ciat

189 4068 265 4121 dium
280 4070 373 4120 Petrus
387 4067 515 4131 lteseuev,
530 4064 646 4117 clericus
658 4069 685 4116 et
697 4064 841 4132 burgensis
857 4066 984 4132 llorgiae,
998 4065 1139 4120 reddendo
1157 4073 1249 4120 votum
1263 4080 1358 4136 suum,
1372 4085 1400 4138 qt

188 4166 351 4232 promiserat
362 4178 412 4231 pro
424 4164 534 4218 fortuna
546 4164 672 4228 superius
682 4164 753 4217 dieta
765 4169 793 4216 et
810 4164 921 4230 seripta,
934 4164 1031 4217 dieens
1049 4171 1076 4218 et
1088 4164 1227 4219 affirmans
1239 4168 1336 4220 omnia
1349 4183 1400 4236 sup

188 4265 247 4319 rius
269 4264 342 4318 dieta
362 4273 425 4317 esse
449 4275 522 4316 vera.
544 4261 661 4314 lllterius
682 4261 752 4314 dixit
771 4268 799 4315 et
819 4262 966 4332 vulgariter
987 4262 1056 4316 dixit
1076 4265 1149 4330 quod
1163 4266 1240 4318 navis
1253 4278 1400 4335 reversap

187 4363 343 4430 perieulum
355 4367 384 4416 et
395 4361 525 4415 auxillum
542 4360 678 4427 gloriosae
689 4360 801 4429 virginis
818 4362 918 4415 llariae
931 4368 958 4414 et
974 4368 1131 4416 sanctorum
1149 4363 1265 4430 Claudii,
1276 4365 1387 4420 Nicolai

187 4461 319 4516 Ludoviel
334 4461 510 4525 Arelatensis,
527 4472 597 4526 quos
617 4472 714 4512 omnes
731 4459 799 4512 dixit
811 4459 884 4525 ipsos
896 4459 1009 4538 vidisse,
1021 4466 1049 4513 et
1067 4461 1141 4528 quod
1154 4463 1205 4528 ipsi
1223 4469 1280 4517 tres
1292 4477 1400 4532 oeperu

190 4561 282 4614 navim
297 4566 324 4614 et
336 4563 526 4624 ret·erserunt;
539 4564 567 4613 et
578 4571 674 4613 omnes
685 4558 732 4625 qui
744 4564 823 4612 erant
835 4571 918 4625 supra
930 4557 1045 4613 mndnm
1057 4561 1143 4628 naris,
1157 4561 1218 4616 ilico
1228 4560 1346 4619 bierunt
1360 4567 1400 4622 inl
