3136 5482
564 339 689 391 carah.
708 341 809 391 conl).
829 339 1003 391 Htotodtt.
1020 339 1103 391 hta.

409 510 533 562 Aeternis
545 510 650 563 alacres
662 510 805 577 potiuntur
817 523 867 577 pro
880 508 1019 578 perituris,

411 610 448 661 hc
459 622 509 676 pro
521 610 603 663 melle
615 611 723 665 acidum
737 615 906 665 commutant
916 623 1029 678 prorsus
1040 615 1168 675 acetum;

412 708 511 761 hantes
524 707 639 762 mortale
652 721 777 776 regnum,
790 697 907 763 tenuere
918 721 1051 776 perenne,

411 808 561 873 postposito
573 820 670 873 coeno,
682 814 827 862 vernantes
840 808 869 861 in
881 808 1017 875 paradiso.

410 906 430 957 0
448 918 531 973 quarn
544 907 686 961 mirandus
699 906 745 961 hic
758 920 805 961 rex
818 913 860 961 est
871 913 952 976 atque
964 908 1105 973 colendus,

410 1006 459 1069 Qui
472 1010 512 1058 tot
523 1019 571 1059 seu
585 1010 673 1060 tantos
686 1008 853 1061 nanciscitur
863 1006 986 1075 undique
998 1010 1108 1061 seruos!

411 1107 543 1169 Quattuor
553 1111 635 1173 atque
647 1112 744 1174 quater
756 1107 842 1160 denos
855 1111 965 1160 centurn
977 1108 1075 1173 quater
1086 1119 1144 1159 una

412 1207 482 1259 llora
495 1219 569 1260 nunc
582 1219 637 1259 una
649 1206 773 1260 caelestis
786 1204 899 1260 luminis
911 1205 972 1259 aula

411 1303 531 1371 Excepit,
545 1305 657 1358 claustri
670 1307 723 1360 cito
736 1309 834 1360 cuncta
845 1304 986 1359 obstacula
999 1318 1141 1374 rumpens,

410 1405 511 1471 Hisque
523 1405 596 1458 fores
609 1417 736 1460 reserans
748 1418 817 1473 quas
831 1406 941 1460 ohserat
952 1405 1010 1472 ipse
1023 1405 1161 1472 superbis.

411 1504 590 1571 Praesidium,
604 1507 720 1567 christe,
734 1505 786 1559 11111
799 1506 857 1560 istis
868 1506 999 1560 transitus
1009 1505 1071 1560 istc.

411 1605 501 1658 alatus
512 1611 586 1659 astra
598 1610 702 1673 petunt,
716 1620 798 1673 super
809 1619 928 1674 arvaque
939 1606 1062 1659 memhra
1075 1607 1257 1667 recumbunt.

72 1699 80 1717 ⁶
93 1697 158 1751 cod·
412 1706 527 1772 sanguis
539 1710 567 1759 et
578 1706 720 1759 errrndans
733 1704 846 1760 effervet
858 1710 866 1724 ⁹
878 1706 997 1759 maxime
1010 1718 1153 1772 spumans.

55 1760 176 1816 ‘stem'
381 1805 421 1856 11.
458 1804 505 1857 llic
517 1803 557 1856 ris
570 1806 669 1857 mentis
681 1805 770 1867 hehet,
784 1805 866 1858 simul
878 1810 906 1857 et
917 1804 1025 1872 linguae
1036 1816 1122 1858 sonas
1134 1804 1236 1859 haeret

413 1901 492 1956 laisari
505 1904 577 1958 riuos
588 1905 701 1958 istorum
716 1903 859 1973 sanguinis
871 1905 950 1958 altos.

412 2005 443 2056 Et
455 2004 522 2070 quid
533 2003 706 2058 Alexander?
719 2005 784 2072 quid
796 2006 938 2058 daemonis
950 2004 996 2057 ille
1008 2004 1145 2067 minister,

334 2124 337 2131 ·
410 2102 554 2169 lienteque
566 2115 621 2170 qua
633 2102 727 2171 riguit,
742 2102 800 2155 lieri
812 2103 879 2156 durn
891 2100 955 2156 talia
968 2101 1046 2165 vidit,

409 2201 554 2269 sanguinis
566 2199 667 2255 effusas
679 2209 751 2256 terra
764 2201 910 2255 ahsorbere
922 2200 1075 2267 procellas?

410 2302 474 2365 Quis
487 2302 563 2355 furor
574 2303 638 2356 huic
651 2304 791 2369 posthaec
804 2304 831 2355 in
845 2308 954 2356 sanctos
967 2300 1103 2369 stringere
1115 2300 1193 2353 tela?

412 2403 475 2453 llam
489 2407 572 2455 restat
584 2402 695 2469 cyricus
706 2416 774 2468 puer
786 2403 884 2467 almus,
897 2405 1022 2455 meteret
1034 2402 1103 2467 ejus,

410 2502 527 2569 llartyrii
539 2501 652 2556 nitidam
665 2503 769 2569 capturi
779 2504 842 2567 jure
853 2514 995 2565 coronam,

412 2603 464 2655 llos
477 2605 682 2668 praemittentes
695 2604 745 2657 sihi
759 2616 828 2670 quos
840 2604 929 2656 iecere
942 2600 1049 2654 fideles.

410 2702 455 2753 hst
467 2699 530 2754 illos
543 2702 601 2755 istis
609 2705 666 2769 jam
680 2717 753 2757 nunc
766 2708 920 2770 repetamus
933 2702 1050 2760 omissis.

409 2802 478 2854 llum
489 2801 549 2854 vice
561 2802 611 2854 rite
623 2815 672 2855 sua
684 2804 796 2855 veniant
808 2803 875 2856 haec
886 2799 1067 2855 enucleanda.

344 2900 400 2949 111.
437 2903 562 2954 Gemmas
573 2903 716 2969 quaerenti
728 2903 909 2968 perhibentur
920 2901 948 2953 hi
960 2899 1087 2965 similari,

409 3001 576 3067 lnquircndo
589 3003 687 3056 honam
702 3002 749 3055 sed
763 3007 789 3055 et
801 3003 871 3055 hanc
883 3000 936 3054 sihi
949 3000 1067 3054 emendo
1080 3006 1232 3068 repertam.

410 3101 441 3150 Et
455 3101 570 3166 quantit
583 3104 653 3154 Bona
667 3115 722 3154 non
735 3107 839 3155 tantum
853 3113 901 3154 sua
915 3105 1013 3154 cuncta
1025 3099 1138 3156 dedere.

409 3197 461 3250 sed
473 3206 559 3251 seruet
571 3200 668 3252 dantes
680 3213 820 3266 sumpsere
832 3201 883 3253 hac
895 3212 986 3253 merce
998 3203 1137 3265 parantes,

409 3298 481 3360 Quae
493 3310 567 3351 nunc
580 3300 607 3350 in
620 3299 702 3352 caelis
715 3299 743 3350 fit
756 3300 795 3352 eis
808 3299 944 3365 possessio
957 3298 1030 3363 felir,

411 3397 528 3450 lectoris
540 3411 571 3450 ac
584 3399 659 3451 illam
672 3398 767 3451 mundi
780 3397 966 3463 superomnia
980 3395 1121 3463 pulchram

410 3496 560 3550 Cernentes
573 3496 662 3563 oculo,
675 3498 795 3566 gaudent
807 3499 841 3552 oh
853 3510 924 3563 cam,
937 3495 1110 3550 venerandos

405 3597 485 3657 ,inter
498 3598 640 3651 thesauros
651 3598 840 3665 splendentem
854 3599 971 3651 maxime
985 3596 1065 3664 regis.

409 3701 486 3751 Nunc
498 3704 525 3751 et
537 3700 570 3752 ad
583 3700 723 3753 historiam
736 3701 814 3754 stilus
826 3701 906 3755 istinc
921 3702 1041 3753 transeat
1053 3699 1150 3763 ipsam.

410 3795 501 3851 Effusa
514 3812 577 3851 1010
590 3805 745 3853 sanctoruni
759 3801 893 3868 sanguine
905 3798 1004 3853 Christi

409 3899 629 3965 corporibusque
642 3900 727 3953 sacris
739 3902 848 3965 proprio
860 3897 1009 3965 spiramine
1021 3900 1115 3958 cassis,

410 3998 528 4051 ltemhra
541 3999 682 4052 bealorum
696 4013 804 4065 praeses
814 4000 892 4066 jubet
904 4000 950 4052 ille
962 4004 1093 4052 cruentus

411 4098 510 4149 llorum
523 4098 639 4159 concidi,
654 4098 741 4150 sedet
754 4111 815 4150 ossa
827 4111 859 4151 ae
870 4099 975 4153 viscera
988 4097 1087 4165 spargi.

410 4197 446 4246 lle
459 4196 570 4260 posthac
582 4201 694 4262 possent
707 4198 787 4249 simul
800 4196 991 4251 intumulanda
1002 4197 1111 4266 gregarl

409 4295 461 4346 h'ec
474 4293 661 4361 dispersorum
675 4294 753 4347 deret
764 4294 827 4362 quis
840 4297 968 4350 humator
980 4308 1086 4348 eorum.

331 4396 404 4446 1111.
441 4396 460 4445 0
473 4408 580 4448 saevam
593 4395 696 4448 rahiern
710 4409 758 4448 seu
771 4396 903 4461 praesidis
918 4396 1084 4462 impietatem
1098 4400 1104 4447 !

408 4495 466 4547 llon
479 4499 522 4547 sat
532 4502 591 4548 erat
603 4498 729 4548 truncum
743 4500 832 4549 terrae
847 4495 1027 4562 procumbere
1039 4508 1155 4562 eorpus.

410 4595 442 4646 lli
456 4594 555 4647 laceret
566 4595 706 4648 cumulum
719 4595 844 4661 propriae
857 4595 962 4662 pietatis
974 4594 1108 4660 opirnunr,
