3136 5482
460 350 552 401 etet.
571 352 654 401 nir.
674 351 788 402 ranis.
808 372 853 382 -
869 351 970 402 cono.
991 350 1049 412 en,
1067 348 1126 400 ote.
1361 332 1402 398 21

203 520 371 585 diceremum
382 517 646 587 archiepiscopus,
660 520 716 587 qui
732 520 775 573 ad
786 518 989 589 festivitatem
1009 520 1151 573 nostram
1163 530 1234 571 cum
1255 517 1408 584 episcopis

203 616 256 671 etde
262 616 373 684 macera
383 629 444 670 aaa
450 617 560 684 pratia
570 618 721 672 advenire
732 618 883 686 dipnatue
892 620 946 671 eet.
960 620 1030 671 llaec
1039 617 1144 681 dicens,
1155 621 1267 669 sanctus
1276 613 1409 668 tlartinus

204 712 309 767 cuneum
321 714 393 783 roras
405 714 440 768 de
454 715 570 769 ecclesia
583 714 658 768 misit
670 717 742 770 etad
755 716 824 770 alios
838 717 867 768 in
879 716 963 769 cnoro
977 715 1118 768 remeavit.

232 812 341 876 [Lectio]
352 815 420 866 11¹.
434 815 599 868 -Clericus
615 829 690 881 vero,
704 816 770 869 loris
782 816 926 869 ecclesiam
948 815 1062 881 positus,
1083 814 1224 866 interram
1238 826 1268 865 se
1284 811 1407 879 projecit,

180 911 195 963 5
207 915 229 962 et
237 912 416 966 sanctssimum
428 921 596 967 conventum
609 914 686 967 illum
706 915 853 966 matutinas
865 914 1049 967 celebrantem
1071 913 1185 967 audivit.
1199 916 1258 968 ltox
1275 917 1409 966 autemut

209 1007 278 1075 pallus
286 1011 383 1076 cecinit,
396 1013 499 1066 aeditui
511 1012 650 1067 aduerunt
662 1014 802 1079 ecclesiae,
817 1014 887 1066 ostia
905 1017 1016 1065 sancme
1033 1012 1108 1064 illius
1124 1012 1223 1066 domus
1236 1011 1407 1079 aperientes;

209 1105 372 1176 clericumque.
384 1125 467 1178 quem
480 1112 555 1165 intus
566 1113 740 1180 dimiserant,
754 1114 828 1166 foras
839 1113 1020 1178 invenientes,
1033 1111 1174 1177 reperiunt
1188 1113 1288 1178 januas
1299 1111 1407 1164 obsera·

210 1204 306 1258 tassicm
315 1207 482 1262 dimiserant.
496 1211 636 1274 Quaerunt
648 1209 787 1275 quomodo
799 1210 899 1264 lactum
913 1212 967 1277 sit;
980 1211 1090 1277 exponit
1100 1211 1146 1263 illc
1155 1224 1217 1264 cum
1228 1210 1320 1264 multis
1331 1209 1410 1265 lacri.

211 1300 559 1376 misqmevideratquaeqne
569 1309 702 1373 audierat,
711 1315 740 1363 ut
751 1322 833 1376 supra
843 1310 996 1368 retulimus.
1007 1312 1123 1377 stupent
1132 1310 1284 1377 omnesqui
1294 1308 1409 1362 audiunt

174 1402 200 1451 to
211 1408 327 1464 superam
339 1408 457 1461 mirabili
469 1408 540 1462 lacto
552 1415 579 1462 et
591 1411 675 1461 iteum
695 1408 848 1463 mirabilem
869 1410 898 1461 in
915 1409 1018 1465 sanctis
1035 1408 1094 1463 suis
1111 1408 1241 1463 cordibus
1259 1415 1286 1462 et
1298 1407 1411 1462 vocibus

212 1499 288 1564 ptn'tu
298 1506 457 1560 collaudant.
471 1510 617 1575 Postquam
629 1521 693 1561 vero
706 1509 740 1561 ad
753 1510 848 1562 lteram
869 1514 982 1561 ventum
1003 1514 1046 1562 est
1056 1522 1110 1576 qua
1123 1510 1234 1576 maioris
1245 1509 1344 1562 missae
1357 1507 1409 1560 sol·

118 1676 120 1689 Ι
210 1596 286 1653 lemnia
302 1604 430 1658 celebrari
447 1607 600 1672 deberent,
621 1605 733 1659 advenit
753 1605 872 1660 domnus
897 1605 1119 1673 archiepiscopus
1141 1609 1216 1675 lingo
1239 1605 1408 1660 Turonensis

118 1720 122 1743 ι
212 1694 295 1753 uuam
305 1709 460 1757 mutaturos
472 1705 544 1759 sicut
557 1718 616 1759 mos
627 1707 636 1725 ·
648 1711 691 1758 est
699 1704 840 1758 ecclesiae.
852 1707 949 1759 Coram
959 1717 992 1758 eo
1001 1711 1028 1758 et
1037 1718 1128 1759 coram
1138 1707 1214 1759 omni
1222 1707 1321 1773 populo
1330 1705 1409 1759 adve-

118 1762 122 1869 !
211 1794 353 1865 tituenus,
364 1816 426 1857 rem
437 1811 540 1871 gestam
553 1808 584 1857 ut
594 1805 713 1858 diximus
722 1804 872 1871 retulit3et
882 1809 1025 1870 praecepto
1034 1803 1232 1871 archiepiscopi
1240 1810 1410 1859 sacramento

118 1890 122 1975 l
174 1893 198 1943 ta
209 1891 344 1967 lacosuper
355 1901 428 1955 beati
451 1904 560 1956 itartini
581 1916 690 1969 corpus,
703 1904 775 1956 sicut
787 1903 892 1957 dixerat
907 1916 1002 1957 verum
1020 1903 1105 1958 luisse
1117 1905 1297 1959 confirmavit.
1310 1908 1408 1959 octava

208 1997 301 2052 rendli
310 2001 483 2067 supradictus
504 2003 620 2056 clericus
642 2008 704 2068 post
725 2002 926 2069 perceptionem
945 2004 1112 2056 sacrosancti
1125 2005 1367 2070 corporiscmisti,
1380 2011 1410 2058 ut

205 2097 417 2160 tausmrtlnns
429 2109 610 2173 praedixerat,
632 2109 740 2162 felicem
763 2109 900 2163 exhalavit
914 2111 1058 2177 spiritum,
1080 2109 1114 2162 ad
1134 2109 1241 2163 laudem
1255 2116 1281 2162 et
1292 2110 1407 2178 gloriam

205 2201 299 2257 nonnis
306 2207 415 2272 consti,
427 2208 475 2274 qui
486 2221 549 2261 cum
563 2211 641 2262 Patre
661 2214 689 2262 et
708 2209 809 2275 spiritu
830 2215 925 2262 sancto
947 2209 1013 2260 vivit
1030 2214 1056 2261 et
1069 2215 1163 2276 regnat
1176 2211 1246 2261 [teus
1258 2210 1408 2276 peremnia

200 2301 584 2359 menamecmorummmen.

654 2464 946 2477 w

420 2703 528 2794 XIII.
552 2702 677 2792 (lodex
708 2704 897 2814 signatus
928 2729 1042 2791 num.
1067 2702 1158 2790 911.

210 2914 277 2967 Olim
287 2916 397 2983 collegii
419 2919 552 2969 navarrae
575 2917 683 2968 Parisiis
707 2918 753 2979 ll),
774 2914 876 2969 deinde
896 2917 1069 2970 colbertinus
1095 2919 1170 2982 list,
1195 2921 1288 2982 postea
1309 2915 1408 2985 nepus

172 3016 204 3066 G.
217 3013 292 3066 ladit
305 3016 329 3067 2.
343 3017 368 3067 Ξ.
381 3028 411 3067 α.

205 3114 342 3166 Foliorum
354 3116 397 3178 to,
411 3115 476 3167 min.
490 3115 712 3181 (damulti),
728 3114 808 3166 lineis
821 3114 920 3179 plenis.
933 3118 1060 3167 exaratus
1073 3126 1146 3167 saec.
1161 3115 1214 3167 xv.

201 3211 332 3267 continet
343 3213 431 3267 codex
450 3213 568 3267 odicium
589 3215 726 3282 integrum
742 3214 777 3266 de
795 3215 822 3266 S.
844 3212 979 3267 tudovico
997 3215 1029 3265 itt
1045 3227 1108 3282 rege
1125 3215 1302 3279 Francorum,
1315 3215 1360 3267 cui
1377 3215 1407 3267 el

162 3316 304 3370 lectiones
314 3315 349 3368 de
368 3316 427 3368 vita
442 3316 503 3381 ejus
523 3316 643 3368 insertae
655 3320 720 3367 sunt
740 3314 796 3372 (iol.
814 3318 844 3366 tv
856 3317 927 3381 sqq.)
942 3328 974 3367 ex
995 3314 1052 3367 vita
1075 3315 1229 3379 conscripta
1241 3313 1276 3366 ab
1292 3319 1405 3367 anctore

160 3426 308 3481 anonymo
320 3414 431 3482 reginae
442 3416 608 3481 margaretae
616 3412 784 3468 confessario
793 3414 920 3479 (edrici.
928 3414 984 3480 SS„
995 3415 1030 3467 ad
1042 3414 1069 3467 d.
1079 3415 1111 3467 25
1119 3415 1269 3480 iug.,tom.
1279 3415 1309 3473 v.
1317 3427 1343 3480 p.
1355 3415 1403 3467 dtl

160 3512 253 3580 equ).
266 3516 297 3563 ut
309 3496 426 3574 videtur,
437 3510 601 3577 compendio
612 3518 763 3577 excerptae.

647 3683 940 3694 ———

421 3922 524 4010 XIV.
549 3921 673 4009 Codex
703 3922 892 4030 signatus
922 3947 1034 4010 num.
1059 3917 1155 4010 912.

195 4137 272 4191 otim
285 4135 394 4188 Antonii
408 4136 494 4188 Faure
504 4135 554 4187 iso
564 4135 610 4198 (Ξ),
622 4133 725 4187 deinde
740 4135 839 4202 Regius
851 4136 880 4186 C.
895 4135 968 4186 1235.
983 4137 1008 4187 2.

194 4303 237 4364 (1)
257 4297 315 4351 Fol.
329 4300 373 4350 38·
387 4296 515 4363 inscripta
536 4302 579 4350 est
598 4297 666 4349 haec
679 4302 743 4349 nota
758 4309 842 4349 mann
863 4296 964 4349 saeculi
987 4298 1039 4348 11111
1053 4317 1058 4346 :
1072 4298 1133 4350 Iste
1157 4296 1281 4350 libellus
1302 4300 1347 4351 est
1367 4299 1406 4352 de

155 4380 295 4451 capelia
316 4379 477 4433 scolarum
495 4378 534 4432 de
549 4377 729 4444 campania,
742 4378 829 4431 aliae
840 4378 878 4430 de
890 4377 1037 4431 Navarra
1057 4378 1161 4431 Poris.
1175 4378 1238 4432 sita
1254 4379 1349 4432 dotus
1360 4381 1405 4434 eis

155 4477 252 4522 anno
274 4461 402 4516 Domini
423 4463 500 4515 1181ο
518 4473 624 4515 uwuce
642 4461 780 4528 capucii.
794 4461 952 4529 Alleluia,·
964 4466 992 4514 et
1004 4461 1049 4515 lot.
1063 4464 1110 4513 ὅτε
1124 4461 1287 4515 Adrianus
1306 4462 1404 4517 dnm·

155 4550 259 4614 copae
280 4556 418 4609 maenus
436 4543 588 4610 mapister
610 4534 739 4611 Coltepii
757 4543 932 4596 Navarrae.
957 4544 1029 4597 1591.
1054 4570 1087 4582 -
1116 4544 1152 4607 li)
1171 4545 1257 4596 Antea
1278 4545 1403 4599 coenobii

157 4629 250 4697 mugi
273 4626 369 4694 campi
389 4638 475 4692 prope
496 4626 621 4690 Parisios,
639 4631 670 4679 ut
684 4629 791 4680 constat
803 4625 856 4679 liae
880 4631 944 4680 nota
965 4625 1100 4692 descripta
1119 4639 1203 4680 manu
1224 4628 1326 4682 saeculi
1347 4630 1401 4682 xvi

1300 5052 1483 5152 fl
