3156 5452
399 308 492 358 nme.
512 308 595 358 ner.
614 308 730 358 rems.
749 328 794 337 —
810 308 888 357 con.
908 305 984 356 etta.
1251 295 1315 359 125

66 485 100 532 et
111 480 137 531 si
150 479 248 532 verbis
259 477 417 543 discrepare
429 475 581 528 videantur.
595 476 691 528 Omnia
710 488 828 541 namque
841 477 913 527 hunc
933 477 1046 529 Athenis
1064 477 1223 536 oriundum.
1238 480 1312 532 Pauli

67 577 285 644 praedicatione
297 589 471 639 conversum,
482 575 687 627 Atheniensium
701 574 844 626 abeodem
856 575 979 639 apostolo
992 577 1226 644 archiepiscopum
1239 579 1312 630 ordi·

68 682 188 741 natum,
201 677 321 743 indeque
347 675 383 728 ad
394 675 493 728 Christi
506 673 587 728 iidem
601 674 810 739 praedicandam
824 675 851 725 in
866 673 967 726 Gallias
980 675 1141 728 adventasse
1154 684 1182 729 et
1196 679 1313 730 Parisios

10 754 16 815 l
66 775 190 828 civitate
213 774 343 841 martyrio
366 776 586 826 consummatum
610 771 784 825 concorditer
808 777 1006 838 protestantur,
1032 773 1067 826 ad
1091 776 1262 828 aemulorum
1290 784 1318 829 ct

10 818 293 927 ssohtreetantium
314 884 363 925 ora
383 871 559 933 obstruenda,
581 871 762 924 nescientium
783 885 853 938 quac
875 872 1024 937 loquuntur
1048 888 1138 939 neque
1157 875 1192 926 de
1214 876 1317 940 quihus

66 972 227 1026 affirmant.
240 974 333 1038 ltaque
346 984 381 1023 ne
393 970 536 1024 dominum
549 974 576 1022 et
587 976 692 1035 patrem
705 983 806 1023 vacuus
820 970 978 1034 salutarem,
993 972 1074 1025 homo
1095 974 1313 1040 semigraeculus

68 1072 165 1126 etmx
177 1072 288 1136 latinus,
301 1069 421 1124 officium
446 1070 616 1135 praesumpsi
638 1070 803 1134 interpretis,
817 1076 980 1136 sumptaque
1004 1073 1097 1122 charta
1119 1078 1145 1124 et
1158 1078 1312 1127 atramento

21 1222 24 1233 ,
70 1174 247 1236 arreptoque
266 1169 381 1232 calamo,
394 1167 499 1234 eligens
521 1166 694 1219 exomnihus
711 1179 826 1233 eaquae
847 1168 1013 1221 venerahilis
1025 1170 1137 1222 Michael
1159 1171 1312 1236 patriarcha

73 1268 333 1335 Hierosolymorum
345 1268 373 1318 in
387 1266 495 1319 laudem
514 1265 625 1331 pretiosi
637 1266 762 1330 martyris
774 1279 904 1319 sermone
914 1280 1011 1333 praeco
1022 1268 1132 1320 sublimi
1143 1269 1205 1321 stilo
1217 1269 1314 1327 edidit,

76 1380 132 1432 pro
146 1366 277 1420 facultate
297 1365 399 1433 ingenii
412 1369 439 1416 et
459 1365 657 1417 intellectusin
680 1365 795 1416 latinum
807 1366 874 1416 verti
896 1365 1046 1431 eloquium.
1063 1370 1116 1418 Nec
1138 1368 1229 1419 mirari
1252 1367 1315 1432 quis

81 1464 169 1518 dehet
180 1464 204 1518 si
225 1465 386 1533 elegantiam
399 1463 533 1517 sermonis
553 1463 768 1529 eloquentissimi
782 1463 830 1516 viri
851 1465 878 1516 in
899 1464 1078 1517 translatione
1089 1466 1244 1531 exprimere
1258 1479 1315 1519 uon

87 1563 310 1630 ponteonem
332 1563 472 1628 interpreti
492 1561 580 1615 multa
600 1563 655 1614 sint
672 1569 698 1614 et
718 1562 902 1615 subtrahenda
927 1568 955 1614 et
973 1564 1127 1630 adicienda,
1150 1564 1319 1631 quandoque

89 1664 172 1716 etiam
184 1663 312 1716 mutanda
323 1674 434 1730 genera,
447 1675 537 1726 casus,
545 1668 668 1727 tempora
680 1661 788 1727 aliaque
797 1675 880 1728 quam
893 1662 1019 1730 plurima,
1031 1667 1142 1729 propter
1154 1664 1316 1730 peregrinae

95 1760 199 1831 limone
210 1762 348 1828 idiomata,
361 1766 392 1814 ul
406 1759 535 1814 latinitati
556 1774 615 1814 mos
626 1766 745 1828 geratur.
759 1761 832 1828 quod
856 1765 883 1813 et
899 1761 995 1814 heatus
1017 1763 1196 1829 Hieronymus
1209 1768 1237 1815 et
1256 1763 1319 1816 sous

11 1912 15 1917 .
100 1860 261 1928 eloquentiae
268 1861 374 1914 Tullius
387 1862 543 1914 necessario
556 1860 712 1913 laciendum
724 1867 861 1914 asserunh
872 1861 941 1914 illud
954 1861 1049 1927 procul
1062 1861 1147 1915 duhio
1159 1862 1315 1924 sciendum,

18 1992 21 1997 -
108 1959 170 2026 mia,
180 1972 240 2013 cum
252 1960 333 2026 hujus
346 1958 496 2011 beatissimi
508 1959 655 2011 Galliarum
668 1959 794 2024 specialis
810 1961 916 2024 patroni
935 1972 998 2025 prae
1011 1960 1110 2012 ceteris
1125 1961 1227 2012 sanctis
1247 1961 1319 2012 fama

13 2081 39 2130 3,·.
111 2056 207 2111 erlehris
218 2065 245 2111 ct
255 2058 387 2111 memoria
406 2057 560 2110 favorabilis
580 2058 608 2109 in
621 2063 677 2111 toto
690 2059 756 2110 urhe
769 2058 853 2110 latino
875 2058 1021 2119 recolatur,
1035 2060 1153 2125 amplius
1165 2060 1221 2111 iere
1243 2059 1315 2124 apud

116 2166 206 2219 (news
218 2163 246 2210 et
265 2157 413 2210 orientales
434 2157 577 2209 universos
590 2157 683 2221 opinio
704 2157 764 2222 ejus
777 2155 931 2208 celebratur
952 2162 980 2208 et
991 2156 1086 2224 gloria,
1101 2169 1153 2208 nec
1174 2157 1319 2224 quisquam

13 2250 50 2296 -ἱ
120 2250 204 2308 illorum
213 2262 292 2324 negat
302 2256 345 2308 rel
366 2256 425 2321 eius
437 2255 480 2308 vel
491 2255 627 2308 sociorum
648 2255 733 2322 ipsius
744 2255 815 2319 apud
829 2267 879 2307 nos
892 2256 1074 2308 sacratissima
1087 2256 1244 2308 conservari
1256 2266 1319 2308 cor·

120 2357 307 2415 prolecturus
327 2355 442 2408 obsecro
464 2367 499 2406 ne
520 2353 587 2405 mihi
600 2359 781 2406 succenseant
802 2353 989 2419 r1uod‚virum
1011 2362 1121 2407 secutus
1141 2354 1278 2407 eruditum
1291 2360 1319 2407 et

64 2520 66 2522 v
126 2453 286 2522 tumorum,
300 2461 355 2509 tres
368 2456 525 2521 hypostases
537 2466 587 2519 pro
599 2454 685 2506 trihus
698 2455 822 2519 personis
835 2454 863 2505 in
880 2456 929 2506 hoc
947 2454 1080 2519 opusculo
1093 2455 1242 2520 posuerim,
1256 2468 1321 2520 quo·

126 2548 180 2603 dam
188 2558 212 2607 el
221 2554 291 2621 apud
303 2566 425 2607 summos
437 2554 584 2606 latinorum
597 2553 724 2605 doctores
738 2551 790 2605 hoc
802 2554 953 2605 factitatum
963 2552 1080 2620 diligens
1094 2554 1179 2606 lector
1191 2555 1322 2605 inveniet.

10 2620 59 2678 [θ’
125 2643 185 2713 leet,
202 2653 235 2704 mi
254 2652 364 2717 domne,
386 2652 409 2703 si
429 2651 527 2717 placet,
549 2652 659 2703 hrerem
681 2651 750 2701 hune
771 2651 977 2702 translationem
990 2655 1036 2703 luo
1051 2651 1165 2703 dicatam
1191 2652 1323 2716 nomine3

124 2740 222 2806 [quamsi
233 2750 293 2820 tihi]
308 2751 442 2817 placuisse
455 2750 651 2818 commoverint.
665 2749 765 2817 ce]tera
777 2763 886 2815 quoque
900 2749 981 2816 q[uae
994 2751 1028 2802 nd
1040 2751 1164 2816 gloriam]
1178 2752 1326 2803 hieromar-

10 2834 25 2923 ᾗ
45 2842 49 2847 ’
81 2825 112 2881 ¹¹⁹⁴
124 2840 174 2900 llll's
188 2852 267 2903 nostri
289 2850 408 2917 Dionysii
421 2850 584 2916 pertinentia
597 2849 711 2916 legendo
733 2850 852 2914 repperi,
868 2849 895 2899 in
909 2855 1029 2900 nostram
1044 2848 1163 2915 linguam
1176 2850 1326 2902 transferre

121 2935 246 3008 temptabo,
260 2949 445 3002 Benenateas.

577 3133 855 3144 --—--..——.

313 3386 408 3475 cvl.
442 3385 567 3473 dodex
596 3386 786 3496 signatus
816 3411 929 3473 num.
963 3384 1088 3472 2449.

133 3587 204 3654 ⁰lim
225 3603 315 3656 Caroli
334 3601 369 3655 de
381 3601 515 3655 llontchal
528 3601 722 3667 archiepiscopi
741 3601 866 3654 'tolosani
878 3601 944 3653 cod.
959 3601 1037 3666 LVI,
1057 3599 1156 3651 deinde
1168 3599 1331 3651 Telleriauo·

101 3670 248 3753 nelltensis
258 3701 302 3766 le,
316 3705 410 3766 postea
421 3701 521 3767 Regius
533 3702 562 3752 C.
575 3702 650 3753 58l2.
663 3704 688 3752 5.

131 3783 272 3854 Foliorum
288 3801 344 3864 ltu,
358 3799 429 3852 med.
442 3800 644 3864 (0⁰¹‚50><O‚20).
658 3798 740 3852 lineis
753 3799 851 3865 plenis,
865 3803 991 3850 exaratus
1004 3809 1076 3848 saec.
1090 3799 1120 3848 h.

203 3896 1329 4001 [thmmmemmhfflmmmdehmmmrm

251 4023 390 4102 urbem
408 4021 645 4122 Byzantium}
665 4022 745 4114 (fol.
768 4020 986 4113 trist-ild).

128 4140 185 4208 Eu.
208 4160 236 4210 r.
261 4158 299 4219 t.‚
323 4160 388 4208 om.
410 4155 473 4217 xm,
487 4168 512 4219 p.
526 4156 628 4206 etr-er.
642 4153 694 4206 seu
716 4155 744 4205 tn
766 4153 858 4206 coerce
880 4153 943 4205 totto
964 4151 1107 4203 <senciente
1128 4151 1215 4215 initio,
1238 4149 1335 4214 incipit

10 4298 12 4305 .
93 4229 266 4336 &mttere
289 4258 318 4308 in
337 4256 379 4308 his
399 4255 489 4308 teritis
503 4256 597 4319 eapitis
608 4259 624 4306 3
636 4256 725 4321 (paulo
738 4261 802 4308 ante
813 4255 896 4320 med.)
908 4256 947 4307 Et
958 4254 1115 4320 accipiens·
1126 4253 1236 4319 posuit
1250 4251 1335 4304 illud

94 4338 130 4385 ιη
145 4346 278 4410 lectula.
