3136 5482
178 309 246 375 350
522 326 647 376 caran.
668 328 769 377 coen.
790 329 964 379 usnemun.
983 329 1065 379 nar.

183 497 287 564 absque
309 496 364 549 ulla
394 496 510 562 injuriae
532 498 675 551 vexatione
696 498 845 565 constituit,
867 512 898 551 ae
930 498 1130 566 propemodum
1151 498 1287 552 finitimum
1307 498 1367 551 futuro

180 597 306 662 sepulcro
318 596 406 651 tenaci
425 595 572 649 admodum
592 599 621 649 in
639 598 755 651 statione
774 597 907 651 fundavit.
921 598 1072 651 Exlribuisti
1093 599 1216 667 martyri,
1227 611 1303 661 mare,
1314 596 1368 649 Men

181 701 252 747 tuam
274 702 302 748 et
321 695 454 749 absconsa
475 696 607 763 obsequia
629 696 749 750 dilucide
762 696 918 763 prodidisti.
931 698 1106 750 bevotionem
1119 703 1194 750 tuam
1211 698 1239 749 in
1253 693 1368 764 hujusmodi

16 804 64 856 od.
78 803 164 857 samu.
176 794 351 848 famulatibus
363 797 371 813 '
385 807 441 848 non
455 795 595 858 miramur,
609 796 656 862 qui
669 795 785 849 divisum
800 802 826 850 te
837 797 933 862 priscis
945 796 1115 863 temporibus
1135 796 1188 850 sub
1199 797 1253 849 ictu
1262 796 1369 864 virgaqut

11 869 141 924 lantibus·
175 895 291 960 populus
304 895 351 947 bei
366 895 538 962 liberaretur,
550 896 718 963 agnovimus.
731 899 840 963 lfagnas
860 895 942 961 piane
954 896 1043 961 portui
1062 896 1219 962 'ffpasitano
1236 891 1385 948 mercasti

175 1000 293 1059 vectans,
307 999 334 1047 et
345 995 426 1048 nobis
439 1000 571 1048 servatam
583 996 730 1049 extribuisti
744 1000 889 1063 martyrem
912 1001 938 1048 et
960 995 1120 1049 demersum
1141 1009 1229 1063 usquc
1249 994 1318 1049 bodie
1329 1005 1364 1047 nou

172 1095 274 1159 ejecisti
287 1093 444 1147 draconem.
460 1097 517 1148 tino
529 1094 682 1161 eodemque
693 1094 796 1161 judicio
821 1094 964 1147 reddidisti
983 1094 1046 1147 fidei
1070 1101 1183 1148 nostrae
1200 1095 1270 1162 quod
1287 1094 1363 1160 penitus

173 1193 311 1261 abnegasti
332 1192 469 1260 perfidiae.
492 1193 611 1258 biabole,
624 1192 690 1260 quid
709 1193 757 1244 tibi
778 1193 880 1260 profuit
900 1198 1007 1247 tanturn
1020 1194 1097 1246 nefas
1117 1194 1148 1247 in
1161 1192 1363 1259 exitiumooqitare

174 1293 320 1359 martyris?
342 1294 454 1346 Potuisti
476 1306 575 1359 corpus
595 1294 623 1345 in
636 1305 711 1345 mare
732 1292 855 1359 pmicere
867 1309 875 1358 ;
888 1292 1023 1360 numquid
1042 1293 1164 1346 animam
1176 1293 1280 1360 potuisti
1293 1304 1306 1344 a
1319 1300 1366 1357 pare

173 1390 232 1444 diso
245 1394 392 1446 revocaret
1370 1384 1390 1439 tt

207 1493 251 1543 11.
264 1494 301 1543 Ac
313 1503 348 1544 ne
359 1492 402 1544 vel
413 1493 496 1545 unius
507 1491 648 1545 intervallo
661 1491 714 1544 diei
728 1491 845 1544 dicatum
866 1495 919 1546 beo
939 1493 1098 1560 martyrium
1112 1493 1245 1556 latuisset,
1255 1497 1280 1545 et
1292 1504 1319 1543 ei
1329 1486 1360 1541 ali

31 1596 117 1673 (cod.
173 1605 227 1657 qua
247 1598 324 1658 parte
344 1593 499 1660 sacrilegii·
520 1592 688 1646 clandestina
711 1592 846 1645 celaretur
864 1593 998 1659 impietas,
1011 1605 1076 1646 ecee
1093 1593 1255 1646 Saturninus
1272 1588 1359 1657 quiden

0 1661 161 1730 ⁰¹¹¹⁰ss¹¹¹m⁶
175 1703 209 1743 cx
219 1691 365 1744 Galliarum
378 1693 500 1758 partibus
513 1692 608 1745 iisdem
620 1704 708 1758 paene
728 1691 874 1746 momentis
892 1691 1053 1755 adveniens,
1066 1691 1361 1759 commemorasses

174 1789 266 1841 nitatis
285 1791 359 1842 auris
387 1790 561 1843 adulantibus
581 1789 710 1843 mollibus
720 1791 855 1856 zephyris,
868 1791 902 1843 ad
921 1796 1030 1856 portum
1047 1791 1107 1844 vela
1124 1789 1251 1857 deposuit
1269 1794 1293 1841 et
1305 1795 1358 1840 tneo

175 1900 232 1940 ram
242 1889 323 1954 jecit;
336 1894 363 1942 et
375 1887 445 1941 fidus
456 1888 610 1954 incipientis
619 1890 729 1942 aestatis
738 1889 906 1956 temporibus
916 1889 1047 1956 ipsisque,
1058 1895 1087 1943 ut
1100 1890 1188 1957 aiunt,
1198 1902 1230 1943 ex
1241 1880 1385 1956 iqnopatttW

82 1992 112 2046 ·,
176 1986 248 2039 tibus
266 1988 283 2054 ⁶,
308 1986 418 2054 quibus,
442 1988 519 2053 quasi
542 2001 577 2039 ex
599 1988 731 2041 hodierno
752 1991 834 2054 patet,
854 2000 929 2042 mare
953 1992 979 2040 et
999 1988 1086 2055 pelagi
1108 1988 1200 2042 rabies
1223 1979 1359 2053 conthtdl

174 2087 274 2153 quibus
286 2087 335 2139 feri
354 2087 451 2140 fluctus
462 2088 585 2154 deposito
597 2093 703 2143 tumore
716 2090 862 2142 mitescunt
873 2096 900 2141 et
920 2102 1002 2142 omne
1024 2089 1087 2142 litus
1104 2088 1220 2142 eflicitur
1231 2091 1357 2154 portuosior

15 2256 18 2261 ι
174 2201 235 2239 cum
247 2188 329 2239 etiam
349 2189 436 2241 caecis
457 2189 581 2240 noctibus
601 2187 722 2257 dirigunt
742 2202 838 2241 secure
858 2189 968 2242 carinae
987 2194 1062 2241 certa
1082 2189 1156 2241 inter
1178 2187 1270 2241 fluctus
1284 2184 1357 2237 turen.

33 2290 118 2344 ‘cod
176 2286 251 2338 navis
263 2299 329 2339 suae
341 2288 474 2339 tutissima
486 2288 603 2340 statione
616 2288 756 2340 fruebatur
768 2292 784 2339 '.
798 2291 859 2340 lfox
876 2289 957 2356 igitur
975 2287 1139 2341 insanientis
1156 2286 1242 2356 pelagi
1252 2272 1358 2351 fragor*

4 2354 149 2410 ssuemmf·
175 2384 286 2449 tollitur,
301 2386 398 2439 fluctus
417 2385 561 2454 eriguntur
582 2386 616 2438 ad
628 2387 717 2440 sidera
734 2392 760 2439 et
779 2386 865 2440 salum
878 2399 960 2440 omne
972 2385 1078 2440 infestis
1100 2386 1221 2441 aestibus
1232 2364 1386 2439 remmon!

171 2486 249 2538 ibant
261 2486 332 2538 inter
344 2498 373 2538 se
393 2487 510 2538 invicem
533 2487 654 2538 certatim
676 2487 765 2539 undae
786 2486 888 2538 mutuis
906 2485 1055 2539 admodum
1073 2484 1189 2554 rigendo
1200 2476 1357 2539 cernebat
1389 2498 1392 2503 ·

169 2582 240 2635 intra
260 2596 339 2637 cavos
359 2585 436 2636 sinus
460 2585 573 2652 gurgitis
598 2584 726 2637 carnemti
752 2589 828 2637 antra
852 2583 988 2651 quaedam
1012 2583 1195 2652 fragminibus
1222 2576 1356 2635 iammoni

169 2681 314 2735 tibtexerat
325 2686 430 2736 caetum
445 2683 538 2735 nubila
551 2684 701 2736 crassitudo
720 2690 746 2736 et
757 2684 828 2736 aeris
842 2684 936 2736 maesti
954 2683 1072 2735 tristitiis
1083 2682 1152 2736 solis
1165 2680 1253 2735 radios
1262 2679 1354 2733 obscur*

168 2785 252 2833 verat.
267 2781 321 2834 biri
343 2784 432 2834 micati
456 2782 579 2834 tremulis
597 2782 694 2834 ictibus
716 2782 867 2849 migrabant
882 2782 953 2834 faces
971 2781 1194 2834 continuantium
1211 2780 1358 2833 coruscum,

169 2887 195 2935 et
207 2880 257 2933 sub
270 2894 389 2934 concavo
402 2881 456 2947 poli
470 2881 572 2933 ambitu
591 2881 693 2947 mugitu
715 2881 880 2946 grandisono
892 2879 1062 2945 crepitabant
1074 2879 1182 2947 fragosa
1194 2858 1387 2932 tonitruaurfl

169 2979 355 3033 tundebantur
367 2982 442 3047 ripae
453 2982 480 3032 in
493 2979 554 3033 nisu
568 2980 687 3032 violento
704 2980 803 3031 montis
816 2979 953 3046 aquigeni,
967 2982 994 3030 et
1006 2977 1129 3032 refluens
1144 2979 1246 3046 vertigo
1262 2978 1356 3039 maadi

168 3078 350 3132 velationibus
363 3092 508 3132 arenarum
530 3079 632 3131 vicinas
650 3077 725 3129 caelo
747 3078 897 3131 rorantium
918 3090 1077 3143 spumarum
1095 3082 1187 3145 guttas
1198 3062 1359 3129 ercnuualit

166 3192 215 3243 per
227 3192 346 3244 puppem
359 3178 481 3230 insiliens
502 3177 663 3230 decurrebat
685 3176 781 3229 fluctus
802 3176 836 3228 ad
857 3189 975 3241 proram,
990 3176 1055 3228 inde
1068 3188 1118 3241 per
1136 3189 1246 3242 proram
1255 3172 1356 3240 premnt

167 3278 241 3330 unda
253 3279 389 3330 ferebatur
409 3278 443 3330 ad
456 3291 584 3343 puppem,
599 3283 625 3329 et
642 3282 779 3342 tamquam
793 3276 904 3342 quidam
917 3277 1047 3343 scopulus
1060 3275 1153 3330 nudus
1165 3276 1200 3330 ad
1218 3286 1303 3330 omncs
1319 3274 1358 3335 pti

166 3376 249 3428 cellas
260 3379 410 3442 oppositus,
425 3378 460 3427 ita
479 3377 692 3429 transferebatur
706 3378 790 3440 navis,
805 3389 947 3442 perquam
964 3374 1082 3428 mediam
1100 3378 1234 3441 permixta
1253 3350 1387 3433 affimat„

169 3476 255 3543 pelagi
268 3477 471 3544 oppugnatione
484 3476 639 3529 currebant.

201 3574 250 3627 12.
270 3578 342 3629 inter
363 3576 410 3628 iras
431 3576 517 3627 moles
538 3582 565 3627 et
585 3576 668 3627 furias
688 3574 885 3628 confidentium
905 3581 1097 3642 tempestatum
1118 3577 1290 3629 Saturninum
1307 3566 1358 3622 illln

24 3679 110 3733 ‘eod
168 3675 243 3726 navis
256 3675 397 3728 dominum
419 3680 523 3740 'sopor
538 3675 609 3727 altus
630 3674 764 3740 oppressit
784 3681 811 3727 et
823 3675 870 3727 tali
892 3675 1034 3727 minaciter
1052 3673 1171 3728 docetur
1187 3660 1361 3727 admonitusl¹

12 3744 125 3799 dmm·
168 3774 220 3826 nisi
242 3775 368 3839 martyris
389 3786 497 3840 corpus,
511 3774 584 3840 quod
603 3773 664 3826 navi
683 3785 748 3825 suae
766 3773 973 3838 subterjacebat,
988 3773 1140 3827 humationi
1152 3773 1297 3831 mandaret,
1308 3758 1364 3819 stilti

168 3887 197 3926 se
227 3888 288 3925 cum
311 3875 372 3926 nari
393 3887 452 3926 csse
474 3874 635 3939 periturum.
657 3875 688 3925 nt
713 3872 759 3925 ille
776 3873 944 3940 expergitus,
965 3880 1106 3940 tamquam
1136 3872 1311 3926 deliramenta
1330 3844 1391 3914 iffi!

167 3974 300 4039 quaedam
322 3978 430 4026 ostensa
451 3973 601 4038 reputabat.
615 3973 746 4024 increscit
766 3977 856 4024 autem
877 3972 922 4024 die
943 3972 1028 4025 altera
1041 3973 1179 4038 tertiaque
1196 3958 1368 4036 tempestati

166 4071 298 4124 crebriter
315 4073 437 4138 undique
459 4073 546 4123 saevis
573 4071 728 4124 turbinibus
750 4071 958 4137 ingmentibus,
980 4072 1112 4136 optabant
1132 4072 1225 4123 cuncti
1246 4071 1298 4136 jam
1315 4057 1369 4117 ntt'tt

167 4172 252 4237 ipsius
273 4173 411 4224 sustinere
430 4173 572 4237 jacturam,
594 4170 765 4222 solummodo
787 4177 815 4222 ut
835 4169 929 4222 salutis
952 4183 1018 4223 suae
1041 4171 1142 4223 damna
1163 4158 1375 4223 declinarenttit

165 4273 283 4324 secunda
305 4273 430 4324 similiter
451 4277 477 4322 et
499 4272 656 4323 tertiarum
678 4269 892 4323 comminatione
908 4270 1085 4323 commonitio
1099 4288 1108 4336 3
1121 4274 1149 4324 et
1161 4276 1271 4324 erectus
1282 4256 1378 4336 periculi
1421 4258 1423 4263 '

22 4371 108 4423 ‘eod
167 4372 319 4424 insistensis
340 4373 468 4427 intuite.
490 4383 552 4423 sero
570 4370 680 4422 tandem
707 4371 870 4422 Saturninus
898 4370 944 4422 itte
971 4375 1083 4435 temptat
1104 4383 1190 4425 nosse
1207 4370 1283 4439 quod
1299 4352 1412 4423 tetiam·

1 4438 142 4490 ‘nmmum'
164 4471 310 4536 jubebatur
322 4472 469 4537 inquirere.
478 4471 538 4535 lpse
552 4470 632 4536 igitur
645 4476 729 4521 semet
742 4470 814 4521 inter
827 4481 936 4534 spumas
948 4469 1087 4521 continuis
1102 4470 1230 4525 motibus
1241 4469 1388 4527 abientes

166 4581 233 4632 quas
246 4569 319 4620 reim
330 4569 432 4621 vellera
453 4567 588 4634 quaedam
606 4578 701 4631 sparsa
715 4580 764 4632 per
777 4567 886 4633 pelagos
899 4565 983 4619 exiles
995 4572 1023 4618 et
1043 4568 1074 4618 in
1085 4573 1192 4623 tenues
1204 4571 1305 4625 bulbus
1316 4578 1395 4634 eom
