3136 5482
607 336 733 387 CATAL.
754 330 855 381 conl).
876 330 1050 382 HAGIOGR.
1071 334 1151 385 [ΔΤ.

461 512 489 561 1η
503 505 715 571 contemplando
727 503 849 557 lacrimis
860 507 972 556 auctore
984 516 1111 571 superno.

460 607 578 660 procidit
590 605 776 669 inlacrimans,
790 616 852 657 curn
867 603 974 656 fletibus
988 603 1081 657 oscula
1094 602 1191 671 figens.

461 706 580 772 rtrreplis
593 703 708 778 pedihus
723 704 761 757 sic
774 717 824 770 per
835 703 953 769 suspirie
968 704 1059 755 latur:

460 807 580 869 Maure,
588 815 713 871 precor,
726 802 849 857 comitis
862 801 965 856 nostri
975 801 1286 868 misererejcceneir.

461 907 527 959 Hac
539 904 646 970 coitur
658 915 737 958 cure
750 901 864 957 medici
875 903 914 955 de
924 904 1023 956 morte
1033 900 1157 969 fictura.

460 1003 494 1056 Si
505 1004 595 1057 <lotor
607 1005 752 1070 necetur,
766 1001 842 1069 quid
855 1002 917 1055 erit
927 1001 993 1055 reici
1003 1001 1084 1069 quod
1096 1001 1253 1056 morietur·
1266 1004 1280 1056 ‚⁹

460 1103 521 1156 Nec
533 1102 630 1154 recreer
641 1100 778 1167 audiret,
791 1100 846 1153 secl
857 1099 980 1167 ferrum
993 1098 1080 1168 serre
1088 1100 1248 1168 nequiret.

460 1203 520 1255 Fer
531 1200 701 1253 miseretur
713 1211 810 1265 opem,
823 1211 905 1266 quere
915 1197 1039 1267 ferreum
1052 1199 1152 1253 nescit
1163 1200 1194 1253 et
1205 1199 1329 1267 lenens.

461 1300 579 1353 Fletibus
592 1299 634 1351 liis
645 1299 730 1351 Mauri
743 1303 807 1351 sunt
818 1298 921 1351 viscera
934 1303 1006 1351 meta
1019 1298 1100 1352 beati.

461 1403 527 1452 llurn
540 1399 667 1464 precibus
679 1396 798 1450 lacrimis
813 1399 889 1463 prius
901 1397 935 1450 ad
947 1397 1075 1451 caelestia
1086 1398 1187 1453 missis.

464 1503 484 1552 Α
498 1498 602 1552 medice
615 1511 711 1565 puram
724 1498 824 1550 meruit
835 1498 895 1550 sine
906 1498 1020 1550 uulnere
1031 1510 1124 1551 curum

463 1599 559 1652 omnia
571 1597 618 1664 qul
633 1597 692 1651 solo
704 1601 840 1649 restaurat
851 1596 956 1663 perdita
968 1596 1061 1649 verbe.

463 1697 588 1750 Protinus
600 1699 686 1749 erexit
697 1709 765 1753 sese,
779 1708 942 1762 censumque
955 1696 1049 1749 retexit

460 1799 579 1859 llaurus,
593 1801 620 1848 et
634 1797 696 1848 trine
708 1800 813 1860 partein
829 1795 895 1863 ligni
907 1795 981 1862 quod
993 1796 1117 1849 contudit
1127 1801 1219 1850 arteni

463 1897 567 1949 Profert
580 1894 724 1961 serpentis,
738 1908 838 1961 corpus
851 1895 923 1949 luvet
934 1895 1008 1948 unde
1018 1895 1133 1961 jacentis
1146 1911 1154 1946 ε

466 1995 593 2059 Christe,
606 1994 710 2049 crucis
722 1995 812 2062 siano
820 1995 917 2061 prius
929 1993 984 2049 hoc
996 1993 1051 2061 qui
1056 1994 1190 2061 perdita
1203 1995 1308 2064 limen,

463 2095 571 2158 Dicens,
584 2096 718 2149 salvasti
730 2093 955 2163 confractaque
966 2093 1182 2158 consolident,

468 2196 553 2248 true
566 2197 623 2246 tua
637 2192 802 2259 lanquoris
813 2193 856 2245 sit
863 2194 960 2261 potio,
973 2206 1053 2247 cura
1065 2191 1207 2259 dolorie,·

464 2292 563 2359 Limen
575 2293 756 2352 damnatus,
772 2292 917 2359 linteoque
927 2292 1033 2347 creeris
1044 2294 1229 2359 reparatus,

465 2394 522 2447 Hic
534 2394 632 2447 miser
643 2393 777 2460 inflatus
790 2392 833 2445 stt
844 2395 874 2445 el
886 2391 942 2446 hoc
955 2391 1041 2458 licito
1053 2392 1227 2446 relevatus.

469 2495 559 2548 Curet
571 2493 645 2547 item
652 2494 787 2560 planam
799 2491 941 2544 rediviva
952 2491 1044 2544 salus
1055 2490 1249 2546 redivivam.

464 2597 496 2646 Ut
508 2593 612 2661 lignum
622 2593 714 2659 junxit
726 2594 834 2643 llaurus
846 2603 1001 2657 corpusque
1013 2590 1153 2657 perunxit,

464 2692 539 2759 ligni
553 2693 678 2745 virtutem
691 2691 767 2743 dicas
779 2702 922 2743 remanere
934 2690 1060 2755 salutem,

463 2794 570 2846 l'ertere
583 2793 742 2859 languorem
755 2791 867 2845 dorsum
881 2792 1065 2857 miserumque
1077 2795 1218 2846 tumorem
1231 2811 1241 2859 3

463 2893 521 2944 Nox
534 2892 603 2957 fugit
615 2896 645 2944 ut
656 2890 752 2953 solem,
765 2889 859 2942 videas
871 2889 1031 2942 decrescere
1043 2888 1145 2942 melem

462 2989 590 3057 Corporis
603 2991 688 3044 inflati
703 3007 710 3042 :
723 2992 762 3043 sic
775 2992 887 3044 morbus
901 2991 1023 3042 membra
1035 2989 1107 3042 beuti

80 3096 90 3116 ·
103 3095 215 3148 lutactu
227 3097 251 3146 Ξ.
463 3089 501 3141 tld
514 3093 614 3141 taeturn
627 3092 635 3108 ·
650 3089 725 3155 ligni,
739 3101 809 3155 quae
820 3089 876 3153 jam
890 3088 928 3140 sic
940 3086 1030 3140 lucida
1044 3086 1155 3153 linquit,

463 3190 590 3255 Expulsis
603 3187 726 3242 tenebris
738 3190 808 3241 sicut
821 3188 850 3240 lit
861 3188 969 3241 lucidus
980 3185 1066 3242 urbis.

348 3287 389 3340 ¹8
401 3288 461 3353 (25).
496 3288 622 3340 Buritani
634 3289 757 3354 comites,
771 3288 838 3340 haec
851 3288 935 3340 lluurl
949 3288 1025 3355 signu
1036 3286 1174 3340 videntes.

463 3389 570 3445 Exultat
582 3389 662 3441 villae
675 3389 737 3453 plus
749 3388 959 3441 archidiaconus
972 3386 1028 3452 iile,

464 3489 544 3540 Plebs
556 3489 646 3549 simul,
660 3488 694 3540 ad
708 3496 831 3541 sanctum
844 3501 915 3554 quae
926 3487 1040 3541 confluit
1051 3499 1115 3541 eece
1126 3487 1304 3544 uidendum.

351 3589 389 3640 te
402 3591 461 3653 (el).
498 3588 610 3651 Quridnrn
623 3603 718 3641 sersus
730 3601 815 3655 eques
828 3588 893 3640 ilum
905 3587 1013 3640 scandit
1024 3588 1135 3654 Sergius
1147 3587 1247 3654 Alpes,

464 3690 541 3740 Forte
555 3688 743 3739 sinistrorsum
755 3701 850 3739 saxum
863 3701 947 3753 super
958 3687 1058 3740 oceidit
1068 3699 1169 3749 unum,

465 3790 532 3841 llurn
546 3791 614 3841 citus
627 3788 765 3853 aseendit3
780 3802 895 3856 surgens
907 3788 983 3853 penis
996 3800 1058 3841 ossa
1070 3788 1193 3851 retorsit,

464 3890 650 3954 llcsonnisque
663 3886 759 3955 globus
772 3888 801 3939 lit
814 3901 862 3954 pes
876 3892 948 3940 teres
960 3893 991 3940 ut
1003 3888 1071 3954 lepis
1083 3900 1167 3943 unus,

466 3990 508 4041 Sic
521 3989 591 4054 turni
605 3989 697 4054 specie
710 3987 784 4054 quod
799 4000 849 4039 nec
862 4000 910 4052 pes
922 3986 1022 4040 dicitur
1033 4000 1103 4039 esse.

464 4088 572 4140 Accedit
583 4090 692 4139 llaurus
704 4088 772 4139 haec
784 4086 817 4138 ed
830 4092 955 4151 pertenta
967 4087 1072 4151 beatus,

465 4191 569 4253 Perque
581 4188 671 4239 crucis
683 4188 793 4255 signum
802 4187 883 4252 jubet
894 4188 968 4240 lrunc
982 4185 1108 4239 incedere
1122 4200 1243 4243 sunum.

346 4289 391 4340 20
403 4289 463 4351 (23).
499 4291 552 4340 Ner
566 4293 630 4340 sunl
643 4288 778 4340 immunes
790 4288 874 4339 llaurl
887 4287 1032 4340 virtutibus
1044 4286 1135 4351 Alpes.

466 4387 567 4440 orandi
580 4400 671 4451 causa,
686 4388 754 4454 legio
768 4401 822 4454 que
837 4386 964 4440 conditur
977 4399 1053 4452 ausu,

466 4488 523 4549 Quo
537 4486 612 4539 locus
625 4491 666 4539 est
677 4491 778 4553 gratus,
793 4485 866 4537 venit
879 4485 958 4538 levita
973 4484 1077 4538 beatus.

465 4586 567 4652 templi
581 4586 699 4639 claustra
712 4599 790 4638 secus
803 4585 941 4651 poscendo
954 4584 1056 4639 cibaria
1068 4596 1182 4647 caecus,
