<?xml version="1.0" encoding="UTF-8"?>
<!DOCTYPE html PUBLIC "-//W3C//DTD XHTML 1.0 Transitional//EN"
    "http://www.w3.org/TR/xhtml1/DTD/xhtml1-transitional.dtd">
<html xmlns="http://www.w3.org/1999/xhtml" xml:lang="en" lang="en">
 <head>
  <title>
</title>
<meta http-equiv="Content-Type" content="text/html;charset=utf-8" />
  <meta name='ocr-system' content='tesseract 3.04.00' />
  <meta name='ocr-capabilities' content='ocr_page ocr_carea ocr_par ocr_line ocrx_word'/>
</head>
<body>
  <div class='ocr_page' id='page_1' title='image "./cataloguscodicu01manugoog_0330.png"; bbox 0 0 3156 5452; ppageno 0'>
   <div class='ocr_carea' id='block_1_1' title="bbox 299 317 1335 390">
    <p class='ocr_par' dir='ltr' id='par_1_1' title="bbox 299 317 1335 390">
     <span class='ocr_line' id='line_1_1' title="bbox 299 317 1335 390; baseline -0.005 -1"><span class='ocrx_word' id='word_1_1' title='bbox 299 339 392 390; x_wconf 80' lang='lat' dir='ltr'><strong>aran.</strong></span> <span class='ocrx_word' id='word_1_2' title='bbox 410 338 493 390; x_wconf 78' lang='lat' dir='ltr'><strong>uxr.</strong></span> <span class='ocrx_word' id='word_1_3' title='bbox 512 338 630 390; x_wconf 77' lang='lat' dir='ltr'><strong>axam.</strong></span> <span class='ocrx_word' id='word_1_4' title='bbox 648 357 693 370; x_wconf 88' lang='lat'><strong>-—</strong></span> <span class='ocrx_word' id='word_1_5' title='bbox 709 336 862 389; x_wconf 75' lang='lat' dir='ltr'><strong>trauan.</strong></span> <span class='ocrx_word' id='word_1_6' title='bbox 883 336 931 387; x_wconf 76' lang='lat' dir='ltr'><strong>ao</strong></span> <span class='ocrx_word' id='word_1_7' title='bbox 949 335 1028 386; x_wconf 88' lang='lat' dir='ltr'><strong>ooo.</strong></span> <span class='ocrx_word' id='word_1_8' title='bbox 1047 331 1123 384; x_wconf 83' lang='lat' dir='ltr'><strong>area.</strong></span> <span class='ocrx_word' id='word_1_9' title='bbox 1267 317 1335 387; x_wconf 79' lang='lat' dir='ltr'><strong>ato</strong></span> 
     </span>
    </p>
   </div>
   <div class='ocr_carea' id='block_1_2' title="bbox 136 503 1335 1963">
    <p class='ocr_par' dir='ltr' id='par_1_2' title="bbox 136 503 1335 1963">
     <span class='ocr_line' id='line_1_2' title="bbox 136 503 1332 576; baseline -0.008 -12"><span class='ocrx_word' id='word_1_10' title='bbox 136 511 185 564; x_wconf 72' lang='lat' dir='ltr'><strong>to.</strong></span> <span class='ocrx_word' id='word_1_11' title='bbox 197 512 259 564; x_wconf 83' lang='lat' dir='ltr'><strong>lam</strong></span> <span class='ocrx_word' id='word_1_12' title='bbox 272 511 346 564; x_wconf 90' lang='lat' dir='ltr'><strong>enim</strong></span> <span class='ocrx_word' id='word_1_13' title='bbox 364 510 482 563; x_wconf 90' lang='lat' dir='ltr'><strong>instabat</strong></span> <span class='ocrx_word' id='word_1_14' title='bbox 497 516 614 576; x_wconf 88' lang='lat' dir='ltr'><strong>tempos,</strong></span> <span class='ocrx_word' id='word_1_15' title='bbox 633 522 687 576; x_wconf 87' lang='lat' dir='ltr'><strong>quo</strong></span> <span class='ocrx_word' id='word_1_16' title='bbox 708 516 734 563; x_wconf 89' lang='lat' dir='ltr'><strong>et</strong></span> <span class='ocrx_word' id='word_1_17' title='bbox 746 509 878 563; x_wconf 81' lang='lat' dir='ltr'>Dominus</span> <span class='ocrx_word' id='word_1_18' title='bbox 891 518 970 559; x_wconf 89' lang='lat' dir='ltr'><strong>servo</strong></span> <span class='ocrx_word' id='word_1_19' title='bbox 982 505 1082 559; x_wconf 89' lang='lat' dir='ltr'><strong>diurno</strong></span> <span class='ocrx_word' id='word_1_20' title='bbox 1095 504 1195 559; x_wconf 89' lang='lat' dir='ltr'><strong>sudore</strong></span> <span class='ocrx_word' id='word_1_21' title='bbox 1208 503 1332 556; x_wconf 81' lang='lat' dir='ltr'><strong>militanti</strong></span> 
     </span>
     <span class='ocr_line' id='line_1_3' title="bbox 137 603 1335 675; baseline -0.006 -13"><span class='ocrx_word' id='word_1_22' title='bbox 137 622 226 663; x_wconf 88' lang='lat' dir='ltr'><strong>cerae</strong></span> <span class='ocrx_word' id='word_1_23' title='bbox 239 610 470 663; x_wconf 82' lang='lat' dir='ltr'><strong>remunerationis</strong></span> <span class='ocrx_word' id='word_1_24' title='bbox 482 610 626 662; x_wconf 91' lang='lat' dir='ltr'><strong>denarium</strong></span> <span class='ocrx_word' id='word_1_25' title='bbox 640 609 802 675; x_wconf 90' lang='lat' dir='ltr'><strong>impertiret,</strong></span> <span class='ocrx_word' id='word_1_26' title='bbox 816 613 908 672; x_wconf 82' lang='lat' dir='ltr'><strong>eiquo</strong></span> <span class='ocrx_word' id='word_1_27' title='bbox 919 605 1191 672; x_wconf 84' lang='lat' dir='ltr'><strong>servusduplicatum</strong></span> <span class='ocrx_word' id='word_1_28' title='bbox 1203 603 1335 657; x_wconf 77' lang='lat' dir='ltr'><strong>exhibens</strong></span> 
     </span>
     <span class='ocr_line' id='line_1_4' title="bbox 136 703 1333 785; baseline -0.007 -22"><span class='ocrx_word' id='word_1_29' title='bbox 136 713 246 774; x_wconf 86' lang='lat' dir='ltr'><strong>emtum,</strong></span> <span class='ocrx_word' id='word_1_30' title='bbox 260 709 410 785; x_wconf 79' lang='lat' dir='ltr'><strong>intraturus</strong></span> <span class='ocrx_word' id='word_1_31' title='bbox 419 711 448 762; x_wconf 90' lang='lat' dir='ltr'><strong>tn</strong></span> <span class='ocrx_word' id='word_1_32' title='bbox 460 710 567 763; x_wconf 82' lang='lat' dir='ltr'><strong>Domini</strong></span> <span class='ocrx_word' id='word_1_33' title='bbox 580 710 622 763; x_wconf 93' lang='lat' dir='ltr'><strong>sui</strong></span> <span class='ocrx_word' id='word_1_34' title='bbox 631 709 760 777; x_wconf 88' lang='lat' dir='ltr'><strong>gaudium</strong></span> <span class='ocrx_word' id='word_1_35' title='bbox 771 707 895 760; x_wconf 89' lang='lat' dir='ltr'><strong>debitum</strong></span> <span class='ocrx_word' id='word_1_36' title='bbox 905 707 1039 773; x_wconf 87' lang='lat' dir='ltr'><strong>reciperet</strong></span> <span class='ocrx_word' id='word_1_37' title='bbox 1048 705 1210 772; x_wconf 89' lang='lat' dir='ltr'><strong>praemium.</strong></span> <span class='ocrx_word' id='word_1_38' title='bbox 1221 703 1333 759; x_wconf 77' lang='lat' dir='ltr'><strong>Eodem-</strong></span> 
     </span>
     <span class='ocr_line' id='line_1_5' title="bbox 136 804 1330 878; baseline -0.003 -16"><span class='ocrx_word' id='word_1_39' title='bbox 136 823 146 862; x_wconf 64' lang='grc' dir='ltr'>ε</span> <span class='ocrx_word' id='word_1_40' title='bbox 167 814 297 874; x_wconf 88' lang='lat' dir='ltr'><strong>tempore</strong></span> <span class='ocrx_word' id='word_1_41' title='bbox 318 810 432 878; x_wconf 88' lang='lat' dir='ltr'><strong>insignis</strong></span> <span class='ocrx_word' id='word_1_42' title='bbox 452 812 479 862; x_wconf 92' lang='lat' dir='ltr'><strong>et</strong></span> <span class='ocrx_word' id='word_1_43' title='bbox 502 810 592 877; x_wconf 89' lang='lat' dir='ltr'><strong>magni</strong></span> <span class='ocrx_word' id='word_1_44' title='bbox 614 811 703 863; x_wconf 89' lang='lat' dir='ltr'><strong>meriti</strong></span> <span class='ocrx_word' id='word_1_45' title='bbox 722 809 792 862; x_wconf 90' lang='lat' dir='ltr'><strong>abba</strong></span> <span class='ocrx_word' id='word_1_46' title='bbox 811 807 977 861; x_wconf 81' lang='lat' dir='ltr'><strong>badocensis</strong></span> <span class='ocrx_word' id='word_1_47' title='bbox 1007 806 1184 871; x_wconf 89' lang='lat' dir='ltr'><strong>monasterii,</strong></span> <span class='ocrx_word' id='word_1_48' title='bbox 1216 804 1330 860; x_wconf 89' lang='lat' dir='ltr'><strong>nominc</strong></span> 
     </span>
     <span class='ocr_line' id='line_1_6' title="bbox 136 904 1331 975; baseline -0.003 -15"><span class='ocrx_word' id='word_1_49' title='bbox 136 909 211 973; x_wconf 86' lang='lat' dir='ltr'><strong>rius,</strong></span> <span class='ocrx_word' id='word_1_50' title='bbox 228 907 319 961; x_wconf 89' lang='lat' dir='ltr'><strong>clarus</strong></span> <span class='ocrx_word' id='word_1_51' title='bbox 338 909 484 961; x_wconf 90' lang='lat' dir='ltr'><strong>virtutibus</strong></span> <span class='ocrx_word' id='word_1_52' title='bbox 505 914 533 962; x_wconf 91' lang='lat' dir='ltr'><strong>et</strong></span> <span class='ocrx_word' id='word_1_53' title='bbox 553 908 686 975; x_wconf 82' lang='lat' dir='ltr'><strong>sapientia</strong></span> <span class='ocrx_word' id='word_1_54' title='bbox 707 908 779 961; x_wconf 89' lang='lat' dir='ltr'><strong>inter</strong></span> <span class='ocrx_word' id='word_1_55' title='bbox 797 911 887 960; x_wconf 87' lang='lat' dir='ltr'><strong>colera</strong></span> <span class='ocrx_word' id='word_1_56' title='bbox 908 905 1031 960; x_wconf 90' lang='lat' dir='ltr'><strong>tidelium</strong></span> <span class='ocrx_word' id='word_1_57' title='bbox 1051 905 1159 974; x_wconf 89' lang='lat' dir='ltr'><strong>agmina</strong></span> <span class='ocrx_word' id='word_1_58' title='bbox 1178 904 1331 971; x_wconf 88' lang='lat' dir='ltr'><strong>specialiter</strong></span> 
     </span>
     <span class='ocr_line' id='line_1_7' title="bbox 136 1005 1330 1074; baseline -0.003 -14"><span class='ocrx_word' id='word_1_59' title='bbox 136 1006 275 1060; x_wconf 80' lang='lat' dir='ltr'><strong>ieralibus</strong></span> <span class='ocrx_word' id='word_1_60' title='bbox 294 1007 373 1060; x_wconf 90' lang='lat' dir='ltr'><strong>bonis</strong></span> <span class='ocrx_word' id='word_1_61' title='bbox 394 1012 421 1060; x_wconf 92' lang='lat' dir='ltr'><strong>et</strong></span> <span class='ocrx_word' id='word_1_62' title='bbox 441 1006 550 1074; x_wconf 90' lang='lat' dir='ltr'><strong>optimis</strong></span> <span class='ocrx_word' id='word_1_63' title='bbox 570 1007 692 1060; x_wconf 90' lang='lat' dir='ltr'><strong>moribus</strong></span> <span class='ocrx_word' id='word_1_64' title='bbox 708 1005 904 1073; x_wconf 81' lang='lat' dir='ltr'><strong>praepollebat.</strong></span> <span class='ocrx_word' id='word_1_65' title='bbox 925 1006 992 1059; x_wconf 90' lang='lat' dir='ltr'><strong>iluic</strong></span> <span class='ocrx_word' id='word_1_66' title='bbox 1009 1005 1108 1058; x_wconf 75' lang='lat' dir='ltr'><strong>divitus</strong></span> <span class='ocrx_word' id='word_1_67' title='bbox 1132 1008 1330 1070; x_wconf 87' lang='lat' dir='ltr'><strong>praeoccupato</strong></span> 
     </span>
     <span class='ocr_line' id='line_1_8' title="bbox 136 1102 1330 1172; baseline -0.003 -14"><span class='ocrx_word' id='word_1_68' title='bbox 136 1107 204 1171; x_wconf 89' lang='lat' dir='ltr'><strong>ciis,</strong></span> <span class='ocrx_word' id='word_1_69' title='bbox 217 1106 248 1158; x_wconf 92' lang='lat' dir='ltr'><strong>in</strong></span> <span class='ocrx_word' id='word_1_70' title='bbox 261 1106 358 1172; x_wconf 90' lang='lat' dir='ltr'><strong>spiritu</strong></span> <span class='ocrx_word' id='word_1_71' title='bbox 376 1107 422 1159; x_wconf 87' lang='lat' dir='ltr'><strong>bet</strong></span> <span class='ocrx_word' id='word_1_72' title='bbox 440 1110 508 1160; x_wconf 90' lang='lat' dir='ltr'><strong>nutu</strong></span> <span class='ocrx_word' id='word_1_73' title='bbox 518 1112 688 1172; x_wconf 89' lang='lat' dir='ltr'><strong>compertum</strong></span> <span class='ocrx_word' id='word_1_74' title='bbox 707 1109 749 1159; x_wconf 91' lang='lat' dir='ltr'><strong>est</strong></span> <span class='ocrx_word' id='word_1_75' title='bbox 766 1106 869 1159; x_wconf 89' lang='lat' dir='ltr'><strong>debere</strong></span> <span class='ocrx_word' id='word_1_76' title='bbox 886 1105 995 1159; x_wconf 89' lang='lat' dir='ltr'><strong>visitare</strong></span> <span class='ocrx_word' id='word_1_77' title='bbox 1017 1105 1148 1157; x_wconf 87' lang='lat' dir='ltr'><strong>sanctum</strong></span> <span class='ocrx_word' id='word_1_78' title='bbox 1159 1102 1330 1157; x_wconf 89' lang='lat' dir='ltr'><strong>sacerdotem</strong></span> 
     </span>
     <span class='ocr_line' id='line_1_9' title="bbox 136 1204 1331 1273; baseline -0.003 -14"><span class='ocrx_word' id='word_1_79' title='bbox 136 1212 236 1259; x_wconf 84' lang='lat' dir='ltr'><strong>ratum</strong></span> <span class='ocrx_word' id='word_1_80' title='bbox 248 1212 276 1259; x_wconf 89' lang='lat' dir='ltr'><strong>et</strong></span> <span class='ocrx_word' id='word_1_81' title='bbox 288 1207 429 1260; x_wconf 90' lang='lat' dir='ltr'><strong>eremitam</strong></span> <span class='ocrx_word' id='word_1_82' title='bbox 447 1207 600 1273; x_wconf 89' lang='lat' dir='ltr'><strong>probatum.</strong></span> <span class='ocrx_word' id='word_1_83' title='bbox 618 1209 753 1260; x_wconf 57' lang='lat' dir='ltr'><strong>&amp;cussus</strong></span> <span class='ocrx_word' id='word_1_84' title='bbox 770 1207 863 1272; x_wconf 81' lang='lat' dir='ltr'><strong>itaque</strong></span> <span class='ocrx_word' id='word_1_85' title='bbox 880 1206 1022 1270; x_wconf 87' lang='lat' dir='ltr'><strong>avisione,</strong></span> <span class='ocrx_word' id='word_1_86' title='bbox 1035 1204 1230 1258; x_wconf 85' lang='lat' dir='ltr'><strong>consolationis</strong></span> <span class='ocrx_word' id='word_1_87' title='bbox 1246 1205 1331 1270; x_wconf 89' lang='lat' dir='ltr'><strong>gratia</strong></span> 
     </span>
     <span class='ocr_line' id='line_1_10' title="bbox 136 1303 1330 1373; baseline 0 -15"><span class='ocrx_word' id='word_1_88' title='bbox 136 1318 251 1373; x_wconf 81' lang='lat' dir='ltr'><strong>virgeus</strong></span> <span class='ocrx_word' id='word_1_89' title='bbox 264 1305 330 1358; x_wconf 90' lang='lat' dir='ltr'><strong>adiit</strong></span> <span class='ocrx_word' id='word_1_90' title='bbox 341 1308 484 1371; x_wconf 80' lang='lat' dir='ltr'><strong>Donatum,</strong></span> <span class='ocrx_word' id='word_1_91' title='bbox 497 1310 525 1358; x_wconf 91' lang='lat' dir='ltr'><strong>et</strong></span> <span class='ocrx_word' id='word_1_92' title='bbox 535 1305 595 1371; x_wconf 92' lang='lat' dir='ltr'><strong>visi,</strong></span> <span class='ocrx_word' id='word_1_93' title='bbox 603 1319 666 1359; x_wconf 89' lang='lat' dir='ltr'><strong>cara</strong></span> <span class='ocrx_word' id='word_1_94' title='bbox 677 1305 856 1360; x_wconf 71' lang='lat' dir='ltr'><strong>maternitatis</strong></span> <span class='ocrx_word' id='word_1_95' title='bbox 874 1303 908 1358; x_wconf 92' lang='lat' dir='ltr'><strong>ad</strong></span> <span class='ocrx_word' id='word_1_96' title='bbox 918 1305 1035 1359; x_wconf 90' lang='lat' dir='ltr'><strong>invicem</strong></span> <span class='ocrx_word' id='word_1_97' title='bbox 1052 1303 1104 1358; x_wconf 89' lang='lat' dir='ltr'><strong>sibi</strong></span> <span class='ocrx_word' id='word_1_98' title='bbox 1117 1303 1214 1357; x_wconf 87' lang='lat' dir='ltr'><strong>dantes</strong></span> <span class='ocrx_word' id='word_1_99' title='bbox 1226 1305 1330 1368; x_wconf 89' lang='lat' dir='ltr'><strong>oscula,</strong></span> 
     </span>
     <span class='ocr_line' id='line_1_11' title="bbox 136 1401 1330 1471; baseline -0.003 -16"><span class='ocrx_word' id='word_1_100' title='bbox 136 1403 182 1457; x_wconf 92' lang='lat' dir='ltr'><strong>olo</strong></span> <span class='ocrx_word' id='word_1_101' title='bbox 193 1402 405 1471; x_wconf 80' lang='lat' dir='ltr'><strong>gratulabantur</strong></span> <span class='ocrx_word' id='word_1_102' title='bbox 416 1416 519 1457; x_wconf 91' lang='lat' dir='ltr'><strong>amore.</strong></span> <span class='ocrx_word' id='word_1_103' title='bbox 531 1407 592 1458; x_wconf 85' lang='lat' dir='ltr'><strong>Post</strong></span> <span class='ocrx_word' id='word_1_104' title='bbox 603 1403 739 1470; x_wconf 84' lang='lat' dir='ltr'><strong>colloquia</strong></span> <span class='ocrx_word' id='word_1_105' title='bbox 751 1416 816 1456; x_wconf 92' lang='lat' dir='ltr'><strong>vcro</strong></span> <span class='ocrx_word' id='word_1_106' title='bbox 828 1401 931 1464; x_wconf 90' lang='lat' dir='ltr'><strong>divina,</strong></span> <span class='ocrx_word' id='word_1_107' title='bbox 942 1409 1057 1470; x_wconf 87' lang='lat' dir='ltr'><strong>postque</strong></span> <span class='ocrx_word' id='word_1_108' title='bbox 1069 1401 1164 1455; x_wconf 89' lang='lat' dir='ltr'><strong>dulces</strong></span> <span class='ocrx_word' id='word_1_109' title='bbox 1176 1401 1330 1456; x_wconf 78' lang='lat' dir='ltr'><strong>dilectionis</strong></span> 
     </span>
     <span class='ocr_line' id='line_1_12' title="bbox 136 1504 1328 1572; baseline -0.003 -14"><span class='ocrx_word' id='word_1_110' title='bbox 136 1517 224 1558; x_wconf 87' lang='lat' dir='ltr'><strong>cerae</strong></span> <span class='ocrx_word' id='word_1_111' title='bbox 237 1517 270 1558; x_wconf 89' lang='lat' dir='ltr'><strong>ac</strong></span> <span class='ocrx_word' id='word_1_112' title='bbox 282 1504 412 1558; x_wconf 88' lang='lat' dir='ltr'><strong>amabiles</strong></span> <span class='ocrx_word' id='word_1_113' title='bbox 433 1505 585 1571; x_wconf 89' lang='lat' dir='ltr'><strong>amplexus,</strong></span> <span class='ocrx_word' id='word_1_114' title='bbox 606 1508 732 1572; x_wconf 82' lang='lat' dir='ltr'><strong>uterque,</strong></span> <span class='ocrx_word' id='word_1_115' title='bbox 751 1504 855 1558; x_wconf 83' lang='lat' dir='ltr'><strong>scilicet</strong></span> <span class='ocrx_word' id='word_1_116' title='bbox 875 1505 975 1558; x_wconf 86' lang='lat' dir='ltr'><strong>itarius</strong></span> <span class='ocrx_word' id='word_1_117' title='bbox 995 1509 1021 1557; x_wconf 92' lang='lat' dir='ltr'><strong>et</strong></span> <span class='ocrx_word' id='word_1_118' title='bbox 1041 1506 1171 1565; x_wconf 84' lang='lat' dir='ltr'><strong>bonatus,</strong></span> <span class='ocrx_word' id='word_1_119' title='bbox 1190 1510 1248 1556; x_wconf 52' lang='lat' dir='ltr'><strong>*una</strong></span> <span class='ocrx_word' id='word_1_120' title='bbox 1265 1516 1328 1557; x_wconf 89' lang='lat' dir='ltr'><strong>cum</strong></span> 
     </span>
     <span class='ocr_line' id='line_1_13' title="bbox 136 1602 1331 1670; baseline -0.001 -15"><span class='ocrx_word' id='word_1_121' title='bbox 136 1604 258 1657; x_wconf 76' lang='lat' dir='ltr'><strong>irentino</strong></span> <span class='ocrx_word' id='word_1_122' title='bbox 271 1603 556 1657; x_wconf 86' lang='lat' dir='ltr'><strong>inimiviteootesiam.</strong></span> <span class='ocrx_word' id='word_1_123' title='bbox 567 1604 616 1667; x_wconf 83' lang='lat' dir='ltr'><strong>Qui</strong></span> <span class='ocrx_word' id='word_1_124' title='bbox 627 1602 694 1656; x_wconf 92' lang='lat' dir='ltr'><strong>dum</strong></span> <span class='ocrx_word' id='word_1_125' title='bbox 705 1603 839 1670; x_wconf 85' lang='lat' dir='ltr'><strong>prolixius</strong></span> <span class='ocrx_word' id='word_1_126' title='bbox 851 1609 972 1667; x_wconf 89' lang='lat' dir='ltr'><strong>orarent,</strong></span> <span class='ocrx_word' id='word_1_127' title='bbox 986 1607 1105 1658; x_wconf 87' lang='lat' dir='ltr'><strong>bonatus</strong></span> <span class='ocrx_word' id='word_1_128' title='bbox 1117 1603 1244 1657; x_wconf 89' lang='lat' dir='ltr'><strong>viaticum</strong></span> <span class='ocrx_word' id='word_1_129' title='bbox 1253 1602 1331 1669; x_wconf 89' lang='lat' dir='ltr'><strong>petiit</strong></span> 
     </span>
     <span class='ocr_line' id='line_1_14' title="bbox 136 1701 1331 1770; baseline -0.001 -16"><span class='ocrx_word' id='word_1_130' title='bbox 136 1701 254 1768; x_wconf 89' lang='lat' dir='ltr'><strong>accepit.</strong></span> <span class='ocrx_word' id='word_1_131' title='bbox 267 1702 325 1765; x_wconf 80' lang='lat' dir='ltr'><strong>Quo</strong></span> <span class='ocrx_word' id='word_1_132' title='bbox 337 1706 475 1768; x_wconf 90' lang='lat' dir='ltr'><strong>percepto,</strong></span> <span class='ocrx_word' id='word_1_133' title='bbox 497 1702 598 1770; x_wconf 81' lang='lat' dir='ltr'><strong>gratias</strong></span> <span class='ocrx_word' id='word_1_134' title='bbox 616 1706 670 1756; x_wconf 88' lang='lat' dir='ltr'><strong>beo</strong></span> <span class='ocrx_word' id='word_1_135' title='bbox 691 1715 759 1768; x_wconf 82' lang='lat' dir='ltr'><strong>quas</strong></span> <span class='ocrx_word' id='word_1_136' title='bbox 777 1704 865 1769; x_wconf 91' lang='lat' dir='ltr'><strong>potuit</strong></span> <span class='ocrx_word' id='word_1_137' title='bbox 881 1701 967 1767; x_wconf 86' lang='lat' dir='ltr'><strong>dedit,</strong></span> <span class='ocrx_word' id='word_1_138' title='bbox 986 1707 1013 1755; x_wconf 90' lang='lat' dir='ltr'><strong>et</strong></span> <span class='ocrx_word' id='word_1_139' title='bbox 1024 1704 1096 1755; x_wconf 88' lang='lat' dir='ltr'><strong>inter</strong></span> <span class='ocrx_word' id='word_1_140' title='bbox 1106 1702 1189 1755; x_wconf 89' lang='lat' dir='ltr'><strong>verba</strong></span> <span class='ocrx_word' id='word_1_141' title='bbox 1199 1701 1331 1756; x_wconf 88' lang='lat' dir='ltr'><strong>orationis</strong></span> 
     </span>
     <span class='ocr_line' id='line_1_15' title="bbox 136 1800 1333 1868; baseline -0.002 -15"><span class='ocrx_word' id='word_1_142' title='bbox 136 1806 225 1853; x_wconf 83' lang='lat' dir='ltr'><strong>ictum</strong></span> <span class='ocrx_word' id='word_1_143' title='bbox 237 1805 266 1853; x_wconf 90' lang='lat' dir='ltr'><strong>et</strong></span> <span class='ocrx_word' id='word_1_144' title='bbox 277 1800 523 1855; x_wconf 90' lang='lat' dir='ltr'><strong>incontaminatum</strong></span> <span class='ocrx_word' id='word_1_145' title='bbox 536 1801 569 1854; x_wconf 92' lang='lat' dir='ltr'><strong>ad</strong></span> <span class='ocrx_word' id='word_1_146' title='bbox 583 1801 726 1855; x_wconf 88' lang='lat' dir='ltr'><strong>bominum</strong></span> <span class='ocrx_word' id='word_1_147' title='bbox 739 1803 824 1854; x_wconf 87' lang='lat' dir='ltr'><strong>iteum</strong></span> <span class='ocrx_word' id='word_1_148' title='bbox 836 1801 987 1854; x_wconf 88' lang='lat' dir='ltr'><strong>transmisit</strong></span> <span class='ocrx_word' id='word_1_149' title='bbox 998 1801 1124 1868; x_wconf 88' lang='lat' dir='ltr'><strong>spiritum</strong></span> <span class='ocrx_word' id='word_1_150' title='bbox 1135 1812 1192 1853; x_wconf 89' lang='lat' dir='ltr'><strong>xmx</strong></span> <span class='ocrx_word' id='word_1_151' title='bbox 1201 1800 1333 1853; x_wconf 82' lang='lat' dir='ltr'><strong>kalendas</strong></span> 
     </span>
     <span class='ocr_line' id='line_1_16' title="bbox 136 1899 1327 1963; baseline -0.001 -12"><span class='ocrx_word' id='word_1_152' title='bbox 136 1900 271 1952; x_wconf 72' lang='lat' dir='ltr'><strong>membris.</strong></span> <span class='ocrx_word' id='word_1_153' title='bbox 284 1903 381 1953; x_wconf 83' lang='lat' dir='ltr'><strong>heatus</strong></span> <span class='ocrx_word' id='word_1_154' title='bbox 393 1905 484 1953; x_wconf 91' lang='lat' dir='ltr'><strong>autem</strong></span> <span class='ocrx_word' id='word_1_155' title='bbox 497 1901 596 1953; x_wconf 87' lang='lat' dir='ltr'><strong>itarius</strong></span> <span class='ocrx_word' id='word_1_156' title='bbox 605 1901 702 1954; x_wconf 89' lang='lat' dir='ltr'><strong>videns</strong></span> <span class='ocrx_word' id='word_1_157' title='bbox 711 1914 774 1954; x_wconf 93' lang='lat' dir='ltr'><strong>eum</strong></span> <span class='ocrx_word' id='word_1_158' title='bbox 784 1900 908 1953; x_wconf 90' lang='lat' dir='ltr'><strong>emisisse</strong></span> <span class='ocrx_word' id='word_1_159' title='bbox 917 1906 1038 1953; x_wconf 88' lang='lat' dir='ltr'><strong>sanctam</strong></span> <span class='ocrx_word' id='word_1_160' title='bbox 1048 1900 1081 1953; x_wconf 92' lang='lat' dir='ltr'><strong>ad</strong></span> <span class='ocrx_word' id='word_1_161' title='bbox 1091 1899 1181 1953; x_wconf 89' lang='lat' dir='ltr'><strong>caelos</strong></span> <span class='ocrx_word' id='word_1_162' title='bbox 1196 1900 1327 1963; x_wconf 89' lang='lat' dir='ltr'><strong>animam,</strong></span> 
     </span>
    </p>
   </div>
   <div class='ocr_carea' id='block_1_3' title="bbox 136 1996 1424 2065">
    <p class='ocr_par' dir='ltr' id='par_1_3' title="bbox 136 1996 1424 2065">
     <span class='ocr_line' id='line_1_17' title="bbox 136 1996 1424 2065; baseline 0 -12"><span class='ocrx_word' id='word_1_163' title='bbox 136 1999 260 2053; x_wconf 84' lang='lat' dir='ltr'><strong>reolvens</strong></span> <span class='ocrx_word' id='word_1_164' title='bbox 281 2003 451 2052; x_wconf 87' lang='lat' dir='ltr'><strong>sacrosancta</strong></span> <span class='ocrx_word' id='word_1_165' title='bbox 473 1998 600 2065; x_wconf 78' lang='lat' dir='ltr'><strong>mysteria</strong></span> <span class='ocrx_word' id='word_1_166' title='bbox 621 2002 676 2053; x_wconf 85' lang='lat' dir='ltr'><strong>beo</strong></span> <span class='ocrx_word' id='word_1_167' title='bbox 698 1998 804 2052; x_wconf 89' lang='lat' dir='ltr'><strong>dilectis</strong></span> <span class='ocrx_word' id='word_1_168' title='bbox 820 1998 922 2060; x_wconf 90' lang='lat' dir='ltr'><strong>debita,</strong></span> <span class='ocrx_word' id='word_1_169' title='bbox 941 2011 995 2051; x_wconf 91' lang='lat' dir='ltr'><strong>una</strong></span> <span class='ocrx_word' id='word_1_170' title='bbox 1012 2011 1075 2050; x_wconf 92' lang='lat' dir='ltr'><strong>cum</strong></span> <span class='ocrx_word' id='word_1_171' title='bbox 1095 1996 1250 2050; x_wconf 81' lang='lat' dir='ltr'><strong>Florentino</strong></span> <span class='ocrx_word' id='word_1_172' title='bbox 1267 2010 1331 2050; x_wconf 92' lang='lat' dir='ltr'><strong>eum</strong></span> <span class='ocrx_word' id='word_1_173' title='bbox 1421 2046 1424 2053; x_wconf 78' lang='grc'>,</span> 
     </span>
    </p>
   </div>
   <div class='ocr_carea' id='block_1_4' title="bbox 136 2097 1059 2465">
    <p class='ocr_par' dir='ltr' id='par_1_4' title="bbox 136 2097 781 2168">
     <span class='ocr_line' id='line_1_18' title="bbox 136 2097 781 2168; baseline 0.003 -20"><span class='ocrx_word' id='word_1_174' title='bbox 136 2097 204 2150; x_wconf 47' lang='lat' dir='ltr'><strong>,dem</strong></span> <span class='ocrx_word' id='word_1_175' title='bbox 216 2103 247 2150; x_wconf 91' lang='lat' dir='ltr'><strong>ut</strong></span> <span class='ocrx_word' id='word_1_176' title='bbox 259 2098 351 2151; x_wconf 89' lang='lat' dir='ltr'><strong>decuit</strong></span> <span class='ocrx_word' id='word_1_177' title='bbox 364 2098 445 2168; x_wconf 91' lang='lat' dir='ltr'><strong>digna</strong></span> <span class='ocrx_word' id='word_1_178' title='bbox 458 2100 635 2153; x_wconf 90' lang='lat' dir='ltr'><strong>veneratione</strong></span> <span class='ocrx_word' id='word_1_179' title='bbox 648 2097 781 2166; x_wconf 74' lang='lat' dir='ltr'><strong>sepelivit,</strong></span> 
     </span>
    </p>

    <p class='ocr_par' dir='ltr' id='par_1_5' title="bbox 302 2196 910 2264">
     <span class='ocr_line' id='line_1_19' title="bbox 302 2196 910 2264; baseline -0.002 -14"><span class='ocrx_word' id='word_1_180' title='bbox 302 2199 340 2251; x_wconf 78' lang='lat' dir='ltr'><strong>td</strong></span> <span class='ocrx_word' id='word_1_181' title='bbox 353 2199 431 2264; x_wconf 90' lang='lat' dir='ltr'><strong>cujus</strong></span> <span class='ocrx_word' id='word_1_182' title='bbox 442 2199 578 2252; x_wconf 90' lang='lat' dir='ltr'><strong>tumulum</strong></span> <span class='ocrx_word' id='word_1_183' title='bbox 590 2199 687 2252; x_wconf 81' lang='lat' dir='ltr'><strong>crebre</strong></span> <span class='ocrx_word' id='word_1_184' title='bbox 698 2198 829 2252; x_wconf 90' lang='lat' dir='ltr'><strong>miracula</strong></span> <span class='ocrx_word' id='word_1_185' title='bbox 841 2196 910 2251; x_wconf 86' lang='lat' dir='ltr'><strong>liunt</strong></span> 
     </span>
    </p>

    <p class='ocr_par' dir='ltr' id='par_1_6' title="bbox 136 2296 1059 2465">
     <span class='ocr_line' id='line_1_20' title="bbox 299 2296 1059 2364; baseline 0.007 -15"><span class='ocrx_word' id='word_1_186' title='bbox 299 2297 406 2362; x_wconf 76' lang='lat' dir='ltr'><strong>Annua,</strong></span> <span class='ocrx_word' id='word_1_187' title='bbox 419 2310 489 2364; x_wconf 81' lang='lat' dir='ltr'><strong>quae</strong></span> <span class='ocrx_word' id='word_1_188' title='bbox 502 2303 627 2351; x_wconf 91' lang='lat' dir='ltr'><strong>sanctum</strong></span> <span class='ocrx_word' id='word_1_189' title='bbox 640 2296 830 2351; x_wconf 86' lang='lat' dir='ltr'><strong>demonstrant</strong></span> <span class='ocrx_word' id='word_1_190' title='bbox 838 2296 930 2350; x_wconf 87' lang='lat' dir='ltr'><strong>vivere</strong></span> <span class='ocrx_word' id='word_1_191' title='bbox 942 2298 1059 2355; x_wconf 83' lang='lat' dir='ltr'><strong>Christo.</strong></span> 
     </span>
     <span class='ocr_line' id='line_1_21' title="bbox 136 2394 803 2465; baseline 0.003 -19"><span class='ocrx_word' id='word_1_192' title='bbox 136 2397 149 2447; x_wconf 89' lang='lat' dir='ltr'><strong>d</strong></span> <span class='ocrx_word' id='word_1_193' title='bbox 160 2408 224 2448; x_wconf 91' lang='lat' dir='ltr'><strong>cum</strong></span> <span class='ocrx_word' id='word_1_194' title='bbox 237 2398 315 2448; x_wconf 83' lang='lat' dir='ltr'><strong>Patre</strong></span> <span class='ocrx_word' id='word_1_195' title='bbox 324 2401 351 2447; x_wconf 89' lang='lat' dir='ltr'><strong>et</strong></span> <span class='ocrx_word' id='word_1_196' title='bbox 363 2394 466 2462; x_wconf 83' lang='lat' dir='ltr'><strong>spiritu</strong></span> <span class='ocrx_word' id='word_1_197' title='bbox 478 2402 572 2450; x_wconf 87' lang='lat' dir='ltr'><strong>sancto</strong></span> <span class='ocrx_word' id='word_1_198' title='bbox 584 2397 650 2450; x_wconf 90' lang='lat' dir='ltr'><strong>vivit</strong></span> <span class='ocrx_word' id='word_1_199' title='bbox 661 2401 688 2450; x_wconf 87' lang='lat' dir='ltr'><strong>et</strong></span> <span class='ocrx_word' id='word_1_200' title='bbox 700 2400 803 2465; x_wconf 89' lang='lat' dir='ltr'><strong>regnat.</strong></span> 
     </span>
    </p>
   </div>
   <div class='ocr_carea' id='block_1_5' title="bbox 156 2597 1275 2685">
    <p class='ocr_par' dir='ltr' id='par_1_7' title="bbox 156 2597 1275 2685">
     <span class='ocr_line' id='line_1_22' title="bbox 156 2597 1275 2685; baseline 0.001 -24"><span class='ocrx_word' id='word_1_201' title='bbox 156 2613 332 2662; x_wconf 74' lang='lat' dir='ltr'><strong>exortorum</strong></span> <span class='ocrx_word' id='word_1_202' title='bbox 355 2615 454 2663; x_wconf 84' lang='lat' dir='ltr'><strong>vxrxa</strong></span> <span class='ocrx_word' id='word_1_203' title='bbox 478 2616 506 2663; x_wconf 91' lang='lat' dir='ltr'><strong>s.</strong></span> <span class='ocrx_word' id='word_1_204' title='bbox 535 2601 642 2663; x_wconf 73' lang='lat' dir='ltr'><strong>thoas</strong></span> <span class='ocrx_word' id='word_1_205' title='bbox 665 2616 790 2665; x_wconf 74' lang='lat' dir='ltr'><strong>averto.</strong></span> <span class='ocrx_word' id='word_1_206' title='bbox 818 2597 900 2685; x_wconf 83' lang='lat' dir='ltr'><strong>(Cir.</strong></span> <span class='ocrx_word' id='word_1_207' title='bbox 920 2618 1032 2684; x_wconf 86' lang='lat' dir='ltr'><strong>sopra,</strong></span> <span class='ocrx_word' id='word_1_208' title='bbox 1051 2618 1083 2684; x_wconf 94' lang='lat' dir='ltr'><strong>p.</strong></span> <span class='ocrx_word' id='word_1_209' title='bbox 1110 2597 1275 2680; x_wconf 60' lang='lat'><strong>308350).</strong></span> 
     </span>
    </p>
   </div>
   <div class='ocr_carea' id='block_1_6' title="bbox 136 2802 1330 4066">
    <p class='ocr_par' dir='ltr' id='par_1_8' title="bbox 136 2802 1330 4066">
     <span class='ocr_line' id='line_1_23' title="bbox 136 2802 1328 2871; baseline 0.003 -19"><span class='ocrx_word' id='word_1_210' title='bbox 136 2803 232 2853; x_wconf 81' lang='lat' dir='ltr'><strong>beatus</strong></span> <span class='ocrx_word' id='word_1_211' title='bbox 243 2803 329 2854; x_wconf 87' lang='lat' dir='ltr'><strong>Lucas</strong></span> <span class='ocrx_word' id='word_1_212' title='bbox 340 2802 503 2870; x_wconf 88' lang='lat' dir='ltr'><strong>evangelista</strong></span> <span class='ocrx_word' id='word_1_213' title='bbox 517 2803 603 2856; x_wconf 89' lang='lat' dir='ltr'><strong>nobili</strong></span> <span class='ocrx_word' id='word_1_214' title='bbox 615 2803 801 2871; x_wconf 82' lang='lat' dir='ltr'><strong>argolicomm</strong></span> <span class='ocrx_word' id='word_1_215' title='bbox 815 2809 958 2856; x_wconf 88' lang='lat' dir='ltr'><strong>stemmate</strong></span> <span class='ocrx_word' id='word_1_216' title='bbox 971 2806 1063 2857; x_wconf 87' lang='lat' dir='ltr'><strong>caruis</strong></span> <span class='ocrx_word' id='word_1_217' title='bbox 1076 2802 1184 2857; x_wconf 87' lang='lat' dir='ltr'><strong>nativae</strong></span> <span class='ocrx_word' id='word_1_218' title='bbox 1195 2803 1328 2870; x_wconf 79' lang='lat' dir='ltr'><strong>originem</strong></span> 
     </span>
     <span class='ocr_line' id='line_1_24' title="bbox 136 2890 1327 2971; baseline 0.004 -20"><span class='ocrx_word' id='word_1_219' title='bbox 136 2900 189 2963; x_wconf 84' lang='lat' dir='ltr'><strong>ixit,</strong></span> <span class='ocrx_word' id='word_1_220' title='bbox 203 2899 270 2952; x_wconf 90' lang='lat' dir='ltr'><strong>civis</strong></span> <span class='ocrx_word' id='word_1_221' title='bbox 282 2890 472 2955; x_wconf 78' lang='lat' dir='ltr'><strong>Antiochensis</strong></span> <span class='ocrx_word' id='word_1_222' title='bbox 483 2920 490 2968; x_wconf 90' lang='lat'>;</span> <span class='ocrx_word' id='word_1_223' title='bbox 503 2904 552 2956; x_wconf 90' lang='lat' dir='ltr'><strong>ubl</strong></span> <span class='ocrx_word' id='word_1_224' title='bbox 565 2915 580 2955; x_wconf 90' lang='lat' dir='ltr'><strong>a</strong></span> <span class='ocrx_word' id='word_1_225' title='bbox 592 2900 811 2971; x_wconf 86' lang='lat' dir='ltr'><strong>progenitoribus</strong></span> <span class='ocrx_word' id='word_1_226' title='bbox 823 2903 983 2969; x_wconf 86' lang='lat' dir='ltr'><strong>ablactatus,</strong></span> <span class='ocrx_word' id='word_1_227' title='bbox 995 2892 1185 2971; x_wconf 82' lang='lat' dir='ltr'><strong>philosophiae</strong></span> <span class='ocrx_word' id='word_1_228' title='bbox 1202 2917 1327 2957; x_wconf 90' lang='lat' dir='ltr'><strong>summae</strong></span> 
     </span>
     <span class='ocr_line' id='line_1_25' title="bbox 136 2984 1329 3068; baseline 0.005 -19"><span class='ocrx_word' id='word_1_229' title='bbox 136 2997 199 3050; x_wconf 89' lang='lat' dir='ltr'><strong>rdiis</strong></span> <span class='ocrx_word' id='word_1_230' title='bbox 223 2997 376 3064; x_wconf 87' lang='lat' dir='ltr'><strong>applicitus,</strong></span> <span class='ocrx_word' id='word_1_231' title='bbox 401 2999 539 3052; x_wconf 82' lang='lat' dir='ltr'><strong>Platonica</strong></span> <span class='ocrx_word' id='word_1_232' title='bbox 568 2999 695 3065; x_wconf 89' lang='lat' dir='ltr'><strong>dogmata</strong></span> <span class='ocrx_word' id='word_1_233' title='bbox 718 3006 800 3068; x_wconf 84' lang='lat' dir='ltr'><strong>atque</strong></span> <span class='ocrx_word' id='word_1_234' title='bbox 824 3001 980 3055; x_wconf 89' lang='lat' dir='ltr'><strong>academica</strong></span> <span class='ocrx_word' id='word_1_235' title='bbox 1003 2984 1185 3056; x_wconf 83' lang='lat' dir='ltr'><strong>discursando</strong></span> <span class='ocrx_word' id='word_1_236' title='bbox 1215 3002 1329 3055; x_wconf 91' lang='lat' dir='ltr'><strong>tlumina</strong></span> 
     </span>
     <span class='ocr_line' id='line_1_26' title="bbox 136 3099 1327 3169; baseline 0.004 -21"><span class='ocrx_word' id='word_1_237' title='bbox 136 3111 237 3152; x_wconf 89' lang='lat' dir='ltr'><strong>mensa</strong></span> <span class='ocrx_word' id='word_1_238' title='bbox 249 3099 384 3153; x_wconf 88' lang='lat' dir='ltr'><strong>tranando</strong></span> <span class='ocrx_word' id='word_1_239' title='bbox 396 3100 526 3164; x_wconf 78' lang='lat' dir='ltr'><strong>cucurrit,</strong></span> <span class='ocrx_word' id='word_1_240' title='bbox 540 3104 567 3152; x_wconf 94' lang='lat' dir='ltr'><strong>et</strong></span> <span class='ocrx_word' id='word_1_241' title='bbox 585 3113 656 3166; x_wconf 82' lang='lat' dir='ltr'><strong>quac</strong></span> <span class='ocrx_word' id='word_1_242' title='bbox 669 3102 816 3154; x_wconf 87' lang='lat' dir='ltr'><strong>mundialis</strong></span> <span class='ocrx_word' id='word_1_243' title='bbox 833 3106 898 3153; x_wconf 91' lang='lat' dir='ltr'><strong>sunt</strong></span> <span class='ocrx_word' id='word_1_244' title='bbox 910 3114 1056 3168; x_wconf 90' lang='lat' dir='ltr'><strong>pomposae</strong></span> <span class='ocrx_word' id='word_1_245' title='bbox 1075 3101 1177 3169; x_wconf 90' lang='lat' dir='ltr'><strong>tlgurae</strong></span> <span class='ocrx_word' id='word_1_246' title='bbox 1190 3101 1254 3155; x_wconf 87' lang='lat' dir='ltr'><strong>stilo</strong></span> <span class='ocrx_word' id='word_1_247' title='bbox 1265 3102 1327 3169; x_wconf 83' lang='lat' dir='ltr'><strong>puri</strong></span> 
     </span>
     <span class='ocr_line' id='line_1_27' title="bbox 136 3198 1329 3268; baseline 0.003 -17"><span class='ocrx_word' id='word_1_248' title='bbox 136 3198 191 3251; x_wconf 89' lang='lat' dir='ltr'><strong>rdts</strong></span> <span class='ocrx_word' id='word_1_249' title='bbox 203 3198 349 3268; x_wconf 90' lang='lat' dir='ltr'><strong>lustrivago</strong></span> <span class='ocrx_word' id='word_1_250' title='bbox 361 3201 469 3253; x_wconf 85' lang='lat' dir='ltr'><strong>tramite</strong></span> <span class='ocrx_word' id='word_1_251' title='bbox 490 3201 671 3267; x_wconf 85' lang='lat' dir='ltr'><strong>perlustravit.</strong></span> <span class='ocrx_word' id='word_1_252' title='bbox 685 3201 734 3266; x_wconf 79' lang='lat' dir='ltr'><strong>Qui</strong></span> <span class='ocrx_word' id='word_1_253' title='bbox 748 3202 809 3254; x_wconf 89' lang='lat' dir='ltr'><strong>licet</strong></span> <span class='ocrx_word' id='word_1_254' title='bbox 829 3201 902 3253; x_wconf 91' lang='lat' dir='ltr'><strong>inter</strong></span> <span class='ocrx_word' id='word_1_255' title='bbox 914 3201 1056 3254; x_wconf 88' lang='lat' dir='ltr'><strong>rhetorum</strong></span> <span class='ocrx_word' id='word_1_256' title='bbox 1078 3200 1211 3254; x_wconf 81' lang='lat' dir='ltr'><strong>facundas</strong></span> <span class='ocrx_word' id='word_1_257' title='bbox 1228 3201 1329 3255; x_wconf 88' lang='lat' dir='ltr'><strong>delibe-</strong></span> 
     </span>
     <span class='ocr_line' id='line_1_28' title="bbox 136 3297 1330 3369; baseline 0.005 -20"><span class='ocrx_word' id='word_1_258' title='bbox 136 3297 220 3351; x_wconf 82' lang='lat' dir='ltr'><strong>iones</strong></span> <span class='ocrx_word' id='word_1_259' title='bbox 231 3297 362 3350; x_wconf 90' lang='lat' dir='ltr'><strong>edocatus</strong></span> <span class='ocrx_word' id='word_1_260' title='bbox 374 3301 400 3351; x_wconf 92' lang='lat' dir='ltr'><strong>et</strong></span> <span class='ocrx_word' id='word_1_261' title='bbox 412 3298 591 3367; x_wconf 86' lang='lat' dir='ltr'><strong>syllogisticas</strong></span> <span class='ocrx_word' id='word_1_262' title='bbox 603 3301 791 3366; x_wconf 90' lang='lat' dir='ltr'><strong>oppositiones</strong></span> <span class='ocrx_word' id='word_1_263' title='bbox 803 3307 964 3369; x_wconf 89' lang='lat' dir='ltr'><strong>praereptus</strong></span> <span class='ocrx_word' id='word_1_264' title='bbox 974 3301 1155 3368; x_wconf 86' lang='lat' dir='ltr'><strong>obstreperet,</strong></span> <span class='ocrx_word' id='word_1_265' title='bbox 1169 3314 1225 3355; x_wconf 89' lang='lat' dir='ltr'><strong>non</strong></span> <span class='ocrx_word' id='word_1_266' title='bbox 1239 3306 1330 3355; x_wconf 90' lang='lat' dir='ltr'><strong>tamen</strong></span> 
     </span>
     <span class='ocr_line' id='line_1_29' title="bbox 136 3396 1329 3467; baseline 0.006 -19"><span class='ocrx_word' id='word_1_267' title='bbox 136 3407 186 3459; x_wconf 84' lang='lat' dir='ltr'><strong>tm,</strong></span> <span class='ocrx_word' id='word_1_268' title='bbox 199 3407 282 3462; x_wconf 84' lang='lat' dir='ltr'><strong>quam</strong></span> <span class='ocrx_word' id='word_1_269' title='bbox 294 3396 329 3448; x_wconf 90' lang='lat' dir='ltr'><strong>ab</strong></span> <span class='ocrx_word' id='word_1_270' title='bbox 341 3396 401 3449; x_wconf 90' lang='lat' dir='ltr'><strong>alvo</strong></span> <span class='ocrx_word' id='word_1_271' title='bbox 422 3402 567 3462; x_wconf 88' lang='lat' dir='ltr'><strong>parentum</strong></span> <span class='ocrx_word' id='word_1_272' title='bbox 584 3397 724 3463; x_wconf 83' lang='lat' dir='ltr'><strong>eduxerat,</strong></span> <span class='ocrx_word' id='word_1_273' title='bbox 739 3412 850 3467; x_wconf 79' lang='lat' dir='ltr'><strong>quoquo</strong></span> <span class='ocrx_word' id='word_1_274' title='bbox 872 3405 950 3467; x_wconf 92' lang='lat' dir='ltr'><strong>pacto</strong></span> <span class='ocrx_word' id='word_1_275' title='bbox 963 3400 1171 3455; x_wconf 87' lang='lat' dir='ltr'><strong>commaculavit</strong></span> <span class='ocrx_word' id='word_1_276' title='bbox 1192 3406 1329 3462; x_wconf 83' lang='lat' dir='ltr'><strong>naturam,</strong></span> 
     </span>
     <span class='ocr_line' id='line_1_30' title="bbox 136 3495 1328 3568; baseline 0.004 -22"><span class='ocrx_word' id='word_1_277' title='bbox 136 3495 146 3546; x_wconf 93' lang='lat' dir='ltr'><strong>t</strong></span> <span class='ocrx_word' id='word_1_278' title='bbox 158 3495 271 3561; x_wconf 86' lang='lat' dir='ltr'><strong>pulchra</strong></span> <span class='ocrx_word' id='word_1_279' title='bbox 284 3497 458 3549; x_wconf 88' lang='lat' dir='ltr'><strong>exsecutione</strong></span> <span class='ocrx_word' id='word_1_280' title='bbox 471 3510 548 3562; x_wconf 87' lang='lat' dir='ltr'><strong>pura,</strong></span> <span class='ocrx_word' id='word_1_281' title='bbox 562 3511 618 3551; x_wconf 89' lang='lat' dir='ltr'><strong>uon</strong></span> <span class='ocrx_word' id='word_1_282' title='bbox 633 3498 805 3553; x_wconf 88' lang='lat' dir='ltr'><strong>insolescens</strong></span> <span class='ocrx_word' id='word_1_283' title='bbox 822 3499 898 3552; x_wconf 92' lang='lat' dir='ltr'><strong>inani</strong></span> <span class='ocrx_word' id='word_1_284' title='bbox 916 3499 1071 3568; x_wconf 84' lang='lat' dir='ltr'><strong>vagatione,</strong></span> <span class='ocrx_word' id='word_1_285' title='bbox 1085 3500 1242 3554; x_wconf 91' lang='lat' dir='ltr'><strong>omnimoda</strong></span> <span class='ocrx_word' id='word_1_286' title='bbox 1256 3500 1328 3566; x_wconf 91' lang='lat' dir='ltr'><strong>puri-</strong></span> 
     </span>
     <span class='ocr_line' id='line_1_31' title="bbox 136 3595 1329 3664; baseline 0.004 -16"><span class='ocrx_word' id='word_1_287' title='bbox 136 3600 299 3661; x_wconf 85' lang='lat' dir='ltr'><strong>esatagens,</strong></span> <span class='ocrx_word' id='word_1_288' title='bbox 313 3609 390 3648; x_wconf 91' lang='lat' dir='ltr'><strong>suam</strong></span> <span class='ocrx_word' id='word_1_289' title='bbox 404 3595 542 3650; x_wconf 89' lang='lat' dir='ltr'><strong>decusavit</strong></span> <span class='ocrx_word' id='word_1_290' title='bbox 554 3610 666 3663; x_wconf 87' lang='lat' dir='ltr'><strong>compos</strong></span> <span class='ocrx_word' id='word_1_291' title='bbox 678 3600 781 3664; x_wconf 92' lang='lat' dir='ltr'><strong>probus</strong></span> <span class='ocrx_word' id='word_1_292' title='bbox 793 3603 975 3652; x_wconf 88' lang='lat' dir='ltr'><strong>venustatem.</strong></span> <span class='ocrx_word' id='word_1_293' title='bbox 990 3600 1055 3652; x_wconf 82' lang='lat' dir='ltr'><strong>iirat</strong></span> <span class='ocrx_word' id='word_1_294' title='bbox 1066 3600 1141 3653; x_wconf 90' lang='lat' dir='ltr'><strong>enim</strong></span> <span class='ocrx_word' id='word_1_295' title='bbox 1154 3601 1227 3653; x_wconf 90' lang='lat' dir='ltr'><strong>inter</strong></span> <span class='ocrx_word' id='word_1_296' title='bbox 1238 3606 1329 3655; x_wconf 90' lang='lat' dir='ltr'><strong>cetera</strong></span> 
     </span>
     <span class='ocr_line' id='line_1_32' title="bbox 136 3694 1328 3767; baseline 0.004 -20"><span class='ocrx_word' id='word_1_297' title='bbox 136 3694 250 3748; x_wconf 71' lang='lat' dir='ltr'><strong>odiorum</strong></span> <span class='ocrx_word' id='word_1_298' title='bbox 262 3695 426 3748; x_wconf 90' lang='lat' dir='ltr'><strong>documenta</strong></span> <span class='ocrx_word' id='word_1_299' title='bbox 438 3696 693 3763; x_wconf 85' lang='lat' dir='ltr'><strong>ilippocmtensium</strong></span> <span class='ocrx_word' id='word_1_300' title='bbox 713 3698 905 3766; x_wconf 85' lang='lat' dir='ltr'><strong>malagmatum</strong></span> <span class='ocrx_word' id='word_1_301' title='bbox 925 3703 982 3752; x_wconf 90' lang='lat' dir='ltr'><strong>arte</strong></span> <span class='ocrx_word' id='word_1_302' title='bbox 1005 3698 1138 3763; x_wconf 89' lang='lat' dir='ltr'><strong>medicus,</strong></span> <span class='ocrx_word' id='word_1_303' title='bbox 1151 3711 1205 3766; x_wconf 86' lang='lat' dir='ltr'><strong>quo</strong></span> <span class='ocrx_word' id='word_1_304' title='bbox 1225 3705 1328 3767; x_wconf 84' lang='lat' dir='ltr'><strong>quanto</strong></span> 
     </span>
     <span class='ocr_line' id='line_1_33' title="bbox 136 3794 1327 3865; baseline 0.004 -19"><span class='ocrx_word' id='word_1_305' title='bbox 136 3794 269 3848; x_wconf 88' lang='lat' dir='ltr'><strong>rationum</strong></span> <span class='ocrx_word' id='word_1_306' title='bbox 281 3795 491 3862; x_wconf 87' lang='lat' dir='ltr'><strong>obligationibus</strong></span> <span class='ocrx_word' id='word_1_307' title='bbox 509 3809 563 3850; x_wconf 90' lang='lat' dir='ltr'><strong>non</strong></span> <span class='ocrx_word' id='word_1_308' title='bbox 577 3797 690 3850; x_wconf 90' lang='lat' dir='ltr'><strong>minimo</strong></span> <span class='ocrx_word' id='word_1_309' title='bbox 704 3803 850 3865; x_wconf 85' lang='lat' dir='ltr'><strong>angeretur</strong></span> <span class='ocrx_word' id='word_1_310' title='bbox 859 3798 963 3863; x_wconf 87' lang='lat' dir='ltr'><strong>labore,</strong></span> <span class='ocrx_word' id='word_1_311' title='bbox 986 3804 1061 3852; x_wconf 90' lang='lat' dir='ltr'><strong>tanto</strong></span> <span class='ocrx_word' id='word_1_312' title='bbox 1085 3801 1173 3852; x_wconf 88' lang='lat' dir='ltr'><strong>artius</strong></span> <span class='ocrx_word' id='word_1_313' title='bbox 1192 3814 1208 3853; x_wconf 89' lang='lat' dir='ltr'><strong>a</strong></span> <span class='ocrx_word' id='word_1_314' title='bbox 1221 3801 1327 3853; x_wconf 89' lang='lat' dir='ltr'><strong>coaevis</strong></span> 
     </span>
     <span class='ocr_line' id='line_1_34' title="bbox 136 3892 1324 3967; baseline 0.006 -22"><span class='ocrx_word' id='word_1_315' title='bbox 136 3892 183 3947; x_wconf 91' lang='lat' dir='ltr'><strong>tuo</strong></span> <span class='ocrx_word' id='word_1_316' title='bbox 194 3894 354 3961; x_wconf 88' lang='lat' dir='ltr'><strong>cingebatur</strong></span> <span class='ocrx_word' id='word_1_317' title='bbox 374 3908 476 3949; x_wconf 90' lang='lat' dir='ltr'><strong>amore.</strong></span> <span class='ocrx_word' id='word_1_318' title='bbox 491 3897 543 3949; x_wconf 89' lang='lat' dir='ltr'><strong>sed</strong></span> <span class='ocrx_word' id='word_1_319' title='bbox 564 3898 623 3963; x_wconf 88' lang='lat' dir='ltr'><strong>ejus</strong></span> <span class='ocrx_word' id='word_1_320' title='bbox 635 3910 717 3965; x_wconf 84' lang='lat' dir='ltr'><strong>sagax</strong></span> <span class='ocrx_word' id='word_1_321' title='bbox 736 3899 876 3967; x_wconf 84' lang='lat' dir='ltr'><strong>ingenium</strong></span> <span class='ocrx_word' id='word_1_322' title='bbox 890 3905 917 3951; x_wconf 89' lang='lat' dir='ltr'><strong>et</strong></span> <span class='ocrx_word' id='word_1_323' title='bbox 935 3901 1013 3953; x_wconf 83' lang='lat' dir='ltr'><strong>vivax</strong></span> <span class='ocrx_word' id='word_1_324' title='bbox 1031 3912 1114 3953; x_wconf 89' lang='lat' dir='ltr'><strong>sanae</strong></span> <span class='ocrx_word' id='word_1_325' title='bbox 1133 3900 1231 3952; x_wconf 90' lang='lat' dir='ltr'><strong>mentis</strong></span> <span class='ocrx_word' id='word_1_326' title='bbox 1251 3900 1324 3953; x_wconf 88' lang='lat' dir='ltr'><strong>acies</strong></span> 
     </span>
     <span class='ocr_line' id='line_1_35' title="bbox 136 3995 1325 4066; baseline 0.003 -19"><span class='ocrx_word' id='word_1_327' title='bbox 136 4006 262 4060; x_wconf 82' lang='lat' dir='ltr'><strong>amquam</strong></span> <span class='ocrx_word' id='word_1_328' title='bbox 284 3995 436 4060; x_wconf 89' lang='lat' dir='ltr'><strong>praesentia</strong></span> <span class='ocrx_word' id='word_1_329' title='bbox 458 3995 599 4047; x_wconf 91' lang='lat' dir='ltr'><strong>commoda</strong></span> <span class='ocrx_word' id='word_1_330' title='bbox 622 3997 764 4061; x_wconf 90' lang='lat' dir='ltr'><strong>niteretur,</strong></span> <span class='ocrx_word' id='word_1_331' title='bbox 783 3997 846 4050; x_wconf 91' lang='lat' dir='ltr'><strong>ticet</strong></span> <span class='ocrx_word' id='word_1_332' title='bbox 866 3997 1008 4064; x_wconf 83' lang='lat' dir='ltr'><strong>gentilium</strong></span> <span class='ocrx_word' id='word_1_333' title='bbox 1030 3999 1137 4065; x_wconf 87' lang='lat' dir='ltr'><strong>ritibus,</strong></span> <span class='ocrx_word' id='word_1_334' title='bbox 1151 3998 1224 4066; x_wconf 83' lang='lat' dir='ltr'><strong>quod</strong></span> <span class='ocrx_word' id='word_1_335' title='bbox 1246 3999 1325 4051; x_wconf 81' lang='lat' dir='ltr'><strong>esse·</strong></span> 
     </span>
    </p>
   </div>
   <div class='ocr_carea' id='block_1_7' title="bbox 137 4094 1467 4159">
    <p class='ocr_par' dir='ltr' id='par_1_9' title="bbox 137 4094 1467 4159">
     <span class='ocr_line' id='line_1_36' title="bbox 137 4094 1467 4159; baseline 0.003 -13"><span class='ocrx_word' id='word_1_336' title='bbox 137 4099 250 4147; x_wconf 72' lang='lat' dir='ltr'><strong>etoesus</strong></span> <span class='ocrx_word' id='word_1_337' title='bbox 261 4094 475 4159; x_wconf 87' lang='lat' dir='ltr'><strong>perdendorum,</strong></span> <span class='ocrx_word' id='word_1_338' title='bbox 484 4096 631 4148; x_wconf 87' lang='lat' dir='ltr'><strong>vallaretur</strong></span> <span class='ocrx_word' id='word_1_339' title='bbox 643 4110 674 4150; x_wconf 91' lang='lat' dir='ltr'><strong>ac</strong></span> <span class='ocrx_word' id='word_1_340' title='bbox 686 4097 857 4151; x_wconf 88' lang='lat' dir='ltr'><strong>diversorum</strong></span> <span class='ocrx_word' id='word_1_341' title='bbox 866 4100 874 4118; x_wconf 91' lang='grc'><em>·</em></span> <span class='ocrx_word' id='word_1_342' title='bbox 883 4098 1028 4150; x_wconf 91' lang='lat' dir='ltr'><strong>numinum</strong></span> <span class='ocrx_word' id='word_1_343' title='bbox 1037 4098 1325 4151; x_wconf 90' lang='lat' dir='ltr'><strong>diversismonstriset</strong></span> <span class='ocrx_word' id='word_1_344' title='bbox 1380 4099 1390 4120; x_wconf 78' lang='lat'><strong>⁴</strong></span> <span class='ocrx_word' id='word_1_345' title='bbox 1460 4137 1467 4150; x_wconf 94' lang='lat'><strong>.</strong></span> 
     </span>
    </p>
   </div>
   <div class='ocr_carea' id='block_1_8' title="bbox 136 4192 1324 4660">
    <p class='ocr_par' dir='ltr' id='par_1_10' title="bbox 136 4192 1324 4660">
     <span class='ocr_line' id='line_1_37' title="bbox 136 4192 1324 4262; baseline 0.004 -19"><span class='ocrx_word' id='word_1_346' title='bbox 136 4193 229 4244; x_wconf 87' lang='lat' dir='ltr'><strong>rientis</strong></span> <span class='ocrx_word' id='word_1_347' title='bbox 239 4192 400 4254; x_wconf 86' lang='lat' dir='ltr'><strong>ambiretur,</strong></span> <span class='ocrx_word' id='word_1_348' title='bbox 413 4197 505 4245; x_wconf 88' lang='lat' dir='ltr'><strong>tamen</strong></span> <span class='ocrx_word' id='word_1_349' title='bbox 519 4195 656 4246; x_wconf 88' lang='lat' dir='ltr'><strong>miseratio</strong></span> <span class='ocrx_word' id='word_1_350' title='bbox 669 4195 760 4247; x_wconf 90' lang='lat' dir='ltr'><strong>divina</strong></span> <span class='ocrx_word' id='word_1_351' title='bbox 774 4209 882 4260; x_wconf 91' lang='lat' dir='ltr'><strong>semper</strong></span> <span class='ocrx_word' id='word_1_352' title='bbox 892 4210 954 4249; x_wconf 89' lang='lat' dir='ltr'><strong>eum</strong></span> <span class='ocrx_word' id='word_1_353' title='bbox 964 4197 1064 4250; x_wconf 90' lang='lat' dir='ltr'><strong>intuitu</strong></span> <span class='ocrx_word' id='word_1_354' title='bbox 1074 4208 1208 4262; x_wconf 89' lang='lat' dir='ltr'><strong>supernae</strong></span> <span class='ocrx_word' id='word_1_355' title='bbox 1219 4196 1324 4261; x_wconf 91' lang='lat' dir='ltr'><strong>pietatis</strong></span> 
     </span>
     <span class='ocr_line' id='line_1_38' title="bbox 136 4294 1324 4363; baseline 0.004 -19"><span class='ocrx_word' id='word_1_356' title='bbox 136 4294 224 4359; x_wconf 83' lang='lat' dir='ltr'><strong>pexit,</strong></span> <span class='ocrx_word' id='word_1_357' title='bbox 237 4305 299 4345; x_wconf 88' lang='lat' dir='ltr'><strong>cum</strong></span> <span class='ocrx_word' id='word_1_358' title='bbox 313 4295 384 4345; x_wconf 90' lang='lat' dir='ltr'><strong>inter</strong></span> <span class='ocrx_word' id='word_1_359' title='bbox 404 4295 499 4347; x_wconf 88' lang='lat' dir='ltr'><strong>nociva</strong></span> <span class='ocrx_word' id='word_1_360' title='bbox 520 4298 681 4348; x_wconf 86' lang='lat' dir='ltr'><strong>commercia</strong></span> <span class='ocrx_word' id='word_1_361' title='bbox 695 4303 721 4350; x_wconf 91' lang='lat' dir='ltr'><strong>et</strong></span> <span class='ocrx_word' id='word_1_362' title='bbox 740 4297 897 4362; x_wconf 85' lang='lat' dir='ltr'><strong>tiuotuantis</strong></span> <span class='ocrx_word' id='word_1_363' title='bbox 919 4298 1001 4349; x_wconf 91' lang='lat' dir='ltr'><strong>maris</strong></span> <span class='ocrx_word' id='word_1_364' title='bbox 1015 4297 1147 4363; x_wconf 89' lang='lat' dir='ltr'><strong>procellas</strong></span> <span class='ocrx_word' id='word_1_365' title='bbox 1167 4297 1324 4350; x_wconf 91' lang='lat' dir='ltr'><strong>indemnem</strong></span> 
     </span>
     <span class='ocr_line' id='line_1_39' title="bbox 136 4392 1324 4462; baseline 0.004 -18"><span class='ocrx_word' id='word_1_366' title='bbox 136 4393 211 4444; x_wconf 90' lang='lat' dir='ltr'><strong>mivit</strong></span> <span class='ocrx_word' id='word_1_367' title='bbox 222 4397 249 4444; x_wconf 93' lang='lat' dir='ltr'><strong>et</strong></span> <span class='ocrx_word' id='word_1_368' title='bbox 261 4393 313 4444; x_wconf 91' lang='lat' dir='ltr'><strong>sibi</strong></span> <span class='ocrx_word' id='word_1_369' title='bbox 326 4392 447 4446; x_wconf 82' lang='lat' dir='ltr'><strong>futurum</strong></span> <span class='ocrx_word' id='word_1_370' title='bbox 462 4407 626 4460; x_wconf 87' lang='lat' dir='ltr'><strong>praeconem</strong></span> <span class='ocrx_word' id='word_1_371' title='bbox 639 4396 782 4461; x_wconf 89' lang='lat' dir='ltr'><strong>praevidit,</strong></span> <span class='ocrx_word' id='word_1_372' title='bbox 797 4403 823 4449; x_wconf 92' lang='lat' dir='ltr'><strong>et</strong></span> <span class='ocrx_word' id='word_1_373' title='bbox 835 4410 898 4449; x_wconf 88' lang='lat' dir='ltr'><strong>cum</strong></span> <span class='ocrx_word' id='word_1_374' title='bbox 911 4410 974 4449; x_wconf 91' lang='lat' dir='ltr'><strong>eum</strong></span> <span class='ocrx_word' id='word_1_375' title='bbox 993 4397 1196 4449; x_wconf 89' lang='lat' dir='ltr'><strong>immacutatum</strong></span> <span class='ocrx_word' id='word_1_376' title='bbox 1210 4409 1324 4462; x_wconf 89' lang='lat' dir='ltr'><strong>corpore</strong></span> 
     </span>
     <span class='ocr_line' id='line_1_40' title="bbox 136 4489 1324 4563; baseline 0.003 -20"><span class='ocrx_word' id='word_1_377' title='bbox 136 4503 215 4556; x_wconf 80' lang='lat' dir='ltr'><strong>vans,</strong></span> <span class='ocrx_word' id='word_1_378' title='bbox 229 4489 391 4558; x_wconf 88' lang='lat' dir='ltr'><strong>virginitatis</strong></span> <span class='ocrx_word' id='word_1_379' title='bbox 408 4497 558 4547; x_wconf 88' lang='lat' dir='ltr'><strong>amatorem</strong></span> <span class='ocrx_word' id='word_1_380' title='bbox 579 4491 667 4547; x_wconf 83' lang='lat' dir='ltr'><strong>effecit</strong></span> <span class='ocrx_word' id='word_1_381' title='bbox 687 4500 715 4546; x_wconf 89' lang='lat' dir='ltr'><strong>et</strong></span> <span class='ocrx_word' id='word_1_382' title='bbox 728 4508 817 4563; x_wconf 88' lang='lat' dir='ltr'><strong>neque</strong></span> <span class='ocrx_word' id='word_1_383' title='bbox 828 4508 942 4549; x_wconf 89' lang='lat' dir='ltr'><strong>uxorem</strong></span> <span class='ocrx_word' id='word_1_384' title='bbox 964 4506 1094 4563; x_wconf 86' lang='lat' dir='ltr'><strong>umquam</strong></span> <span class='ocrx_word' id='word_1_385' title='bbox 1109 4495 1209 4550; x_wconf 87' lang='lat' dir='ltr'><strong>habere</strong></span> <span class='ocrx_word' id='word_1_386' title='bbox 1230 4493 1324 4548; x_wconf 90' lang='lat' dir='ltr'><strong>siverit</strong></span> 
     </span>
     <span class='ocr_line' id='line_1_41' title="bbox 136 4589 476 4660; baseline 0 -16"><span class='ocrx_word' id='word_1_387' title='bbox 136 4602 184 4656; x_wconf 80' lang='lat' dir='ltr'><strong>me</strong></span> <span class='ocrx_word' id='word_1_388' title='bbox 196 4589 308 4645; x_wconf 88' lang='lat' dir='ltr'><strong>soboles</strong></span> <span class='ocrx_word' id='word_1_389' title='bbox 320 4603 476 4660; x_wconf 87' lang='lat' dir='ltr'><strong>procreare.</strong></span> 
     </span>
    </p>
   </div>
   <div class='ocr_carea' id='block_1_9' title="bbox 0 0 1582 5452">
    <p class='ocr_par' dir='ltr' id='par_1_11' title="bbox 0 0 1582 5452">
     <span class='ocr_line' id='line_1_42' title="bbox 0 0 1582 5452; baseline 0 0"><span class='ocrx_word' id='word_1_390' title='bbox 0 0 1582 5452; x_wconf 95' lang='lat' dir='ltr'><strong> </strong></span> 
     </span>
    </p>
   </div>
  </div>
 </body>
</html>
