3156 5452
276 295 343 361 422
609 288 740 352 'earnm
760 299 862 350 cono.
880 297 1056 348 usercen.
1074 297 1155 349 ear.

310 483 361 534 14.
375 483 429 545 Qua
442 474 633 532 exhortatione
654 473 749 526 beatus
770 470 899 524 arnulfus
920 469 1061 536 paululum
1075 470 1264 537 animaequior
1276 469 1373 537 faetus,
1385 470 1421 524 ad
1434 484 1508 538 prae·

277 595 341 635 sens
352 581 462 648 quidem
475 575 620 631 uoluntatis
641 585 706 626 suae
720 578 759 625 est
770 571 908 624 desiderio
922 569 1072 635 fraudatus,
1086 570 1132 623 sed
1145 570 1219 637 quod
1232 571 1324 624 animo
1346 577 1509 638 conceperat

277 696 330 734 noc
343 681 427 733 multo
440 683 501 744 post
515 674 606 742 operis
626 672 769 738 compleuit
789 670 918 723 efficacia.
932 673 1008 722 Tunc
1027 675 1118 722 tamen
1130 668 1228 736 vigiliis
1248 683 1279 722 ac
1289 671 1406 736 jejuniis
1423 672 1508 737 coepit

278 783 364 838 artius
378 781 503 832 insistere
516 781 544 829 et
555 774 683 828 omnibus
696 771 803 837 pietatis
820 771 949 837 operibus
961 770 1151 823 ardentissime
1172 771 1323 838 invigilare.
1338 773 1371 824 ln
1382 773 1506 826 orationi-

278 883 329 937 bus
341 878 454 948 pervigil
466 889 497 930 ae
509 875 665 938 continuus,
679 876 787 925 terrena
800 871 968 936 despiciebat
979 875 1006 922 ot
1018 869 1052 922 ad
1070 869 1197 923 caelestia
1219 884 1269 936 por
1290 877 1385 924 sancta
1402 870 1505 925 deside·
1519 873 1533 923 i

278 983 318 1035 ria
332 977 470 1033 tendebat.
484 975 604 1028 Fletibus
617 984 648 1024 ae
660 970 781 1024 lacrimis
795 983 843 1037 per
856 969 977 1036 singulos
986 968 1045 1022 dies
1056 969 1239 1035 cruciabatur,
1261 983 1422 1024 memorans
1440 971 1509 1024 illius

278 1075 499 1147 psalmographi:
517 1072 575 1131 oni
586 1069 742 1124 seminant
755 1067 790 1121 in
809 1068 960 1135 lacrimis,
975 1067 1010 1120 in
1027 1067 1143 1135 aaudio
1162 1070 1285 1121 metent.
1296 1069 1414 1123 Euntcs
1426 1069 1508 1124 ibant

278 1182 308 1233 et
319 1176 444 1245 fiebant,
458 1173 614 1226 mittentes
635 1168 756 1222 seminia
776 1180 853 1233 sua;
871 1166 1024 1221 venientes
1045 1168 1148 1220 autem
1169 1167 1294 1220 venient
1311 1179 1383 1222 eum
1394 1169 1510 1224 occulta·

279 1277 372 1341 tione,
387 1272 525 1325 tollentes
537 1267 714 1333 manipulos
727 1278 806 1318 suos.
821 1268 933 1330 semper
954 1265 988 1318 ad
1010 1265 1168 1318 memoriam
1187 1266 1322 1319 referebat
1333 1266 1511 1334 quemadmo-

281 1375 347 1427 dum
360 1372 408 1423 dfii
420 1369 502 1423 lsrael
515 1366 639 1433 captivati
656 1378 737 1431 super
751 1364 863 1416 flumina
876 1363 1021 1429 Babylonis
1039 1363 1135 1418 flentes
1146 1364 1276 1417 sederent
1286 1377 1319 1418 ac
1330 1364 1512 1420 delectatione
1527 1367 1550 1419 ft

282 1477 346 1528 Sion
360 1469 422 1523 tacti
443 1470 471 1520 in
492 1466 620 1520 salicibus
632 1477 732 1532 organa
747 1462 956 1529 suspenderent,
970 1462 1092 1515 dicentes
1115 1479 1121 1515 :
1144 1463 1295 1523 Quomodo
1318 1463 1512 1519 cantabimur

281 1572 440 1629 canticum
452 1565 576 1623 Domini
589 1565 623 1617 in
639 1565 727 1616 terra
739 1562 846 1616 atiena
856 1561 869 1614 t
881 1563 965 1626 Quam
978 1563 1160 1628 captivitatem
1174 1563 1270 1616 beatus
1281 1564 1333 1617 iste
1344 1565 1514 1618 incessanter

284 1675 312 1727 in
325 1687 354 1726 se
365 1670 546 1738 cognoscebat
558 1674 584 1720 et
598 1666 749 1733 praesentia
769 1670 868 1718 cuncta
889 1665 967 1731 quasi
989 1665 1077 1718 aliena
1090 1671 1117 1718 et
1134 1679 1188 1719 non
1202 1679 1251 1719 sua
1268 1665 1431 1732 deputabat.
1444 1671 1516 1721 lianc

284 1773 386 1841 quippe
398 1756 540 1823 mortalem
553 1767 634 1819 vitam
648 1764 810 1818 confusione
831 1770 1004 1831 peecatorum
1026 1765 1135 1830 plenam
1156 1778 1217 1817 esse
1228 1765 1435 1828 considerabat,
1448 1765 1516 1820 ideo

286 1885 339 1940 que
351 1873 484 1937 quantum
498 1870 604 1934 poterat
615 1877 721 1918 amaras
734 1864 793 1931 ep‘us
806 1864 949 1917 illecebras
961 1865 1165 1931 compescebat;
1176 1866 1241 1918 sion
1253 1877 1330 1927 uero,
1344 1865 1373 1920 id
1386 1874 1430 1919 est
1442 1867 1518 1920 visio
1534 1865 1559 1918 ts

286 1985 349 2026 nem
363 1981 498 2036 supernae
512 1967 585 2034 pacis
596 1972 623 2019 et
634 1966 746 2033 quietis,
759 1978 791 2019 eo
812 1964 928 2030 amplius
949 1965 1058 2017 sitiebat
1077 1978 1132 2031 quo
1145 1965 1230 2031 magis
1249 1965 1327 2018 illum
1340 1971 1406 2019 vota
1419 1981 1469 2022 sua
1486 1966 1519 2020 ad

286 2075 397 2126 aeterna
418 2067 516 2136 gaudia
537 2066 733 2134 impediebant.
755 2065 831 2118 Unde
852 2068 879 2117 ct
900 2065 1058 2130 frequenter
1078 2064 1243 2116 versiculum
1266 2064 1350 2116 istum
1375 2066 1519 2121 iterabat:

290 2167 414 2229 Quando
427 2165 591 2220 venr‘omet
607 2163 725 2232 parebo
745 2165 817 2216 ante
837 2161 952 2230 faciem
975 2161 1029 2215 Dei
1048 2162 1135 2216 mci?
1154 2161 1231 2215 hedit
1244 2162 1337 2228 itaque
1349 2163 1523 2219 eibominus

287 2266 454 2320 desiderium
473 2263 562 2317 cordis
574 2264 615 2316 sui
635 2269 662 2315 et
682 2262 819 2316 voluntate
838 2261 972 2313 labiorum
994 2261 1054 2326 ejus
1073 2273 1128 2314 non
1146 2259 1280 2313 fraudant
1299 2273 1375 2327 eum,
1390 2265 1527 2330 quoniam

290 2363 431 2434 praeuenit
442 2376 505 2416 eum
518 2362 547 2415 in
559 2360 750 2418 benedictione
761 2359 924 2413 dulcedinis.
1543 2363 1572 2415 pp

326 2465 376 2518 15.
391 2465 495 2517 interea
507 2464 601 2516 beatus
614 2461 751 2528 Remigius
762 2460 947 2513 venerabilem
960 2472 1087 2526 sponsam
1100 2472 1176 2512 suam
1186 2460 1220 2512 ad
1233 2473 1262 2512 se
1274 2461 1371 2515 venire
1383 2463 1532 2530 praecepit

295 2577 327 2617 ae
340 2576 434 2616 rursus
447 2563 576 2615 intereos
588 2559 758 2613 custodiendi
775 2559 887 2627 pudoris
898 2559 1107 2626 chirographum
1121 2560 1255 2626 reparavit
1269 2574 1275 2610 :
1290 2560 1317 2612 in
1331 2573 1387 2627 qua
1400 2562 1533 2617 obserua-

297 2661 370 2714 tione
382 2674 469 2727 usquo
482 2659 515 2712 ad
529 2659 610 2711 tinem
623 2658 694 2710 vitae
709 2663 824 2725 uterque
841 2659 1001 2725 permansit,
1015 2664 1042 2710 ct
1055 2657 1188 2712 mercedis
1206 2671 1271 2712 suae
1291 2659 1450 2725 praemium
1464 2662 1532 2715 reci·

295 2774 361 2826 pere
373 2774 388 2814 a
401 2761 514 2814 homino
536 2758 694 2826 promeruit.
708 2757 761 2811 Sed
783 2759 877 2812 beatus
897 2758 1036 2816 arnulfus.
1049 2757 1078 2810 in
1098 2758 1149 2810 hac
1170 2771 1224 2824 qua
1244 2759 1534 2824 coeperatroluntate

295 2871 468 2925 permanens,
485 2864 515 2911 ut
538 2871 646 2924 sempor
666 2857 735 2909 infra
755 2869 785 2909 se
802 2861 874 2909 esset
894 2869 1067 2921 summopere
1088 2857 1241 2922 procurarit
1260 2862 1287 2909 et
1307 2860 1338 2908 ut
1360 2858 1572 2914 immensam!

295 2957 426 3025 populum
446 2958 548 3023 fugeret
569 2969 733 3024 magnopere
755 2955 921 3022 diligentiam
942 2955 1044 3007 habuit.
1064 2953 1133 3007 iliud
1154 2967 1264 3020 quoquo
1285 2955 1482 3023 euangelicum
1505 2960 1534 3011 in

296 3057 589 3122 contemnensque
609 3056 708 3109 ononis
729 3055 784 3121 qui
796 3055 960 3121 reliquerit
980 3054 1103 3107 domtcm
1124 3053 1170 3106 oct
1193 3052 1310 3121 fratres
1324 3057 1385 3107 atet
1402 3068 1534 3111 sorores

297 3161 351 3210 aut
360 3159 485 3224 patrem
502 3158 557 3208 aut
570 3158 702 3208 inatrem
714 3157 769 3207 aut
789 3167 918 3207 uxorem
930 3157 988 3207 aut
999 3155 1081 3222 filios
1101 3156 1157 3206 aut
1169 3166 1262 3219 apros
1269 3156 1405 3220 propter
1417 3170 1533 3211 momen

297 3258 403 3322 christi,
417 3257 591 3324 centuplum
613 3256 744 3322 accipiet
766 3254 797 3305 in
820 3253 874 3307 hoe
885 3256 1006 3309 saecuto
1024 3258 1053 3307 et
1065 3254 1163 3306 eitam
1181 3256 1342 3306 aeternam
1351 3256 1535 3321 possidebit

298 3360 333 3410 in
345 3357 462 3426 fratruo,
476 3358 568 3410 omnia
581 3369 639 3421 sna,
653 3357 722 3408 siout
734 3354 818 3421 prius,
832 3356 882 3407 snb
903 3353 1058 3406 testimonio
1079 3357 1187 3405 sanetae
1209 3353 1254 3404 fici
1277 3353 1416 3408 Ecclesiae
1429 3357 1533 3410 dereii·
1549 3360 1573 3410 u

298 3459 356 3526 quit
367 3472 396 3510 ac
411 3458 438 3508 in
452 3459 509 3523 ipso
521 3456 665 3508 exorcismi
678 3454 763 3522 gradu
776 3454 1002 3521 peregrinationis
1015 3453 1084 3504 viam
1097 3465 1239 3519 aggressus
1252 3457 1303 3511 est,
1318 3465 1375 3505 non
1389 3463 1533 3522 quantum

297 3556 391 3615 voluit,
405 3556 451 3609 sed
465 3561 596 3622 quantum
611 3555 701 3606 divina
719 3554 862 3605 elementia
876 3553 1007 3618 permisit.
1022 3552 1140 3603 Primum
1158 3551 1239 3617 igitur
1251 3551 1377 3604 Tolosam
1392 3555 1427 3606 ad
1441 3558 1535 3622 sepul·

297 3670 373 3708 erum
395 3655 478 3708 sancti
500 3653 637 3705 Saturnini
659 3653 750 3717 venit3
764 3652 810 3704 ubi
824 3651 914 3704 cordis
930 3651 971 3702 sni
992 3649 1128 3702 desiderio
1148 3662 1194 3714 per
1214 3649 1323 3702 diuinae
1337 3651 1536 3718 inspirationis

296 3755 534 3820 compunctionem
547 3750 686 3804 satisfecit.
697 3751 762 3803 inde
775 3749 951 3817 progrediens
965 3749 1076 3802 Pictaris
1089 3748 1219 3813 applicuit
1228 3753 1254 3800 et
1266 3748 1300 3800 ad
1312 3757 1442 3804 sanctum
1457 3756 1534 3808 llila-

297 3854 366 3905 rium
391 3854 574 3905 confessorem
596 3851 692 3908 orandi
713 3850 797 3917 gratia
819 3850 945 3915 perrexit.
968 3851 1106 3900 Postremo
1127 3847 1242 3899 furonis
1269 3848 1478 3904 sanctissimum
1505 3861 1534 3908 et
1549 3859 1573 3908 ἃ

297 3953 363 4004 nulli
379 3958 437 4018 post
450 3950 584 4016 apostolos
598 3949 748 4002 seeundum
762 3949 905 4000 biartinum
919 3947 1038 4012 expetiit.
1054 3945 1102 3998 ttbi
1117 3947 1168 3998 hoc
1180 3945 1261 3998 modo
1275 3946 1368 3998 sedern
1383 3952 1537 4008 cathedrae

297 4064 328 4104 ac
341 4051 513 4116 pontificatus
526 4050 657 4101 honorem
671 4049 796 4112 suscepit.

332 4151 380 4201 16.
396 4149 473 4202 iirbis
487 4149 559 4200 itlius
579 4148 722 4213 episcopus
743 4147 885 4198 transitum
906 4145 940 4197 do
962 4145 1013 4197 hoc
1025 4144 1134 4196 saeculo
1157 4146 1256 4196 fecerat
1268 4150 1295 4196 et
1306 4158 1420 4213 gregem
1435 4152 1537 4204 christi

298 4250 356 4302 sine
369 4249 485 4315 pastoris
499 4246 620 4300 custodia
635 4246 791 4312 reliquerat.
807 4248 860 4297 tiae
872 4243 907 4296 de
920 4257 1000 4296 eausa
1014 4243 1092 4308 primi
1107 4242 1272 4309 plurimique
1285 4245 1453 4308 pontificum
1474 4264 1537 4305 con-

298 4353 428 4402 venerant
440 4362 469 4400 ac
484 4349 555 4399 inter
568 4361 596 4398 se
610 4346 754 4398 consilium
769 4347 898 4404 fecerant,
912 4350 941 4394 ut
958 4342 1069 4409 dignum
1091 4342 1182 4394 domui
1203 4344 1247 4394 bei
1266 4343 1492 4408 dispensatorem
1510 4353 1574 4405 eth

299 4447 404 4500 fidelem
427 4447 499 4499 fideli
514 4447 613 4512 populo
629 4447 796 4511 praeferrent
817 4450 960 4495 rectorem.
974 4442 1021 4504 Qui
1041 4456 1102 4493 cum
1116 4442 1186 4493 inter
1205 4455 1233 4493 se
1255 4441 1365 4495 diversa
1385 4451 1536 4511 sentirent.

299 4554 326 4601 et
338 4549 375 4599 illi
389 4549 478 4605 istum,
493 4548 534 4598 isti
548 4548 625 4598 illurn
644 4545 846 4613 subrogandum
869 4556 927 4596 csse
948 4541 1138 4605 decernerent,
1153 4547 1278 4608 essetque
1301 4543 1425 4599 schisma
1448 4551 1478 4603 in
1500 4553 1540 4606 eis
