3136 5482
392 364 483 415 oren.
503 363 586 414 nar.
606 363 722 414 ranis.
741 381 787 392 -
802 361 879 412 con.
899 360 974 411 sere.
1225 346 1291 411 137

155 534 195 611 50
213 559 234 609 x
254 556 357 611 nono
389 532 466 610 kal.
490 530 690 615 februarii,
719 530 841 608 sancti
861 528 999 609 Felicis
1017 532 1190 636 episcopi
1209 534 1286 632 (iol.

207 657 318 758 66).
887 735 890 741 ,

85 791 183 844 Passio
195 791 291 844 Felicis
303 791 376 844 illius
389 791 436 857 qui
457 791 565 844 liberio
588 790 622 842 ad
642 797 750 856 tempus
763 791 927 844 substitutus
941 791 1036 854 fertur,
1050 789 1094 843 ed.
1107 803 1152 857 ap.
1165 793 1292 846 itombri·

48 890 137 954 tium,
151 894 217 942 torn.
234 891 254 941 1.

156 986 366 1066 6⁰1111kal.
388 987 553 1089 augusti,
574 987 704 1088 passio
722 996 876 1066 sanctae
898 987 1106 1089 Seraphiae
1129 988 1290 1090 virginis

208 1111 285 1212 (fol.
307 1112 419 1211 6‘·8¹i.

88 1244 139 1297 cd.
151 1245 216 1298 Act.
229 1245 287 1312 85„
300 1245 334 1297 ad
347 1245 374 1297 d.
388 1245 421 1298 ao
432 1247 510 1312 Aug„
524 1249 589 1298 tom.
604 1247 645 1309 vi,
658 1259 685 1310 p.
698 1245 793 1310 ido-33
807 1244 910 1296 scilicet
923 1258 999 1296 num.
1015 1246 1083 1298 nti.

157 1343 197 1417 ’10
221 1342 364 1444 [Passio
398 1352 618 1422 sanctarum
650 1342 862 1444 Perpetuae
897 1352 935 1420 et
965 1341 1189 1452 Felicitatis]
1210 1346 1286 1445 (fol.

208 1465 353 1567 90-110).

92 1598 141 1650 ud.
159 1599 222 1653 Cat.
236 1601 347 1664 Brun..
362 1604 458 1666 tomi,
471 1614 499 1665 p.
515 1602 616 1654 tos-ot.

158 1697 198 1775 8⁰
216 1698 301 1778 Vita
329 1699 391 1778 vel
422 1698 664 1778 conversatio
694 1705 847 1776 sanctae
879 1697 1040 1776 Savinae
1069 1697 1231 1800 virginis
1250 1708 1288 1777 et

208 1822 408 1902 confessae
426 1822 502 1923 (fol.
522 1822 689 1923 110-110).

91 1957 140 2009 Ed.
153 1957 219 2010 Act.
232 1957 290 2020 SS„
303 1956 375 2009 add.
389 1958 422 2010 td
432 1959 505 2022 ian,
515 1958 611 2021 tumn,
621 1971 649 2023 p.
659 1957 763 2009 ott-tc.
775 1957 805 2008 in
816 1954 871 2008 stne
880 1956 971 2008 addita
982 1962 1025 2009 est
1034 1958 1102 2010 haec
1112 1963 1176 2010 nota
1185 1958 1289 2021 (naevis

60 2056 169 2119 reiecta,
182 2068 300 2122 quorum
313 2054 537 2109 emendationem
548 2059 710 2121 attemptare
721 2055 947 2121 operaepretium
957 2056 1047 2107 visum
1060 2069 1116 2109 non
1129 2057 1179 2122 est)
1190 2058 1288 2110 eadem

59 2167 141 2208 manu
154 2155 289 2208 saeculix
309 2168 379 2222 quae
402 2156 486 2208 Vitam
507 2153 748 2222 desertissimum
766 2154 928 2208 Firminus
947 2153 1120 2210 monachas
1138 2156 1288 2223 indipnas

58 2254 95 2308 de
105 2267 202 2320 saper
213 2254 321 2320 apiano
333 2255 522 2309 monasterio
532 2254 597 2307 vita
609 2257 739 2308 sanotae
750 2266 788 2308 ae
797 2252 996 2307 beatissimae
1008 2254 1143 2308 savinae
1153 2255 1288 2322 viminis

58 2363 97 2405 en
108 2350 346 2406 commonitione
355 2356 539 2406 sanctornm
551 2353 643 2406 corde
651 2353 816 2419 expraessi
825 2354 854 2405 et
863 2365 884 2405 a
893 2351 1004 2419 dinitia
1014 2351 1167 2418 adaptavi
1175 2353 1287 2421 mapis-

59 2465 116 2520 que
126 2451 236 2519 fuerat
248 2466 326 2520 opas
337 2452 494 2507 scribendi
502 2453 532 2507 si
539 2453 712 2508 dominatio
724 2451 808 2506 setosi
816 2450 929 2518 fnisset
939 2464 1001 2518 qna
1010 2453 1182 2506 nonsotnm
1193 2467 1287 2507 snam

58 2563 149 2618 opere
161 2552 215 2605 sed
225 2551 421 2606 nobilitatem
432 2553 500 2618 mas
512 2564 577 2606 non
588 2551 678 2606 caini
689 2551 848 2605 intimare.

156 2657 196 2735 90
215 2659 299 2737 Vita
316 2668 470 2738 sanctae
490 2657 738 2760 Radegundis
755 2657 916 2758 virginis
933 2657 1010 2758 (fol.
1034 2657 1203 2758 110-100).

91 2801 207 2853 Auctore
219 2803 379 2866 Fortunato,
393 2802 438 2855 ed.
451 2802 529 2865 inid..
543 2802 576 2856 ad
589 2802 616 2854 d.
632 2805 663 2855 15
675 2805 751 2870 Aug„
766 2807 832 2854 tom.
847 2802 892 2866 iti,
906 2816 933 2867 p.
946 2802 1032 2853 itt-tl.

160 2905 222 2983 100
237 2889 333 3008 [Vita
351 2906 472 2986 altera
491 2917 644 2985 sanotae
663 2906 925 3008 Radegundis]
943 2906 1019 3007 (fol.
1042 2905 1210 3007 lov-dliv).

90 3048 208 3101 Auctore
221 3047 398 3114 teudonivia,
412 3049 456 3103 ed.
470 3049 548 3114 ibid,
562 3064 590 3116 p.
604 3052 687 3102 ttae.

161 3145 223 3221 110
242 3146 297 3225 Ile
328 3147 440 3227 beata
471 3148 650 3227 Disciola.
685 3148 783 3227 item
802 3148 851 3226 de
870 3148 944 3225 alia
962 3148 1092 3248 puella
1110 3148 1187 3247 (iol.
1209 3148 1289 3225 300-

210 3271 297 3372 iiiii.

82 3406 129 3465 iix
142 3404 264 3471 Gregorii
277 3407 379 3458 Turon.
393 3406 473 3459 Hist.
486 3408 611 3473 Franc„
625 3407 672 3458 tiu.
686 3417 722 3473 vr,
736 3419 795 3471 cap.
808 3407 850 3458 29.

160 3510 222 3587 1020
243 3511 417 3613 Gregorii
436 3514 618 3591 Turonici
638 3512 687 3590 de
705 3510 904 3589 miraculis
920 3520 1075 3589 sanctae
1098 3533 1287 3612 gemmae,

209 3658 310 3736 quae
329 3636 558 3715 observatur
575 3663 626 3713 xn
645 3636 720 3713 kal.
739 3635 840 3736 Junii
861 3629 942 3738 [fol.
966 3633 1136 3733 310310).

90 3767 220 3834 Ejusdem
233 3768 280 3822 lib.
295 3770 333 3822 In
344 3769 450 3837 picria
463 3773 652 3836 martyram,
666 3783 725 3836 cap.
740 3772 780 3821 15.

161 3873 224 3950 130
249 3873 334 3953 Vita
365 3877 467 3955 beati
505 3876 621 3954 Salvii
653 3875 826 3977 episcopi
863 3860 1097 3953 confessoris
1133 3874 1288 3960 Christi,

207 4003 317 4100 cujus
348 4002 532 4080 transitus
563 4001 782 4080 celebratur
811 4026 832 4077 v
863 3999 939 4075 kal.
963 3998 1188 4078 novembris
1206 3997 1286 4087 (fol.

212 4123 382 4222 iit-tir).

88 4258 141 4313 ed.
155 4260 221 4314 Act.
234 4260 292 4328 δᾶ,
306 4260 342 4314 ad
353 4260 380 4312 d.
397 4263 424 4312 11
437 4263 509 4325 ian,
524 4265 589 4313 tom.
605 4261 623 4323 i,
639 4274 664 4325 p.
678 4260 768 4311 itii-6.

159 4358 223 4433 140
237 4360 352 4438 Actus
366 4359 426 4436 vel
444 4360 522 4437 viia
536 4357 768 4436 sanctissimi
784 4356 855 4434 viri
871 4354 1038 4432 Marcelli
1055 4354 1291 4432 Parisiorum

211 4482 397 4562 antistitis
414 4482 491 4582 (fol.
514 4481 682 4581 {liii-lli).

83 4615 142 4672 tid.
156 4627 211 4681 ope
225 4616 306 4680 huius
318 4614 421 4668 codicis
433 4613 510 4679 inid„
525 4613 599 4666 add.
616 4617 625 4665 t
640 4616 716 4678 lion,
729 4617 794 4666 torn.
805 4615 826 4679 i,
841 4627 867 4678 p.
882 4613 986 4665 tdddd.
