3156 5452
478 303 522 368 72
824 319 946 371 ouria.
966 320 1068 369 coco.
1087 320 1261 370 alarona·
1278 318 1360 370 cnr.

478 488 617 542 auditores
630 488 729 541 imbuit
748 500 851 555 eosque
862 489 897 542 ad
917 490 1072 555 exemplum
1093 493 1221 555 provocat
1240 489 1353 553 bonum,
1367 501 1424 543 non
1443 495 1487 542 est
1502 490 1573 543 sileri

479 588 569 653 potius
582 587 796 653 praedicandum.
814 588 890 642 t'nde
911 589 949 641 ait
969 589 1110 655 psalmista
1125 605 1131 640 :
1144 589 1307 642 Iustitiam
1321 591 1409 643 tuam
1426 601 1490 643 non
1510 588 1578 643 aba

478 686 569 739 corde
581 697 655 751 meo,
666 686 916 741 misericordiam
927 689 957 740 et
968 687 1133 740 ceritatem
1144 689 1230 740 tuam
1243 699 1265 741 α
1277 686 1408 741 concilio
1420 687 1526 740 mutto.

830 786 972 852 bxpllcm
982 789 1141 852 prologus.
1155 785 1363 851 incipiente„

514 884 545 937 2.
560 887 704 952 Postquam
716 898 781 953 ergo
793 887 924 940 llominus
941 891 1035 939 noster
1045 888 1124 939 lesus
1136 885 1260 938 Christus
1282 886 1415 939 mundum
1428 899 1478 939 sua
1491 876 1578 954 passi

483 984 569 1038 mitet
581 985 716 1051 apostolos
733 999 797 1040 suos
813 986 972 1052 praedicare
985 986 1058 1038 misit
1078 997 1306 1052 successoresque
1326 997 1422 1039 eorum
1440 985 1475 1039 ad
1496 999 1576 1053 apra·

326 1093 403 1144 ‘om
416 1094 440 1143 5.
481 1085 570 1151 elegit,
583 1084 630 1152 qui
641 1086 676 1138 ab
688 1090 802 1139 aeterno
814 1086 872 1138 sole
884 1084 1030 1139 illuminati
1039 1085 1131 1139 diuina
1144 1085 1289 1150 adjuvante
1305 1084 1391 1152 qratia
1409 1097 1506 1139 caecos
1521 1089 1530 1105 ·
1544 1102 1563 1138 r·

483 1181 606 1235 tenebris
617 1195 681 1236 uero
696 1183 800 1250 fulgore
812 1182 1001 1237 illuminarent
1009 1189 1037 1237 et
1047 1183 1157 1252 longam
1170 1182 1255 1237 diuini
1269 1184 1344 1236 verbi
1353 1183 1473 1238 esuriem
1484 1184 1576 1252 epulis

287 1290 433 1343 wammam
442 1291 468 1354 a,
478 1282 549 1335 vitae
562 1281 698 1335 familiae·
711 1281 902 1350 Redemptoris
915 1284 1056 1349 satiarent,
1069 1288 1180 1337 sauctus
1193 1284 1238 1336 liei
1251 1282 1380 1338 sacerdos
1390 1283 1523 1338 Helanius
1535 1286 1576 1339 lie

304 1368 386 1411 Μ·
400 1358 426 1421 52
438 1359 465 1410 ⁸·
485 1381 629 1447 episeopus
640 1381 798 1447 praedicare
810 1394 924 1436 exorsus
937 1387 987 1436 est.
1001 1383 1061 1435 luit
1073 1381 1320 1449 igiturpraedictus
1329 1383 1473 1449 episcopus
1484 1383 1572 1437 nobili

484 1481 532 1534 sed
543 1480 662 1535 nobilior
683 1480 746 1544 lide,
759 1481 859 1536 saeculi
880 1481 1013 1549 dignitate
1026 1483 1098 1534 inter
1118 1494 1182 1535 suos
1201 1482 1302 1548 clarus,
1315 1482 1364 1535 sed
1386 1482 1544 1536 divinorum

482 1581 568 1649 gratia
591 1581 763 1648 praecipuus.
784 1581 870 1648 liujus
891 1581 941 1634 viri
965 1583 1079 1636 iurantia
1102 1583 1187 1635 sacris
1209 1582 1319 1649 quidem
1344 1583 1541 1637 miraculorum
1575 1606 1578 1631 t

482 1680 679 1747 apparentibus
699 1679 837 1747 fulgebam
851 1681 966 1733 summis
987 1680 1176 1735 sacerdotibus
1195 1682 1276 1734 etiam
1299 1693 1348 1746 per
1367 1681 1488 1735 diuinam
1510 1695 1561 1748 pro

483 1778 655 1844 commissus,
669 1777 753 1831 sacris
765 1778 862 1831 litteris
874 1783 900 1831 et
912 1778 1012 1830 divinis
1023 1777 1200 1831 emdielrator
1211 1777 1375 1844 disciplinis.

502 1876 548 1931 ’3.
562 1881 707 1931 Crescente
724 1883 898 1943 acroamate,
911 1877 1101 1945 providentiae
1121 1892 1186 1947 erga
1207 1878 1284 1931 illum
1305 1876 1418 1933 effeetus
1438 1879 1538 1934 cotidie
1560 1894 1577 1933 c

483 1980 547 2029 Erat
558 1977 632 2029 enim
645 1977 679 2030 de
692 1978 835 2030 venetensi
849 1977 976 2042 parocbia
988 1990 1023 2030 ex
1035 1978 1164 2046 progenie
1174 1977 1308 2031 oriundus
1327 1992 1358 2031 ex
1369 1978 1575 2047 nobilissimisp

483 2076 550 2129 etin
563 2076 627 2130 uilla
647 2088 717 2143 quae
737 2076 944 2131 uocaturl’latio
965 2077 1094 2130 nutritus.
1108 2078 1168 2130 l'uit
1188 2082 1279 2131 autem
1302 2078 1389 2130 forma
1411 2079 1573 2145 praecipuo

484 2178 584 2229 castus.
597 2181 689 2229 mente
699 2175 822 2239 devotus,
836 2174 953 2228 allabilis
973 2176 1120 2243 colloquio.
1133 2175 1258 2229 amabilis
1279 2182 1399 2243 aspectu,
1412 2177 1560 2244 prudentia

485 2275 665 2341 temperantia
677 2275 777 2334 clarus.
787 2275 845 2329 zelo
857 2275 903 2328 bei
911 2280 938 2328 et
947 2288 1039 2329 amore
1047 2276 1164 2342 proximi
1177 2276 1307 2342 fervidus,
1319 2282 1521 2344 perpetuaeque
1541 2279 1569 2329 vi

485 2380 515 2428 ut
534 2379 592 2428 erat
610 2374 777 2439 admonitus,
796 2378 897 2428 eustos.
912 2375 942 2427 ln
963 2376 1105 2442 seripturis
1126 2374 1211 2427 sacris
1232 2374 1268 2428 ad
1289 2375 1437 2445 legendum
1458 2375 1558 2430 doctus

305 2481 372 2535 ‘ita
380 2480 468 2535 codd.
487 2473 626 2528 canonicis
639 2486 725 2540 paene
737 2473 815 2526 uictis
828 2476 837 2494 ·
850 2472 1032 2540 praecellebat
1043 2473 1200 2539 parochiam
1212 2488 1295 2542 quam
1308 2475 1456 2543 regendam
1468 2489 1578 2542 suscep

330 2559 444 2601 ‘’met‘'
487 2572 617 2625 tontibus.
631 2573 662 2624 ln
675 2575 781 2624 tautum
793 2583 857 2625 vero
877 2576 936 2624 erat
946 2570 1103 2638 aptissimus
1122 2572 1262 2625 seniorum
1276 2579 1302 2625 et
1322 2573 1513 2640 coaequalium
1535 2586 1569 2627 ac

487 2685 547 2725 rum
559 2675 591 2723 ut
602 2671 759 2736 eloquentia
770 2682 819 2722 sua
833 2668 954 2736 placeret
965 2669 1094 2724 omnibus
1116 2670 1168 2723 sibl
1180 2671 1410 2738 colloquentibus,
1424 2673 1461 2724 ita
1483 2676 1515 2725 ut
1529 2685 1575 2726 rna

486 2771 618 2824 laetitiam
630 2770 765 2836 redderet,
780 2771 884 2823 scelera
897 2769 1060 2824 iacientibus
1072 2769 1257 2836 disciplinam.

519 2871 551 2922 A„
566 2872 596 2922 ln
609 2874 713 2923 tantum
727 2869 801 2923 enim
814 2869 886 2923 tama
897 2869 956 2936 eius
974 2869 1058 2923 creuit
1070 2875 1100 2922 ut
1110 2870 1191 2922 etiam
1213 2869 1373 2937 Clodoueus,
1388 2882 1437 2922 rex
1458 2872 1564 2927 Franco

487 2968 537 3022 sibi
551 2968 712 3022 familiarem
729 2969 831 3021 iaceret
842 2974 869 3022 et
880 2969 995 3022 consilio
1017 2970 1077 3035 ejus
1088 2969 1205 3022 libenter
1225 2969 1374 3023 oboediret.
1388 2969 1449 3023 Suis
1462 2984 1526 3039 ergo
1545 2972 1557 3039 i

488 3085 595 3139 parens,
610 3072 709 3124 multas
730 3071 881 3124 construxit
894 3071 1023 3123 ecelesias
1044 3071 1221 3138 desertasque
1233 3072 1396 3124 restauravit
1407 3078 1434 3124 et
1452 3077 1575 3126 monast

487 3172 565 3223 ravit.
587 3172 721 3236 l‘auperes
740 3182 805 3223 vero
825 3171 885 3235 eius
906 3169 1022 3223 consilio
1043 3171 1143 3229 alebat.
1164 3169 1210 3222 llei
1233 3183 1327 3222 seruos
1349 3170 1510 3230 honorabat,
1530 3172 1577 3238 jus

488 3270 588 3336 populo
601 3270 658 3322 suis
669 3269 780 3323 monilis
792 3269 937 3322 exercebat
949 3274 976 3321 et
987 3269 1090 3322 cultum
1104 3269 1226 3322 diuinum
1245 3268 1436 3334 amplificabat.
1450 3270 1575 3337 syuodo·

488 3367 710 3421 aurelianensem
723 3367 860 3419 ciuitatem
872 3366 982 3434 triginta
1000 3366 1117 3419 duorum
1132 3367 1321 3433 episcoporum
1339 3368 1513 3435 congregarit
1525 3370 1572 3435 qui

320 3470 414 3522 ‘actor
427 3472 450 3521 l.
485 3481 535 3521 nes
547 3469 708 3519 statuerunt.
722 3469 842 3530 Quorum
854 3467 969 3519 auctor·
983 3467 1100 3519 maxime
1113 3471 1223 3518 sauctus
1240 3467 1373 3519 lielanius
1385 3468 1556 3520 badonensis

486 3567 581 3627 extitit,
595 3568 664 3619 sieut
684 3567 765 3619 etiam
790 3566 817 3618 in
840 3566 1006 3632 praelatione
1029 3563 1151 3632 ejusdem
1175 3565 1283 3618 concilii
1306 3567 1422 3620 babetur
1442 3567 1577 3621 insertum

486 3664 561 3719 euim
573 3671 599 3717 et
611 3665 700 3731 qualia
715 3665 832 3730 capitula
853 3664 955 3716 ibidem
969 3664 1024 3716 siut
1037 3669 1107 3717 statu
1120 3665 1252 3719 canonico
1273 3666 1300 3718 in
1314 3666 1409 3720 eodem
1431 3668 1548 3722 coneilio

307 3765 467 3820 ‘itacodd
488 3765 662 3829 reperiuntur
675 3765 704 3813 ·:
727 3774 797 3829 quae
819 3761 900 3815 etiam
921 3760 997 3814 utilia
1019 3760 1147 3814 omnibus
1165 3762 1235 3815 scire
1256 3763 1410 3816 volentibus
1430 3770 1457 3817 et
1479 3778 1546 3817 nece

330 3844 443 3886 ‘mm‘
486 3862 660 3930 perspicuum
673 3867 722 3914 est.

517 3961 548 4014 5.
571 3964 691 4025 Quantae
712 3960 786 4013 enim
809 3960 915 4013 virtutis
936 3964 963 4013 et
982 3960 1084 4028 gratiae
1109 3965 1190 4027 atque
1211 3961 1361 4026 sapientiae
1382 3963 1537 4028 praedictus
1557 3976 1574 4018 e

483 4065 593 4113 sanctus
604 4058 730 4112 videlicet
743 4058 886 4124 melanius,
898 4064 965 4123 erat,
979 4066 1104 4122 uemo‚ut
1114 4072 1185 4124 reor,
1198 4057 1280 4125 digne
1292 4059 1363 4112 ualet
1374 4061 1519 4126 explicare.
1532 4063 1552 4114 li
1573 4102 1576 4107 ι

288 4158 541 4226 ‘notoremtelege
554 4158 659 4212 bomini
673 4158 733 4209 sine
753 4156 915 4210 lassitudine
936 4159 1093 4223 persistens.
1107 4161 1251 4212 Auctorem
1270 4160 1357 4214 ‘vero
1378 4162 1448 4215 ritae
1469 4175 1563 4217 suaeo

484 4257 662 4318 custodiebat,
684 4256 793 4309 oculum
817 4262 908 4309 autem
931 4258 1029 4309 mentis
1051 4270 1116 4310 suae
1137 4257 1171 4310 ad
1192 4259 1337 4312 bominum
1357 4273 1464 4327 semper
1485 4260 1567 4315 linum

482 4360 563 4422 atque
575 4354 720 4408 eonsilium
734 4359 760 4406 et
772 4367 840 4420 opus
852 4369 932 4407 suum
945 4368 1052 4421 semper
1064 4356 1098 4408 ad
1112 4356 1258 4410 bominum
1270 4359 1456 4412 convertebat.
1470 4359 1555 4413 Pedes

482 4456 556 4510 omui
568 4461 690 4522 tempore
701 4455 795 4509 directi
808 4463 886 4508 erant
904 4456 938 4508 ad
951 4469 1044 4520 pacem
1058 4459 1084 4509 et
1101 4462 1191 4511 celera
1207 4459 1280 4512 bona
1298 4458 1331 4511 ad
1345 4460 1567 4529 evangelizanda.

481 4558 573 4608 autem
585 4554 768 4611 sollicitudine
780 4554 964 4622 praedicando
976 4554 1109 4608 lustrabat
1129 4555 1259 4611 ecclesias
1279 4564 1307 4611 et
1327 4559 1478 4628 municipia
1499 4560 1578 4615 sibi»
