3136 5482
167 99 211 161 44
384 143 387 150 -
507 113 632 164 cautu.
652 114 753 163 oonn.
772 114 946 164 stercen.
966 115 1046 165 aar.

198 282 229 334 7.
243 283 346 348 Corpus
358 294 424 335 vero
436 286 545 334 sanctae
558 283 677 339 valeriae
690 300 746 339 una
758 300 820 340 curn
832 288 920 354 capite
930 294 1005 341 secto
1014 301 1029 340 a
1039 287 1147 342 cervice
1156 288 1284 356 sepelivit
1300 289 1433 343 beatu-⁴3

163 383 291 434 liartiaiis
311 384 415 437 honore
436 385 587 449 praeclaro,
608 392 714 440 astante
732 388 802 441 duce
814 393 841 440 et
852 389 960 442 cunctis
971 388 1151 456 dignitatibus
1161 390 1234 455 ejus.
1249 391 1306 441 lloc
1321 385 1418 440 enim

163 482 267 547 absque
280 480 363 534 dubio
375 481 544 535 credendum
556 484 683 551 estquod
696 487 903 539 conversionem
913 485 1005 551 sponsi
1020 487 1062 539 sui
1072 487 1186 552 spiritus
1200 492 1313 538 sauctae
1322 484 1409 537 vale*

165 581 221 631 riae
234 580 418 644 impetraverit
429 581 458 632 in
470 583 564 645 caelis,
577 596 648 648 quae
661 585 759 636 multas
771 596 821 649 pro
833 598 866 638 co
879 598 974 651 preces
992 584 1168 638 beatuderat
1181 584 1314 637 interris.
1332 586 1390 636 llam

163 681 213 733 boc
229 682 348 735 sensisse
361 681 529 746 praedictum
547 681 644 735 ducem
658 683 701 734 bic
714 684 900 749 perpenditur,
919 683 992 750 quod
1005 684 1098 737 omnia
1109 696 1181 750 quae
1194 683 1267 736 dotis
1279 683 1383 736 nomine
1419 648 1451 709 ‘⁵

162 783 272 830 sanetae
285 779 406 832 Valeriae
420 792 469 845 por
481 784 672 832 testamentum
685 781 809 845 dederat,
822 780 893 834 lacta
911 782 1038 834 sollemni
1056 782 1205 835 donatione
1217 786 1315 833 sancto
1327 767 1387 833 llar-

164 878 220 930 tiali
230 878 351 943 tradidit,
361 885 389 931 ut
402 878 460 944 ipse
470 892 502 931 ea
516 886 594 945 prout
606 881 657 933 sibi
671 880 814 933 videbatur
826 880 1006 946 dispensaret.
1015 883 1118 933 durum
1128 881 1203 932 enim
1215 887 1243 933 et
1254 884 1387 947 argentum

166 978 281 1030 inultum
303 991 333 1031 ac
355 981 440 1031 multa
459 980 576 1045 pretiosa
597 993 711 1032 munera
732 980 787 1032 dux
808 981 906 1034 obtulit
922 978 1055 1045 pontifici,
1078 985 1108 1031 ut
1128 978 1277 1031 fabricaret
1297 977 1388 1032 exinde

163 1077 297 1129 eeclesias
308 1090 376 1143 quas
387 1085 461 1130 esset
473 1079 665 1131 fabricaturus.
679 1082 710 1131 Et
723 1080 803 1132 beato
815 1078 938 1131 antistite
951 1079 975 1130 ei
989 1078 1135 1131 consilium
1153 1077 1315 1143 praebente,
1328 1090 1389 1131 con·

165 1176 266 1227 struxit
275 1176 329 1229 dux
342 1176 477 1242 hospitale
488 1190 638 1244 pauperum
652 1183 680 1229 et
692 1177 827 1247 reditibus
848 1183 982 1230 terrarum
1000 1177 1129 1242 replevit,
1144 1182 1173 1229 ut
1185 1175 1287 1229 cotidie
1299 1188 1392 1242 paupe·
1409 1179 1419 1228 l

165 1288 208 1326 res
220 1274 333 1328 trecenti
346 1274 448 1328 ibidem
461 1276 601 1328 alerentur
613 1277 639 1328 in
654 1277 758 1329 honore
770 1276 870 1330 Christi
886 1289 935 1342 pro
948 1274 1139 1329 recordatione
1148 1275 1264 1341 virginis
1281 1280 1314 1328 et
1332 1287 1395 1327 mar

165 1375 232 1439 tyris
245 1374 375 1427 Valeriae.

224 1596 303 1642 viva
321 1596 350 1643 s.
369 1596 545 1642 nssvrruvr
558 1595 707 1643 sciscam
725 1572 1009 1661 vnrcnsv1u1(Clr.
1030 1594 1143 1660 snpra,
1159 1595 1192 1660 p.
1212 1575 1270 1653 40,
1289 1576 1352 1661 3⁰).

202 1795 311 1849 Lectio
323 1795 437 1859 prime.
450 1824 484 1836 -
504 1798 651 1864 Praecipue
676 1796 814 1849 narranda
836 1803 902 1849 sunt
923 1802 998 1864 gesta
1016 1795 1150 1849 divinitus
1168 1795 1309 1848 celebrata
1328 1795 1398 1848 inter

164 1898 258 1946 cetera
270 1899 351 1959 atque
363 1894 509 1958 laudanda,
523 1909 584 1964 curn
605 1894 770 1947 documenta
791 1899 886 1946 nostra
906 1906 920 1945 a
942 1893 1003 1946 vitis
1016 1897 1172 1945 sanctorum
1185 1898 1295 1958 patrum
1309 1904 1400 1959 prooe-

165 1991 242 2055 dant,
256 2005 305 2058 per
315 2006 433 2058 quorum
447 1992 544 2046 merila
556 1994 609 2046 vita
623 2000 715 2046 nostra
728 1993 757 2045 in
770 1993 885 2045 bomino
899 1993 1001 2044 ferveat
1014 1998 1040 2044 et
1053 1991 1183 2044 lucescat.
1197 1990 1349 2045 Dicendum
1359 1996 1400 2045 est
1416 1989 1451 2042 l:

166 2091 273 2157 erpode
289 2092 407 2158 quodam
426 2092 609 2159 adolescente,
622 2095 669 2160 qui
688 2105 785 2145 caecus
806 2098 887 2143 natus
899 2091 928 2143 in
940 2089 1043 2143 tinibus
1061 2089 1230 2156 principatus
1249 2088 1396 2157 Galilaeae,

169 2189 254 2242 nobili
267 2192 415 2258 propagine
428 2192 456 2243 in
468 2193 567 2258 oppido
580 2193 712 2244 tabariae
724 2191 869 2257 oriundus,
878 2189 949 2242 dixit
965 2189 1034 2256 patri
1048 2203 1097 2242 suo
1110 2205 1117 2240 ε
1128 2189 1226 2253 Pater·
1243 2188 1298 2257 mi,
1312 2188 1400 2243 audi·

167 2289 226 2341 stis
237 2301 323 2342 voces
332 2291 541 2344 clamantium
554 2293 592 2344 de
603 2292 675 2345 Jesa
687 2293 864 2358 Nazarmto,
874 2292 993 2357 pararem
1006 2287 1086 2356 facit
1095 2289 1129 2341 in
1140 2287 1262 2342 curretis
1268 2288 1399 2355 populis

165 2386 335 2441 vttiraculct.
361 2390 494 2443 Clarrctoa
514 2390 679 2442 ‹rvnbtelare
698 2389 787 2456 facit,
812 2401 917 2442 caecos
943 2386 1117 2454 illuminat,
1136 2362 1231 2438 erardi
1249 2386 1398 2454 audiunt,

164 2488 302 2538 ritartucs
314 2489 505 2542 resuscitare
515 2487 595 2556 facit
608 2488 784 2541 triduanos.
812 2487 929 2540 Vadam
950 2486 992 2538 ad
1004 2498 1084 2551 eterit,
1097 2486 1127 2537 et
1139 2497 1210 2537 cum
1220 2485 1321 2536 tratres
1337 2483 1397 2536 vim
1415 2482 1451 2536 tl:

165 2582 223 2635 tibi
232 2583 301 2636 sine
312 2586 421 2653 oculis,
434 2587 575 2641 clamabo
587 2590 622 2639 at
634 2586 745 2640 lrabeat
756 2584 1006 2639 inisericordiam
1019 2584 1053 2635 in
1064 2595 1153 2636 screa
1164 2596 1231 2650 sao,
1241 2584 1277 2634 at
1290 2583 1397 2637 oculor

164 2695 246 2735 vncos
258 2684 384 2751 aperiat
395 2686 511 2739 virtute
525 2701 595 2740 stra.
616 2687 765 2754 Respondit
787 2692 885 2752 pater:
907 2686 929 2737 0
948 2683 1000 2752 fili
1018 2683 1073 2749 ati,
1094 2681 1285 2749 impossibile
1302 2684 1350 2735 eat
1369 2684 1399 2736 te

163 2792 314 2846 tamquam
324 2781 446 2850 videra-
459 2797 530 2838 cum
542 2785 627 2839 cearli
638 2784 694 2838 tibi
704 2797 766 2838 non
778 2783 843 2837 sint
854 2795 909 2835 nec
927 2781 1038 2848 aliqua
1055 2780 1151 2833 series
1163 2780 1329 2834 occatoriam
1342 2778 1399 2833 tabi

163 2882 327 2946 appareat,
344 2883 492 2946 querneae
504 2883 557 2951 fiet
570 2883 678 2937 istud?
690 2883 840 2948 Respondit
852 2880 924 2933 tilius
939 2896 945 2930 :
959 2878 1120 2945 Narnqaid
1138 2878 1241 2944 matres
1259 2881 1307 2930 eat
1318 2889 1396 2931 mor·

163 2977 1393 3049 ttcassuscr'tarcpuamoetrlosaperirebominiviventitbixitpaterpietatemotus:
1411 2975 1451 3026 ti‘:

162 3075 227 3128 itti
238 3077 291 3143 mi,
304 3078 384 3146 fidet
396 3083 452 3133 tea
465 3083 494 3134 te
505 3082 629 3134 salvam
638 3080 744 3149 faciet.
757 3079 868 3147 Accipe
877 3079 916 3130 cte
925 3076 1072 3130 thesauro
1089 3075 1237 3142 caballos,
1251 3076 1395 3143 carnalos,

152 3172 301 3236 jumenta
312 3178 342 3228 et
354 3178 460 3231 orvtrtio
475 3197 483 3232 .·
496 3178 590 3232 habeo
602 3179 762 3231 artiomsa.

195 3273 305 3327 Lectio
317 3277 358 3329 11.
371 3277 564 3344 -ltespondit
578 3277 650 3330 lilius
665 3295 671 3330 :
684 3279 781 3331 Pater
798 3278 852 3344 vrri,
877 3273 989 3329 cerdici
1005 3272 1156 3325 barnilem
1177 3272 1275 3324 citam
1294 3284 1395 3324 artant.

162 3373 231 3426 Noto
242 3375 369 3441 equitat,
382 3389 445 3431 iton
456 3377 608 3445 superbae
619 3381 673 3442 eat,
695 3379 749 3431 secl
761 3376 940 3430 nrisericors
958 3377 988 3427 et
1000 3373 1087 3440 pius,
1101 3373 1217 3440 pierias
1230 3370 1398 3424 draleedinc

161 3473 255 3538 atque
265 3471 452 3529 lrnmilt'tatc.
466 3477 518 3530 Ibo
530 3478 572 3530 cd
590 3491 660 3530 eum
680 3476 895 3530 merrdiccada.
918 3477 949 3526 Et
961 3474 1028 3525 haec
1040 3471 1146 3532 dicens,
1159 3470 1289 3522 discessit
1314 3471 1349 3522 ab
1361 3482 1394 3522 eo
1411 3468 1451 3519 tc

162 3569 192 3622 in
207 3569 302 3625 babitu
314 3576 482 3641 paupertatis
494 3591 556 3629 cum
569 3576 683 3629 minima
695 3551 834 3629 comitiva.
847 3573 951 3626 Accidit
964 3579 1054 3625 autem
1064 3576 1126 3637 post
1137 3570 1196 3622 dies
1207 3569 1310 3621 multos
1321 3568 1396 3621 inre·

163 3671 204 3722 nit
214 3673 305 3724 lesum
318 3690 325 3737 ;
339 3679 366 3725 et
377 3688 439 3727 cum
454 3677 556 3728 multae
577 3676 672 3728 turbae
693 3680 876 3742 sequerentur
889 3686 962 3736 cum,
977 3671 1154 3736 interrogavit
1168 3668 1215 3721 ubi
1229 3673 1287 3721 erat
1299 3668 1396 3720 transi·

163 3776 251 3823 turus.
262 3773 393 3824 dixerunt
402 3774 426 3826 ei
438 3775 511 3828 :Hie
523 3776 664 3840 transiet,
677 3787 740 3827 non
753 3772 899 3826 tardabit.
916 3770 964 3835 Qui
983 3784 1046 3822 cum
1067 3769 1186 3821 venisset
1203 3768 1231 3819 in
1250 3767 1397 3833 quadrivio

164 3881 226 3921 cum
240 3872 414 3925 multitudine
427 3886 523 3940 nvagna
536 3874 686 3927 dicentium
701 3891 707 3926 :
721 3874 779 3926 Hic
791 3875 836 3925 eat
848 3883 919 3924 vere
931 3867 1086 3937 propbeta
1099 3868 1154 3934 qai
1172 3864 1310 3919 salvabit
1329 3877 1396 3927 raas,

163 3968 325 4022 adolescens
341 3984 439 4025 caecus
460 3973 586 4026 clamavit
606 3986 672 4027 voce
693 3985 801 4038 lavagno,
822 3970 920 4022 dicens
935 3986 942 4021 :
955 3970 1038 4034 Jcstc,
1060 3966 1112 4035 fili
1130 3964 1240 4031 David,
1259 3963 1314 4033 pili
1331 3963 1395 4028 Dei,
1413 3962 1451 4013 5:

158 4066 310 4132 pictatem
330 4069 407 4123 trabe
427 4071 461 4123 r'rt
478 4074 566 4125 meet
578 4069 806 4124 misereremei.
820 4069 903 4134 Jcsa,
918 4067 970 4134 fili
979 4064 1089 4130 David,
1108 4063 1160 4132 sili
1171 4061 1235 4129 Dei,
1243 4063 1397 4129 pietatem

163 4163 249 4234 bade,
272 4165 348 4222 bade
366 4169 400 4221 in
420 4183 469 4223 mc
487 4172 517 4223 et
534 4171 681 4224 rnircrere
698 4170 769 4223 mei.
782 4171 936 4221 Conversus
948 4168 1027 4218 lesus
1044 4160 1115 4215 dixit
1127 4176 1230 4215 caeco:
1251 4160 1333 4220 Ouid
1349 4161 1398 4214 at'r

163 4263 221 4316 tibi
239 4264 382 4333 factam?
397 4296 429 4306 -
449 4270 585 4336 Dorrtirte,
604 4272 640 4322 at
659 4269 793 4322 videam.
813 4267 950 4320 Continuo
973 4261 1107 4316 Dominus
1124 4264 1203 4314 lesus
1221 4259 1312 4312 lutum
1334 4260 1399 4313 iecit

164 4375 226 4414 curn
243 4369 314 4416 terra
333 4366 368 4418 de
387 4367 481 4431 saliva,
503 4373 529 4419 ct
540 4368 631 4420 linivit
645 4369 734 4422 locum
748 4367 891 4421 oculorum
910 4365 980 4432 ejus,
999 4362 1069 4414 dixit
1090 4361 1136 4413 ei:
1157 4359 1240 4413 Vade
1251 4359 1295 4413 ad
1308 4361 1399 4413 nata·
