3136 5482
314 329 381 395 372
659 345 785 397 curun.
804 345 907 395 conn.
926 343 1101 395 anaroon.
1120 342 1201 395 uun.

311 512 439 568 cellarius
452 513 597 581 praesidis,
607 518 719 581 repente
731 513 832 580 omisit,
842 517 924 580 atque
938 513 1053 580 proruit,
1064 519 1091 567 et
1100 512 1232 567 claudens
1242 512 1351 567 miuus
1361 512 1438 566 dixit:
1451 510 1508 565 mo

309 616 462 668 venerunt
472 613 536 667 ieta
549 613 756 667 insanissima
776 615 806 667 et
822 613 936 667 inania
949 613 1143 682 praeceptat
1159 614 1192 666 ln
1203 625 1288 680 quem
1300 612 1441 680 respiciens
1449 609 1508 678 inter

311 712 398 766 dixit:
413 713 696 781 desperatarum
716 713 943 780 imperatorum
963 725 1113 780 umquam
1131 714 1208 766 aunt
1228 711 1342 783 iniqua
1360 714 1390 766 et
1405 707 1510 765 inuniri

312 812 444 865 Genesius
456 817 567 865 sanctus
580 809 663 864 dixit:
685 811 867 865 Verentulta
879 813 954 865 sunt
965 811 1058 865 valde
1069 813 1099 866 et
1110 810 1331 879 nimisprava.
1341 807 1508 866 inuuunt:

315 910 395 970 Quid
412 913 457 965 est
475 911 556 978 quod
573 911 649 979 apis,
672 911 805 965 deveni
817 910 926 965 Nescio
937 923 1001 978 qua
1012 909 1168 965 dementia
1187 912 1217 965 te
1232 909 1322 965 video
1342 908 1436 979 ndu
1448 904 1527 963 arti

308 1011 411 1077 ptum.
430 1010 489 1064 Sed
506 1010 670 1065 carnidera
683 1011 783 1064 tecam
795 1012 825 1063 et
836 1009 942 1064 omitte
951 1008 1044 1063 verda
1056 1008 1243 1078 insipientia
1252 1021 1337 1077 puae
1347 1008 1383 1063 in
1391 1009 1508 1065 numu

314 1108 393 1162 liam
405 1108 631 1176 imperatorum
645 1109 789 1177 loqueris,
802 1111 831 1162 et
848 1108 940 1177 aperi
955 1107 1075 1162 codices
1092 1110 1161 1162 tuoe
1177 1107 1222 1161 ad
1239 1106 1429 1176 implendum
1441 1104 1508 1173 opat

313 1207 362 1260 tui
374 1209 484 1277 mcum,
498 1211 534 1262 ut
538 1207 633 1274 jussa
645 1220 739 1263 sacra
747 1200 842 1275 pestis
853 1206 971 1262 nostris
984 1206 1149 1261 inemendo
1156 1204 1372 1274 publicentur.

345 1307 633 1362 8.Genesiusaute1n
654 1311 765 1361 sanctus
782 1319 844 1360 cum
867 1303 965 1373 majori
988 1305 1104 1372 strepitu
1123 1305 1199 1359 vocis
1219 1306 1336 1373 projecit
1352 1305 1448 1360 uinus
1463 1307 1504 1358 anit
1559 1310 1562 1345 ῐ

311 1405 395 1474 pedes
404 1406 514 1473 judicis,
527 1406 623 1461 dicens
637 1407 755 1460 :Nulla
766 1408 812 1460 est
823 1404 963 1459 amentia
973 1417 1073 1472 neque
1084 1404 1384 1471 contumaciatueea
1392 1401 1504 1473 nepum
1512 1398 1530 1453 ΙΙ

310 1519 363 1560 ma
373 1518 506 1561 renuere
517 1509 610 1574 atque
620 1518 769 1574 respuere
779 1506 909 1573 malurn,
920 1516 1001 1572 puae
1012 1505 1055 1557 ad
1066 1505 1227 1559 culturam
1238 1504 1423 1560 daemonm
1435 1500 1501 1572 pat>
1556 1508 1562 1545 ἰ

310 1608 394 1660 nent.
409 1609 478 1660 llaec
489 1606 606 1660 audiens
616 1606 703 1673 judex
714 1604 783 1658 dixit
796 1621 803 1657 r
821 1604 1023 1660 Oratodiatur
1030 1615 1092 1672 pro
1104 1602 1227 1672 fundus
1238 1604 1318 1659 dum
1334 1617 1373 1660 ea
1383 1614 1499 1674 quum·
1554 1616 1562 1644 ³·

310 1703 399 1774 cepta
411 1709 487 1760 eunt
498 1708 669 1774 praecepta
680 1718 775 1761 sacra
782 1718 846 1774 pro
856 1707 962 1760 salute
979 1706 1206 1774 imperatorum
1221 1706 1313 1774 apud
1332 1702 1500 1761 amatim
1553 1705 1557 1741 ἲ

311 1818 398 1860 meae
408 1806 658 1875 incorporentur,
672 1808 708 1860 ut
714 1806 816 1875 paulo
828 1805 1091 1874 postponentem
1106 1806 1253 1859 nostrum
1263 1806 1395 1873 plenius
1409 1804 1499 1858 interro
1552 1804 1555 1815 '

308 1907 403 1970 patus
415 1918 478 1972 qua
492 1905 665 1959 temeritate
673 1917 772 1958 ausus
783 1902 849 1972 fuit
860 1904 895 1957 in
906 1903 1061 1971 injuriam
1073 1904 1302 1971 imperatorum
1314 1906 1379 1958 tam
1390 1892 1525 1971 infausti!
1552 1908 1562 1937 ·'

310 2001 411 2056 verbis
423 2002 597 2072 insurpere,
614 2006 643 2057 et
654 2003 684 2058 si
696 2004 734 2057 de
745 2015 852 2058 errore
872 2016 930 2058 suo
938 2001 1115 2071 provolutis
1131 2001 1264 2070 penitus
1274 2003 1319 2057 ad
1330 1997 1498 2067 maurini
1551 2002 1562 2035 r

311 2113 425 2156 norum
437 2102 723 2172 imperatorumque
735 2105 915 2158 nostrorum
925 2102 1136 2158 convolaverit
1147 2101 1382 2171 indulpentiam
1387 2094 1499 2172 pelen
1550 2104 1562 2137 c.

313 2199 484 2256 obaudiens
495 2201 595 2271 fuerit
607 2203 650 2257 ad
659 2205 729 2258 vota
742 2201 985 2270 triumphalium
996 2201 1185 2257 eusotvenda
1201 2204 1231 2256 et
1242 2202 1308 2257 diis
1318 2192 1498 2273 mappam
1558 2201 1562 2236 ἲ

312 2300 464 2370 ficaverit,
478 2303 569 2357 venia
582 2302 636 2357 illi
647 2303 826 2371 rricuatur;
837 2302 889 2355 sin
907 2305 1013 2356 autem
1020 2302 1218 2369 perduratus
1230 2302 1267 2357 in
1284 2302 1345 2359 dac
1359 2292 1497 2372 peram
1550 2300 1562 2335 ·'·-

306 2401 489 2468 pertinacia
501 2415 565 2469 qua
576 2402 683 2471 coepit,
696 2401 883 2456 seutentiam
897 2403 1022 2470 qualem
1034 2404 1172 2457 meretur
1184 2401 1384 2471 omrpiemur
1393 2414 1426 2459 at
1437 2384 1523 2455 ml!
1550 2398 1562 2411 “

314 2500 355 2554 lis
367 2500 593 2568 imperatorum
604 2504 784 2557 nostrorum
796 2501 942 2570 accipiat.
954 2504 985 2554 lit
997 2514 1060 2555 cum
1072 2502 1176 2568 ejectus
1189 2507 1263 2556 esset
1279 2503 1314 2557 de
1329 2502 1448 2557 audium
1460 2506 1499 2551 sar
1550 2498 1562 2533 r·

312 2605 373 2652 ctus
385 2600 528 2665 Genesius,
542 2606 569 2654 et
581 2614 662 2655 omne
676 2600 795 2655 odicium
807 2601 841 2654 ad
853 2600 990 2655 audienda
1002 2606 1075 2655 esset
1086 2600 1244 2667 sollicitum,
1254 2599 1380 2657 videntes
1389 2590 1500 2655 andri
1554 2586 1562 2631 '¹

312 2696 390 2751 vultu
403 2710 434 2751 ac
447 2712 574 2751 securum
587 2698 730 2752 sedentem
743 2699 805 2765 sibi,
819 2705 846 2752 et
857 2700 908 2765 ipsi
927 2700 1012 2752 secuti
1026 2700 1137 2753 luerunt
1151 2700 1180 2752 in
1198 2700 1389 2756 observatione
1403 2686 1499 2767 einstd
1551 2694 1562 2730 ῑ

313 2796 445 2850 Genesius
458 2803 578 2863 sanctus,
591 2799 669 2864 cujus
677 2799 734 2864 jam
746 2798 869 2851 Christus
880 2802 954 2852 totus
966 2799 1064 2852 eratin
1076 2798 1169 2866 corde,
1183 2799 1256 2852 utin
1269 2800 1347 2855 nullo
1359 2813 1374 2853 a
1385 2790 1498 2867 putonii
1553 2788 1562 2831 '³

165 2911 255 2966 'coti
312 2897 475 2964 evangelicis
487 2902 548 2950 actu
559 2897 679 2962 martyrii
693 2896 823 2962 deviaret,
836 2899 937 2964 quibus
949 2898 1108 2952 declinare·
1126 2899 1332 2966 persecutionis
1349 2902 1461 2968 impetunt
1472 2878 1526 2947 Ἠ
1555 2888 1562 2925 ’-

132 2977 293 3032 declinaret·
313 2994 478 3060 permittitur
491 2996 532 3048 rel
542 2996 663 3061 jubetur,
679 2996 707 3048 in
729 2996 781 3048 alia
799 3000 881 3062 atque
904 2997 958 3049 alia
976 3011 1032 3050 non
1050 2998 1256 3052 solumlatebra
1270 2999 1410 3053 sedetiam
1427 2994 1501 3049 dudit
1560 2996 1562 3019 ²

313 3099 425 3161 munta,
434 3094 584 3147 secundum
592 3094 665 3161 qupd
675 3100 701 3147 et
711 3096 739 3146 in
748 3095 801 3149 alio
809 3095 1007 3162 locoscriptum
1019 3100 1077 3148 est:
1090 3095 1227 3163 §piritus
1236 3097 1362 3164 quidem
1366 3092 1500 3165 promitti

311 3204 386 3246 caro
398 3196 502 3246 autem
516 3194 655 3262 infirma,
669 3195 843 3259 stupentibus
865 3194 892 3246 in
914 3208 944 3247 re
965 3194 1127 3248 officialibus
1145 3196 1312 3264 subtermpit
1325 3197 1359 3251 ab
1371 3197 1416 3248 eis.
1430 3194 1502 3245 man

313 3292 437 3345 contecta
450 3294 565 3345 tuissent
584 3298 660 3360 gesta
681 3293 825 3360 legationis
845 3306 948 3357 sacrae,
968 3294 1049 3359 jussit
1058 3292 1143 3360 judex
1161 3300 1288 3348 sanctum
1301 3295 1436 3349 Genesium
1445 3291 1503 3341 inid

312 3393 380 3444 mitti
394 3398 478 3459 atque
487 3391 579 3446 offerri
590 3393 652 3445 sibi.
662 3394 844 3459 inquirentes
855 3398 946 3446 autern
957 3407 1019 3446 eum
1031 3394 1200 3460 minimeque
1218 3395 1372 3459 inventum,
1382 3378 1530 3447 nundina!

311 3497 353 3546 est
367 3492 451 3558 judici
472 3506 534 3544 eum
556 3494 584 3544 in
605 3494 696 3560 lugam
716 3505 890 3546 conversum.
912 3495 983 3545 llaec
1001 3492 1116 3547 audiens
1131 3494 1225 3560 judex,
1247 3494 1430 3563 indignatione
1442 3482 1504 3543 anni

312 3594 463 3643 commotus
476 3603 506 3641 ac
518 3589 662 3643 furialibus
675 3591 792 3643 stimulis
812 3603 955 3650 aecensus,
975 3591 1056 3656 jussit
1068 3604 1132 3644 enm
1150 3592 1226 3644 omni
1240 3592 1370 3646 instantia
1382 3588 1505 3658 perquan-

312 3689 387 3754 dum,
401 3693 430 3741 nt
443 3689 489 3741 nii
501 3687 620 3741 inveniri
633 3689 773 3756 potuisset,
788 3688 878 3757 gladio
891 3690 1095 3744 crudelissimae
1108 3703 1214 3756 poenae
1225 3689 1391 3745 attineretur.

345 3788 376 3838 4.
388 3788 519 3840 Genesius
531 3793 620 3841 autem
635 3793 755 3854 sanctus,
769 3802 832 3840 curn
844 3792 917 3840 esset
929 3787 957 3841 in
976 3788 1035 3842 loen
1055 3788 1157 3855 abdito,
1177 3802 1234 3843 non
1254 3790 1410 3845 infirmitate
1424 3786 1509 3856 spiritu

311 3885 359 3937 sed
373 3887 463 3937 carnis
476 3886 598 3940 titillatus
610 3887 799 3952 trepidatione,
814 3901 862 3952 pro
874 3886 1082 3941 confirmatione
1100 3886 1173 3952 ildei,
1193 3889 1328 3956 quoniam
1345 3891 1454 3945 necdum
1466 3874 1540 3940 unffi

311 3997 342 4036 ex
355 3997 425 4050 aqua
438 3990 465 4037 et
477 3987 576 4051 Spiritu
589 3992 683 4039 sancto
695 3992 816 4049 renatus,
829 3987 943 4040 veniens
960 3987 1065 4041 occulte
1085 3986 1119 4039 ad
1137 3987 1290 4042 antistitem
1303 3991 1447 4046 catholicae
1456 3982 1513 4047 fidd,

312 4082 415 4136 donum
429 4083 597 4149 baptismatis
609 4083 763 4149 postulavit.
776 4083 829 4136 sed
841 4084 887 4137 ille
900 4099 949 4151 pro
967 4088 1097 4152 temporis
1110 4088 1256 4156 angustiis,
1269 4090 1314 4144 vel
1323 4091 1438 4159 iuvenili
1447 4090 1517 4141 aedit
1560 4134 1562 4139 .

313 4180 449 4245 «illidens,
465 4187 491 4234 et
505 4183 677 4249 perungenda
698 4181 771 4234 illins
791 4187 851 4236 vota
872 4182 977 4236 distulit
997 4197 1029 4237 no
1049 4184 1167 4240 fideliter
1188 4186 1324 4242 indicarit
1346 4190 1421 4259 quod
1438 4189 1525 4258 pinnen

314 4281 579 4333 consumrrrationcm
591 4281 667 4334 daret
679 4283 760 4349 hujus
773 4282 895 4336 muneris
907 4293 1032 4353 prompta
1043 4299 1093 4351 pro
1110 4287 1219 4341 christo
1237 4289 1350 4345 cruoris
1362 4290 1463 4347 eundo.
1471 4290 1527 4342 neu

314 4381 450 4432 cunctatio
463 4379 611 4432 sacerdotis
632 4379 723 4432 divino
742 4382 879 4435 aestimari
898 4390 1003 4436 certum
1022 4390 1064 4437 est
1081 4391 1150 4440 nutu
1168 4392 1254 4454 atque
1269 4389 1380 4455 judicio
1403 4378 1562 4459 procudit⁸

314 4478 355 4529 rel
368 4477 507 4542 disposita,
520 4483 550 4528 ut
562 4477 634 4530 eirca
647 4479 705 4543 ejus
718 4479 878 4533 sollemnem
892 4485 1126 4537 consecrationem
1144 4483 1235 4539 oiilcin
1255 4488 1384 4544 humana
1401 4492 1533 4545 cessarem.

313 4577 355 4629 cni
368 4577 536 4641 baptismatis
548 4576 649 4641 dnrplcx
662 4579 756 4644 gratia,
770 4593 802 4632 ex
822 4584 939 4646 utroque
960 4581 1063 4635 scilicet
1080 4584 1180 4636 Christi
1196 4576 1306 4654 latere,
1313 4601 1391 4657 aqua
1402 4597 1430 4645 et
1440 4587 1535 4658 sangnis

311 4682 429 4740 paratur.
