3136 5482
189 334 254 399 498
425 382 428 387 -
529 354 654 404 onaan.
673 356 775 406 cono.
795 357 970 408 naamon.
989 356 1072 408 nar.

185 519 339 583 dudardus,
350 525 460 574 sanctae
473 524 680 592 Rotomagensis
691 526 822 579 ecclesiae
835 526 938 580 civitati
951 533 1078 592 praeerat
1089 530 1220 595 pontifex
1231 546 1239 595 3
1252 530 1329 597 cujus
1337 531 1404 584 bene

184 617 312 672 dictionis
334 634 450 673 munere
472 635 534 674 eum
559 624 700 688 oportebat
724 625 865 678 sublimari
889 625 1039 693 pontificali
1063 628 1207 695 inspice.
1232 632 1309 683 'fune
1330 629 1402 683 isdeu

17 717 73 782 ·(p.
88 733 111 771 r.
124 717 154 778 fi
184 720 500 773 memoratus·sacerdos
521 722 620 774 Christi
634 722 715 776 simul
738 730 765 776 et
778 725 898 790 pontifex
919 714 1011 791 prore
1031 727 1086 780 fata
1097 728 1108 747 ·
1120 729 1196 796 regis
1218 734 1262 783 est
1280 730 1402 784 uetusta

21 795 152 918 cm?
186 819 271 881 curia,
286 824 316 871 ut
336 833 399 872 eum
420 821 524 873 scilicet
543 822 685 875 roboraret
707 823 853 878 inordina
874 824 1024 891 pontificali
1046 827 1247 883 benedictione
1266 842 1322 883 sua.
1338 829 1399 895 beot

25 918 149 983 praelati.
185 919 300 972 audiens
312 920 416 973 faustus
428 922 550 987 antistes,
563 935 595 974 ac
604 923 753 989 juvenilem
765 925 795 976 in
808 937 840 978 eo
854 937 971 978 cernens
982 931 1109 991 aetatem,
1122 931 1272 982 eratenim
1283 930 1419 984 annotant

182 1017 270 1081 xiicim,
284 1031 335 1071 nec
355 1027 445 1072 tamen
461 1021 560 1073 mentis
582 1022 692 1075 intuens
713 1023 872 1077 meritorum
895 1023 1125 1091 magnitudinem,
1137 1026 1174 1079 ad
1194 1040 1290 1082 sacros
1307 1026 1397 1095 quidm

181 1119 283 1186 gradus
297 1121 450 1185 promoveri
471 1120 615 1187 disposuit,
632 1123 806 1188 episcopatus
820 1126 910 1177 autem
934 1123 970 1176 ad
987 1124 1091 1191 apicem
1113 1139 1179 1179 eum
1201 1127 1396 1194 promovendum

182 1218 325 1287 indignum
338 1226 366 1271 et
378 1220 494 1272 nimium
507 1220 603 1273 rudem
616 1225 657 1273 est
668 1221 826 1277 arbitratus.
837 1226 962 1290 bumque
974 1224 1057 1291 hujus
1068 1225 1108 1277 rei
1117 1227 1261 1281 anxietate
1271 1232 1395 1287 aoemuet,

181 1325 208 1371 et
219 1324 306 1372 semet
326 1320 416 1385 sopori
436 1318 567 1382 dodisset,
581 1319 659 1373 adest
679 1321 703 1373 ei
719 1322 835 1389 angelus
847 1323 932 1376 nimia
949 1324 1073 1377 claritate
1085 1325 1287 1395 praebrlgidus,
1298 1337 1395 1393 eumque

182 1420 227 1471 tali
240 1417 368 1472 affamine
380 1425 422 1472 est
434 1418 532 1472 allatus
545 1438 552 1473 z
569 1420 732 1489 Gilctarde,
746 1422 885 1488 inquiens,
894 1425 1008 1490 postor
1024 1423 1121 1491 beate,
1134 1438 1193 1479 aas
1205 1422 1424 1481 electionisceli

41 1519 49 1536 ·
121 1558 126 1568 .
182 1523 285 1575 rector
303 1520 469 1585 Ecclesiae,
482 1533 523 1573 ue
541 1519 663 1573 emistus
684 1521 773 1574 ultra
790 1525 798 1541 ·
819 1520 913 1575 istius
933 1522 972 1576 de
991 1524 1102 1579 merito
1123 1524 1396 1595 aestuemus

123 1629 128 1640 ·
182 1621 337 1689 praefecit
348 1634 419 1674 eccm
431 1622 513 1674 Deus
535 1620 735 1673 Coustuutiue
746 1620 833 1674 urbis
845 1623 974 1689 populo.
990 1624 1188 1692 oiupropter
1199 1638 1242 1680 ue
1255 1623 1396 1694 practico

44 1721 53 1738 ·
90 1720 95 1733 '
115 1760 121 1774 .
184 1734 256 1774 eum
276 1723 332 1774 tua
353 1719 504 1787 irusipuiri
515 1721 522 1737 ·
543 1718 761 1788 benedictione,
784 1720 934 1786 quoniam
952 1723 1056 1775 multa
1075 1721 1231 1792 beneficia
1246 1735 1307 1793 per
1324 1723 1396 1777 tides

187 1821 300 1875 ruerita
311 1822 494 1874 ostensurus
505 1821 551 1871 est
562 1817 713 1871 Dominus
725 1817 898 1872 incivitate
908 1821 1092 1873 memorata.
1104 1822 1318 1891 Expergefactus
1326 1826 1397 1875 auten

187 1920 272 1973 isdem
285 1918 414 1985 pontifex,
427 1918 519 1970 divina
531 1917 667 1969 animatus
679 1917 868 1982 inspiratione,
881 1930 946 1970 eum
958 1917 1100 1971 benedixit
1111 1920 1265 1987 episcopali
1277 1933 1353 1975 more
1405 1914 1424 1969 tt

218 2020 249 2071 8.
263 2022 328 2071 dum
348 2018 429 2085 igitur
449 2021 522 2069 esset
542 2021 653 2068 sanctus
673 2016 781 2068 bomini
801 2021 827 2068 et
849 2017 990 2082 praeclara
1010 2016 1151 2071 Ecclesiae
1168 2019 1300 2073 columna
1318 2020 1395 2073 beatus

184 2119 293 2173 Laudas
313 2129 448 2171 annorum
469 2113 556 2181 xiicim,
577 2120 740 2183 congregata
765 2128 821 2169 non
844 2115 951 2169 modica
972 2116 1150 2171 multitudiue
1173 2120 1317 2188 utriusque
1333 2128 1395 2172 sexti

184 2217 287 2284 populi,
299 2215 413 2267 diversa
425 2219 521 2279 aetate,
536 2213 592 2279 pari
605 2226 690 2266 sensu
705 2218 732 2265 et
743 2214 893 2277 voluntate,
909 2213 1074 2268 clericorum
1094 2216 1202 2270 scilicet
1222 2230 1255 2272 ae
1275 2216 1394 2277 laieorum,

182 2329 298 2383 quorum
312 2315 354 2381 pia
367 2314 497 2367 bominus
510 2312 613 2364 lumine
626 2312 757 2365 claritatis
778 2311 971 2367 inlustraverat
983 2312 1077 2379 corda,
1091 2324 1285 2370 convenerunt
1303 2315 1336 2371 ad
1352 2319 1394 2367 tau
1410 2364 1413 2369 .

182 2415 330 2484 gloriosum
353 2418 462 2479 tamque
483 2412 589 2465 cunctis
610 2411 777 2478 acceptabile
800 2413 995 2479 spectaculum,
1016 2413 1065 2466 ubi
1086 2415 1242 2482 augebatur
1261 2406 1424 2481 sumpius!

183 2515 319 2568 Ecclesiae
340 2527 372 2566 ac
392 2512 574 2566 frustrabatur
597 2511 725 2564 inimicus
744 2524 826 2564 saeva
843 2513 1020 2578 jaculatione.
1042 2514 1159 2582 Eligitur
1181 2528 1260 2585 ergo,
1280 2514 1393 2567 innuet

183 2615 296 2680 rapitur,
309 2613 341 2666 ad
355 2611 508 2679 pontificale
521 2611 668 2679 fastigium,
679 2617 706 2664 et
718 2624 814 2664 omnes
827 2611 995 2677 proclamant
1006 2614 1169 2680 aequisonis
1180 2614 1294 2669 uocibus
1304 2610 1393 2668 seiedt

182 2712 263 2765 talem
275 2716 414 2765 tantumve
434 2711 536 2763 babere
547 2717 703 2776 patronum,
717 2709 765 2776 qui
776 2721 825 2763 eos
837 2723 853 2762 a
874 2722 1017 2763 saevorum
1031 2710 1162 2777 luporum
1177 2710 1256 2767 biatu
1266 2714 1295 2766 in
1306 2706 1392 2781 pascuit

180 2812 314 2865 Ecclesiae
327 2814 436 2864 tueatur
447 2809 570 2877 pervigili
583 2809 725 2871 tutamine,
733 2814 815 2875 atque
829 2808 912 2862 fortes
924 2815 952 2862 et
964 2808 1088 2865 infirmos
1101 2810 1241 2865 custodiat
1251 2812 1328 2866 veluti
1342 2818 1391 2863 ortt

180 2912 208 2962 in
229 2912 313 2964 caulis
334 2910 482 2976 spiritualis
503 2909 679 2962 Hiemsalem.
701 2909 766 2973 Quis
787 2909 890 2962 referre
911 2911 983 2963 ralct
1003 2914 1105 2976 quanta
1127 2912 1260 2965 exultatio
1280 2912 1343 2964 lacta
1358 2902 1418 2960 est!

180 3011 272 3075 populi
286 3011 313 3063 in
325 3009 498 3062 ordinatione
511 3009 577 3060 tanti
596 3009 688 3074 patris,
702 3009 782 3074 quale
795 3009 935 3075 gaudium,
949 3008 1014 3061 dum
1028 3010 1183 3075 inspiciunt
1201 3025 1232 3065 se
1245 3016 1271 3065 et
1282 3006 1386 3063 instantis

180 3108 265 3161 foveri
277 3109 419 3171 tutamine,
432 3114 459 3161 et
472 3108 562 3161 futura
576 3108 706 3161 fruituros
719 3108 932 3161 benedictione?

211 3208 243 3258 7.
256 3207 370 3259 Sortitus
382 3206 517 3273 siquidem
538 3207 648 3259 culmen
661 3207 727 3259 tanti
750 3207 872 3270 honoris,
886 3213 973 3259 semet
989 3207 1136 3260 confestim
1155 3210 1243 3263 artius
1254 3209 1288 3263 ad
1300 3202 1384 3276 ageodt

177 3318 259 3371 opera
273 3307 381 3372 pietatis
394 3307 539 3358 exercebat
551 3310 578 3358 et
590 3306 640 3357 sibi
654 3305 770 3358 subditis
783 3305 942 3371 imponebat
953 3306 1082 3360 alimenta
1099 3306 1173 3360 vitae
1194 3309 1330 3374 perennis.
1340 3306 1386 3358 irat
1432 3370 1434 3381 Ι

177 3408 249 3458 enim
272 3419 367 3459 norma
388 3407 494 3471 pietatis
516 3406 623 3470 plenus,
645 3405 757 3457 caritate
780 3407 904 3470 stipatus,
925 3404 1079 3459 bumilitate
1103 3409 1280 3474 praecipuus,
1299 3396 1434 3459 moruo8¹

176 3506 315 3557 bonestatc
327 3505 523 3571 praefulgidus,
540 3504 568 3555 in
582 3504 747 3569 elemosynis
767 3504 868 3569 largus,
883 3505 1094 3559 mansuetudine
1114 3504 1223 3572 firmus,
1240 3507 1313 3560 uultu
1331 3513 1384 3555 sere

175 3619 235 3669 nus,
250 3619 332 3657 sensu
346 3606 462 3671 sobrius,
477 3617 592 3669 corpore
604 3609 704 3668 castus,
717 3610 799 3669 atque
820 3605 892 3657 inter
904 3603 1001 3657 divites
1013 3611 1040 3657 et
1051 3617 1190 3670 pauperes
1203 3605 1317 3669 medius,
1326 3602 1384 3654 itaol

173 3716 306 3770 pauperes
328 3705 405 3755 ilium
428 3709 566 3768 tamquam
593 3715 740 3768 pauperem
760 3703 948 3764 aestimarent,
971 3704 1069 3756 divites
1093 3717 1160 3758 vero
1185 3705 1345 3771 superiorem
1362 3708 1383 3748 st

174 3804 338 3868 aspicerent.
352 3803 453 3869 vigiliis
472 3808 553 3867 ritquc
567 3802 682 3854 orationi
696 3800 815 3866 deditus,
829 3815 957 3855 sermone
976 3807 1081 3867 cautus,
1095 3803 1188 3871 obque
1201 3816 1320 3857 amorem
1331 3800 1384 3851 ritae
1430 3832 1434 3883 Ι

173 3909 300 3954 aeternae
312 3903 400 3953 cilicio
413 3906 499 3953 tectus
513 3908 539 3951 et
559 3901 663 3961 cinere,
677 3904 758 3966 atque
781 3900 871 3953 inedia
890 3906 917 3954 et
935 3903 1048 3971 jejuniis
1070 3903 1190 3969 attritus,
1206 3904 1311 3956 cbristo
1330 3890 1413 3951 niti-3
1431 3888 1434 3953 f

173 4010 242 4069 tans,
255 4002 424 4067 supplicabat
437 4014 486 4065 pro
500 3999 600 4064 populo
615 4000 666 4051 sibi
679 4000 825 4053 commisso
838 4014 920 4067 prece
941 4004 1080 4055 continua.
1094 4003 1162 4068 Quis
1175 4016 1240 4057 rero
1252 4005 1310 4070 ejus
1320 4000 1385 4054 abab

172 4101 293 4152 (lantiam
306 4100 417 4166 rigantis
431 4098 533 4164 ingenii
545 4098 692 4150 contendat
704 4098 828 4152 evolvere
840 4105 887 4152 aut
900 4101 959 4165 ejus
971 4101 1075 4152 monita
1087 4100 1211 4155 salubria
1223 4102 1309 4155 ualeat
1320 4093 1385 4164 expli·

171 4203 254 4252 caret
275 4213 356 4266 quam
378 4200 405 4249 in
428 4198 578 4250 disertione
604 4197 742 4263 providus,
768 4199 796 4250 in
820 4204 934 4252 tractatu
958 4198 1121 4265 profundus,
1147 4214 1199 4267 per
1221 4201 1386 4255 litteraturam

169 4301 310 4365 eloquens,
325 4312 373 4363 per
389 4299 501 4348 rirtutes
522 4295 666 4360 mirabitis,
681 4296 709 4347 in
731 4297 920 4363 complexione
942 4298 1095 4364 multiplex,
1109 4298 1137 4352 in
1160 4300 1328 4353 resolutione
1339 4294 1388 4348 sub

168 4400 231 4453 tilis,
242 4404 346 4451 astutus
355 4404 385 4449 ut
397 4410 519 4461 serpens,
531 4396 675 4448 columbae
685 4396 888 4460 simplicitatem
897 4409 951 4448 non
961 4397 1110 4461 amittens;
1123 4399 1165 4450 sal
1174 4399 1279 4451 conditi
1290 4394 1387 4465 ingenii.
1399 4384 1422 4439 li

167 4497 226 4549 fons
245 4496 386 4563 loquendi,
400 4484 544 4546 thesaurus
566 4494 706 4555 scientiae,
721 4492 766 4545 lux
788 4493 940 4556 doctrinae,
953 4494 1085 4549 defensor
1105 4496 1256 4561 Ecclesiae,
1278 4502 1388 4549 tutamen

166 4596 251 4660 plebis
264 4597 315 4647 sibi
328 4595 500 4646 commissae.
515 4591 658 4644 Crescebat
672 4597 763 4642 autem
776 4591 805 4642 in
818 4604 850 4644 eo
863 4591 963 4645 cotidie
974 4592 1068 4659 opinio
1088 4594 1249 4648 famulatrix
1270 4596 1388 4648 autumo
