3136 5482
372 352 463 401 arnt.
483 353 566 403 uxr,
585 354 701 404 rarus,
721 375 765 384 —
781 355 934 404 menno.
954 355 1001 404 an
1017 354 1094 431 con.
1113 352 1188 403 asar.
1331 338 1394 404 163

493 527 672 598 Incipiunt
692 529 851 600 mundam
873 528 1059 588 mocula.
1118 552 1122 558 ·
1184 588 1186 592 ,

228 710 394 804 ibliucndam
404 716 486 785 igitur
499 720 527 771 in
543 719 589 771 die
606 719 795 773 sollemnitatis
809 721 882 773 beati
902 720 1019 774 Oriencii
1032 721 1168 788 pontificis
1178 723 1316 788 quendam
1332 721 1396 774 alie·

204 809 448 883 pernumerem
460 819 712 872 sollemnizantibus
729 821 887 873 intermisse
901 823 996 884 fertur,
1010 823 1056 887 qui
1076 822 1192 888 genibus
1210 821 1392 887 manibusque

202 913 456 970 mutnctisadversam
466 920 588 984 corporis
597 919 774 973 valitudinem
785 919 947 986 patiebatur.
955 922 1001 972 iiic
1012 922 1104 986 itaque
1112 919 1179 972 dum
1192 920 1226 973 ad
1238 921 1306 973 tanti
1319 932 1396 985 prae·

159 1028 162 1033 ·
178 1006 249 1061 {lillis
263 1016 404 1080 sepulcrum
426 1016 543 1071 tidenter
555 1018 680 1072 residens
693 1032 794 1085 preces
807 1020 922 1086 supplici
941 1019 1086 1072 devotione
1104 1019 1292 1086 profunderet,
1306 1021 1395 1072 statim

201 1104 310 1172 impetrare
321 1115 406 1182 ipsius
419 1117 535 1170 obtentu
547 1119 701 1183 promeruit
710 1117 784 1184 quod
797 1117 915 1172 fideliter
929 1119 1081 1183 postulavit.
1092 1121 1158 1170 Nam
1171 1117 1267 1171 solutis
1276 1131 1396 1185 genuum

201 1209 265 1262 tems
273 1211 432 1282 directisque
453 1216 481 1269 in
500 1217 645 1282 pristinum
659 1219 778 1285 rigorem
797 1219 933 1281 manibus,
949 1217 1012 1270 ilico
1030 1230 1114 1284 super
1125 1216 1208 1283 pedes
1225 1218 1357 1283 constitit,
1370 1222 1398 1268 et

200 1307 278 1376 taligia
287 1326 354 1379 quae
366 1315 395 1366 in
408 1315 497 1368 medio
510 1316 662 1382 palmarum
673 1315 748 1369 infixi
759 1317 871 1382 pollices
881 1316 1003 1368 fecerant
1011 1327 1103 1369 coram
1114 1317 1242 1369 omnibus
1254 1316 1397 1368 evidenter

197 1408 319 1478 madens,
332 1413 465 1478 pristinae
477 1416 588 1468 sanitati
599 1415 670 1468 duce
692 1416 771 1469 beato
783 1416 940 1469 confessore
962 1413 1123 1468 restituitur.
1136 1418 1212 1468 func
1223 1428 1287 1482 erpo
1300 1416 1396 1482 ingens
1482 1406 1485 1411 ’

162 1495 290 1566 ”omum
301 1512 486 1581 laetitiamque
498 1517 582 1568 virtus
595 1515 731 1581 pontificis
744 1516 868 1582 ingerere
880 1517 927 1582 qui
946 1515 1061 1568 aderant
1072 1517 1158 1580 potuit
1170 1516 1285 1582 cunctis,
1298 1514 1388 1568 donec

194 1604 275 1660 fotibus
290 1613 343 1664 lieo
355 1612 540 1680 cordibusque
560 1615 660 1681 gratias
675 1627 736 1667 cum
757 1614 878 1667 lacrimis
890 1615 1052 1667 extollerent
1070 1613 1219 1680 laudesque
1232 1615 1260 1666 ln
1274 1613 1391 1666 excelsis

192 1709 297 1762 locuto
314 1711 367 1763 sibi
385 1722 517 1765 concesso
538 1712 673 1766 beneficio
694 1712 798 1766 meritis
820 1719 848 1764 ei
868 1713 1063 1765 intercessione
1083 1711 1197 1779 piissimi
1215 1712 1390 1765 confessoris.

190 1796 343 1872 bupmcu
363 1807 452 1863 dubio
471 1810 628 1864 videntibus
649 1810 703 1864 iilis
725 1811 840 1863 multum
862 1810 997 1877 profuisse
1017 1808 1148 1873 creditur,
1160 1822 1193 1863 eo
1206 1810 1279 1876 quod
1292 1794 1393 1863 talibus

190 1894 404 1963 itiidisomnium
416 1910 569 1979 iidcsapud
591 1926 671 1965 suum
689 1912 814 1978 opificem
837 1911 942 1964 facilius
962 1913 1094 1964 excitetur
1106 1916 1133 1963 et
1154 1911 1312 1976 patrociniis
1333 1922 1392 1976 pas-

156 1986 239 2055 fflll't
253 2005 353 2061 firmius
365 2010 494 2063 roborata
514 2009 645 2076 deinceps
666 2011 822 2064 famuletur.
837 2010 953 2063 Proinde
972 2010 1084 2077 quidem
1105 2010 1246 2064 sciendum
1267 2014 1308 2062 est
1329 2022 1394 2074 quo·

190 2097 243 2155 ihm
251 2108 274 2160 id
286 2111 411 2163 miraculi
429 2123 485 2163 non
505 2112 594 2164 solum
616 2110 651 2163 ad
672 2125 736 2164 eum
748 2112 796 2178 qui
808 2124 892 2164 sanus
904 2108 1017 2163 effectus
1037 2115 1077 2163 est
1090 2110 1225 2176 pertinere
1237 2111 1392 2176 specialiter

191 2196 335 2273 tirnesco
348 2211 479 2263 etiamad
498 2224 594 2264 ornnes
609 2211 712 2278 pariter
724 2212 824 2278 quibus
844 2211 955 2264 celebre
969 2223 1069 2264 nomen
1087 2211 1252 2263 confessoris
1263 2208 1393 2277 generali-

192 2299 221 2352 ¹0?
227 2308 345 2373 agnitioni
357 2309 449 2363 datur.

213 2401 250 2457 lt.
259 2407 335 2461 iliud
347 2422 459 2476 quoquc
473 2422 529 2464 non
541 2409 658 2463 minoris
671 2411 791 2478 mysterii
809 2410 970 2463 miraculum
989 2416 1126 2473 narratur,
1139 2422 1194 2475 quo
1211 2409 1277 2461 satis
1290 2415 1393 2461 morta-

190 2489 295 2558 liusena
306 2506 461 2576 religioque
482 2509 555 2561 beati
576 2508 712 2575 pontilicis
734 2508 768 2560 ad
790 2509 964 2570 imitandum,
977 2506 999 2560 si
1021 2507 1119 2573 placet,
1132 2506 1294 2560 informatur
1308 2520 1314 2556 ε
1330 2518 1393 2560 nam

189 2593 231 2652 lire
239 2603 333 2657 obrius
344 2609 558 2673 patetquoniam
568 2608 621 2658 vita
630 2607 690 2672 elus
702 2608 766 2672 quia
777 2611 815 2659 tot
828 2607 903 2671 prius
916 2606 1051 2658 bonorum
1065 2616 1178 2670 operum
1190 2603 1304 2657 floribus
1314 2605 1394 2655 mim·

182 2698 256 2754 illiter
267 2704 346 2756 fuerit
357 2704 500 2770 adornata,
514 2718 589 2759 nunc
600 2705 702 2758 idcirco
711 2705 888 2758 veneratione
897 2704 1009 2770 quidem
1019 2702 1126 2756 videtur
1139 2703 1220 2770 digna
1232 2709 1260 2754 et
1272 2701 1392 2754 fidelium

178 2798 290 2855 laudibus
298 2803 399 2870 jugiter
413 2802 597 2868 approbanda,
609 2807 640 2856 ut
652 2804 847 2870 subsequentis
858 2815 968 2868 quoque
981 2802 1146 2855 narrationis
1158 2802 1277 2868 apertius
1290 2802 1394 2867 perspi-

169 2912 218 2955 cua
228 2903 321 2967 pandit
332 2903 456 2956 bistoria.
470 2902 580 2955 riuvius
589 2903 690 2955 etenim
704 2902 784 2955 fertis
795 2903 839 2967 (l),
853 2902 976 2968 quiante
993 2900 1117 2967 ejusdem
1130 2901 1296 2954 confessoris
1314 2901 1394 2953 aedes

138 3002 292 3066 toccumit,
305 3003 405 3055 factum
419 3006 502 3055 estut
514 3001 662 3068 aliquando
671 3003 779 3056 alveum
791 3016 872 3056 suurn
886 3002 1066 3056 inundatione
1078 3014 1211 3069 aquarum
1224 3000 1307 3054 nimis
1318 3015 1396 3054 exce·

155 3104 249 3167 deret,
263 3101 352 3154 donec
363 3101 426 3167 pius
437 3100 519 3154 solito
536 3101 626 3153 vicina
649 3101 800 3166 pervadens
813 3101 880 3164 ioca,
895 3114 982 3168 usque
1000 3102 1035 3154 ad
1056 3102 1142 3167 ipsam
1155 3100 1253 3153 christi
1263 3102 1397 3167 praesulis

150 3202 269 3273 glebam
278 3199 415 3266 perfluens
426 3198 579 3263 deveniret,
593 3199 628 3251 ad
640 3200 826 3267 indagandum
850 3206 940 3252 tamen
952 3200 1060 3252 virtutis
1077 3197 1138 3265 eJ'us
1157 3200 1325 3262 mysterium,
1340 3212 1395 3252 non

143 3305 187 3359 ari
201 3301 351 3356 dedecoris
362 3299 568 3352 detrimentum.
582 3301 648 3352 Nam
661 3299 773 3353 domurn
786 3300 897 3366 quidem
920 3300 1032 3353 introire
1046 3304 1072 3351 et
1084 3297 1162 3365 quasi
1178 3297 1286 3351 duobus
1298 3297 1397 3349 cubitis

138 3405 239 3460 altior
251 3405 449 3466 superterram
463 3399 550 3465 potuit
561 3405 625 3452 ante
638 3399 804 3451 confessoris
815 3398 972 3465 sepulcrum
985 3397 1143 3464 persistere,
1154 3409 1210 3449 non
1224 3402 1315 3448 tamen
1328 3408 1396 3460 mps-

138 3503 262 3562 rerium
277 3510 343 3551 suae
356 3504 471 3551 naturae
480 3499 558 3564 juxta
571 3509 676 3550 morem
688 3496 815 3562 implere,
825 3509 857 3550 ac
868 3497 890 3548 si
900 3497 1013 3558 diceret,
1023 3497 1104 3563 gestis
1115 3496 1208 3561 utique
1222 3507 1276 3547 non
1290 3494 1397 3547 verbis:

143 3600 237 3658 Veni
248 3597 338 3652 enim
350 3597 419 3649 ciro
430 3597 486 3649 Dei
497 3595 683 3664 famulandi
693 3594 871 3662 obsequium
891 3594 1020 3648 libenter
1026 3593 1178 3661 praebere
1184 3593 1292 3659 potius
1304 3604 1399 3659 quom

138 3709 264 3762 mm
277 3697 430 3750 violenter
440 3695 600 3749 invadere.
614 3698 646 3748 iit
657 3708 728 3762 quae
741 3697 796 3761 jam
815 3696 880 3748 olim
901 3694 1023 3762 apostolo
1047 3697 1125 3747 Petro
1137 3693 1224 3747 fuerat
1237 3695 1264 3744 in
1279 3694 1344 3746 mari
1363 3693 1396 3744 ad

138 3798 327 3871 periculum,
337 3797 393 3862 iam
406 3797 504 3849 iterum
517 3800 576 3847 erat
588 3793 715 3860 plurimis
728 3794 763 3847 ad
775 3793 917 3859 cujusdam
941 3794 1069 3860 mysticae
1083 3793 1120 3846 rei
1135 3793 1252 3860 signum,
1266 3798 1295 3845 ut
1307 3793 1398 3857 itaque

138 3878 260 3962 alantis
282 3897 345 3963 clus
365 3897 402 3948 ibi
426 3908 456 3948 se
476 3895 639 3962 palpabilem
660 3894 795 3960 praebens
813 3893 970 3947 ostenderet
988 3893 1214 3957 omnipotentiam
1234 3891 1394 3953 conditoris,

138 4007 186 4059 xie
199 4004 239 4054 ut
252 3993 374 4065 gloriam
386 4001 416 4047 ct
427 3994 554 4047 decorem
570 3992 722 4061 [tribueret]
740 3997 748 4013 ·
762 3990 981 4060 magnificentiae
990 3997 1017 4043 et
1030 3990 1206 4043 sanctitudini
1220 3989 1395 4043 confessoris.
1421 4014 1502 4064 -vooe
1534 4020 1561 4061 e,

138 4095 299 4165 tumquid
311 4107 370 4147 non
381 4094 445 4146 buic
459 4093 556 4160 partim
567 4093 655 4145 simile
665 4090 849 4159 [miraculum]
858 4091 940 4143 'illud
951 4090 1056 4143 scilicet
1064 4089 1137 4156 quod
1147 4088 1285 4156 quondam
1296 4089 1396 4141 ilomae
1414 4021 1553 4152 mactet

138 4213 216 4268 apa
230 4192 374 4260 Gregorio
386 4198 454 4246 teste
465 4198 570 4260 gestum
584 4191 759 4258 perhibetur?
768 4192 837 4243 filcit
848 4191 923 4242 enirn
935 4188 1008 4256 quod
1017 4187 1104 4256 [tunc]
1118 4190 1126 4206 ·
1140 4188 1269 4253 temporis
1282 4187 1395 4240 inunda·
1440 4140 1548 4260 0ξέἅῖ

138 4305 222 4355 ione
249 4291 342 4346 nimia
362 4291 444 4343 'fiber
464 4289 562 4343 dumus
575 4291 603 4342 in
622 4293 726 4342 tantum
748 4288 899 4341 excreverit
919 4287 1008 4340 donec
1027 4287 1177 4339 clarissima
1198 4287 1274 4339 urbis
1292 4288 1394 4339 Rornae
1441 4274 1545 4326 'ilem-

138 4394 268 4453 noenia
282 4392 453 4444 subverteret
465 4390 606 4456 multaque
619 4390 700 4442 tritici
718 4388 873 4441 modiorum
887 4389 961 4440 milia
979 4387 1123 4440 destructis
1138 4387 1244 4440 horreis
1257 4386 1394 4452 disperde·

138 4506 199 4563 θη
208 4492 293 4562 quin
302 4489 385 4543 etiarn
397 4489 459 4542 licet
470 4488 504 4540 ad
517 4487 659 4556 cujusdam
673 4487 761 4540 sancti
774 4485 906 4539 ecclesiae
918 4486 1049 4539 fenestras
1062 4499 1149 4552 usque
1161 4496 1320 4539 excrescens
1333 4500 1398 4540 cou-

163 4660 214 4730 (ι)
235 4652 295 4718 Qui
308 4663 392 4717 supra
402 4652 440 4716 (p.
457 4651 512 4714 llll,
526 4649 576 4703 lin.
592 4649 631 4714 lii)
643 4645 798 4714 appellatus
810 4651 851 4700 est
862 4645 1021 4700 Isaurica.
