3136 5482
1 502 2 514 ²
14 494 164 617 Valeganne

176 310 243 375 264
524 321 649 372 aaran.
669 321 771 371 cono.
791 319 1063 376 sacraemnta.

318 491 373 546 58.
407 495 477 558 tam,
490 489 633 544 Guillclme
646 491 664 557 ⁶,
678 490 752 557 sotis,
765 494 851 557 pater,
864 497 905 544 est
918 491 1050 561 uobisque
1061 493 1160 561 beatis,

378 595 494 655 Fratres,
507 590 626 657 pulsanti
638 590 739 643 totiens
750 591 905 658 totiensque
916 590 1033 661 roganti.

376 691 434 744 Sint
446 690 511 744 satis
522 689 574 743 ista
587 689 678 754 modo,
691 690 733 743 vir
744 703 806 743 care
818 690 987 758 medullitus,
1001 692 1067 760 0do,

374 792 485 844 Necnon
497 792 628 857 cantero,
641 802 723 856 quem
737 788 818 857 diligo
830 795 939 856 pectore
952 804 1025 845 vero.

372 886 421 941 llic
431 888 487 955 lam
501 887 599 956 ligatur
611 889 685 950 ratis,
699 889 819 943 anchora
828 890 885 956 jam
894 891 1020 956 jaciatur.

374 988 493 1054 Eripitur
505 987 594 1054 pravis
607 1001 668 1042 mea
681 988 808 1042 ituctibus
820 989 924 1056 integra
937 990 1022 1043 nauis.

372 1091 428 1140 lloc
440 1087 552 1141 fratrum
565 1091 669 1154 votnm,
683 1088 734 1141 lroc
747 1091 787 1141 est
801 1092 891 1141 vestra
904 1102 985 1154 prece
996 1093 1091 1143 totum.

333 1297 542 1347 rnunsuarro
559 1298 588 1346 a.
608 1297 716 1347 urum
733 1277 814 1367 (cfr.
834 1300 946 1366 supra,
966 1302 999 1368 p.
1024 1282 1105 1362 239,
1125 1281 1176 1370 6⁰)
1192 1282 1255 1373 (l).

213 1484 240 1534 1.
254 1480 338 1543 Licet,
352 1480 449 1534 iratres
461 1481 605 1545 carissimi,
616 1481 717 1549 jugiter
729 1482 758 1533 in
772 1480 899 1535 laudibus
911 1481 1008 1534 Christi
1021 1492 1074 1535 noa
1084 1487 1215 1550 oporteat
1226 1497 1290 1538 esse
1302 1485 1405 1541 devotos

179 1586 261 1648 atque
273 1580 375 1633 mundo
387 1579 471 1633 corde
483 1584 509 1633 ct
530 1586 603 1633 casto
623 1592 738 1646 corpore
751 1581 811 1646 ejus
828 1586 923 1634 sancto
944 1581 1053 1635 seruitio
1065 1587 1255 1649 praeparatos,
1268 1584 1416 1653 praxim:

181 1686 272 1734 tamen
285 1680 313 1732 in
326 1679 554 1733 sollemnitatibus
564 1677 650 1745 ipsius
662 1679 767 1732 nomini
777 1680 942 1733 consecratis
952 1679 1008 1733 siue
1018 1680 1046 1732 in
1056 1684 1217 1735 sanctorum
1226 1680 1398 1737 festivitatibus

182 1779 311 1833 conuenit
331 1775 521 1845 perspicaciori
542 1784 633 1830 mente
654 1790 716 1846 erga
740 1777 843 1830 cultum
872 1775 980 1831 divinae
1010 1777 1150 1848 religionis
1170 1792 1232 1835 esse
1252 1780 1390 1837 devotiora

184 1877 288 1945 Duplici
300 1878 374 1930 enim
386 1876 485 1945 gaudio
498 1875 592 1930 ssdeles
604 1877 701 1930 christi
715 1877 743 1929 in
757 1877 806 1929 bac
819 1875 900 1931 domo
910 1878 1091 1931 consistentes
1100 1878 1236 1945 spirituali
1248 1879 1387 1935 bodiecml

183 1983 240 2030 tare
261 1975 380 2043 tripudio
400 1976 610 2041 compelluntur.
632 1978 699 2029 Nam
720 1976 783 2042 quia
804 1974 939 2029 hodierna
957 1975 1001 2029 die
1023 1977 1089 2030 baec
1110 1983 1206 2031 sancta
1224 1978 1331 2034 ecclesia
1344 1980 1383 2032 ba

184 2077 303 2129 noscitur
315 2080 483 2141 consecrata,
495 2073 659 2127 studendum
673 2072 752 2127 nobis
764 2080 804 2127 est
824 2079 853 2128 ut
865 2088 960 2128 eorum
978 2087 1094 2130 numero
1106 2089 1264 2131 mereamur
1280 2076 1378 2146 concup
1388 2078 1416 2131 lt-

183 2174 217 2227 de
230 2174 329 2241 quibus
341 2173 564 2241 psalmographus
583 2173 682 2226 cecinit
701 2172 817 2226 dicens:
839 2174 931 2227 Beati
951 2174 1006 2242 gui
1027 2173 1173 2229 habitant
1194 2174 1229 2229 in
1244 2175 1375 2239 domotrca
1413 2144 1416 2221 ἶ

183 2272 330 2338 Domine,
343 2273 376 2324 in
396 2271 521 2325 saccula
540 2271 736 2326 saeculorum
757 2270 928 2325 laudabant
949 2275 988 2326 te.
1009 2273 1076 2338 Quia
1097 2285 1163 2329 vero
1183 2273 1264 2329 bodie
1280 2283 1374 2342 praeut

184 2373 260 2426 locus
272 2372 327 2424 sive
341 2372 407 2424 baec
426 2372 483 2436 ipsa
496 2370 556 2423 nula
570 2371 616 2423 liei
629 2372 768 2437 suscipere
780 2372 879 2424 meruit
890 2373 1079 2426 venerandum
1091 2386 1195 2441 corpus
1206 2373 1292 2428 dilecti
1302 2371 1373 2427 rooba

184 2472 253 2525 soris
264 2470 360 2523 christi
374 2470 467 2531 Mauri,
481 2469 561 2523 nobis
572 2483 745 2536 summopere
757 2469 932 2538 gaudendum
955 2475 1035 2537 atque
1053 2472 1129 2525 omni
1150 2473 1249 2526 mentis
1266 2468 1371 2540 praeconii

184 2568 359 2625 exultandum
372 2573 422 2631 est,
435 2569 498 2635 quia
519 2582 568 2635 pro
590 2574 663 2623 certo
685 2570 810 2622 novimus
828 2582 887 2622 esse
907 2570 1061 2624 mirabilem
1081 2573 1169 2625 licum
1186 2572 1216 2625 in
1227 2572 1315 2626 sanctis
1325 2566 1368 2627 stit·
1378 2560 1399 2615 Ι

185 2670 302 2737 ideoque
315 2669 404 2735 ipsum
416 2669 444 2719 in
458 2667 537 2721 laude
551 2669 632 2735 hujus
643 2668 728 2725 sancti
751 2669 793 2721 sui
805 2668 927 2735 laudare,
939 2668 1104 2724 benedicere
1117 2676 1202 2739 atque
1213 2668 1370 2725 menarum

185 2769 345 2835 excelsoque
359 2781 424 2821 voce
442 2781 505 2820 cum
518 2781 623 2820 summo
638 2768 739 2820 laetitia
752 2767 790 2819 illi
803 2769 905 2821 servire
919 2768 1069 2836 debemus3
1081 2770 1152 2823 sicut
1165 2784 1217 2824 nos
1227 2764 1370 2825 baridalat

185 2867 276 2923 nendo
295 2868 417 2920 hortatur
430 2872 460 2919 ut
472 2868 500 2918 in
519 2867 631 2920 excelsis
652 2871 676 2919 et
699 2867 727 2919 in
745 2867 845 2919 sanctis
865 2868 921 2920 suis
941 2867 1052 2921 laudaro
1074 2870 1160 2921 lteum
1182 2856 1370 2923 studeamus&

185 2970 249 3035 quia
262 2967 352 3019 multis
366 2966 532 3033 incognitum
556 2965 648 3018 baberi
664 2966 764 3017 scimus
776 2980 829 3032 qua
851 2966 993 3019 occasione
1010 2966 1065 3020 sive
1077 2980 1134 3034 quo
1146 2971 1266 3036 tempore
1276 2956 1370 3021 imbrii

187 3067 237 3121 uiri
253 3078 352 3132 corpus
365 3065 416 3116 buc
428 3063 546 3116 delatum
559 3071 756 3130 desusceptum
770 3065 860 3126 brerit,
875 3065 1063 3131 praesentibus
1075 3066 1127 3119 boc
1148 3066 1321 3135 ignorantibus
1332 3046 1399 3127 ptr!

188 3173 363 3231 terommque
376 3163 523 3216 memoriae
543 3165 694 3230 praesentis
712 3164 765 3215 stili
778 3165 935 3218 narratione
950 3163 1062 3231 dignum
1075 3164 1205 3220 duximus
1216 3166 1369 3219 bretitcrcolt·

186 3266 326 3320 mandare.

219 3367 250 3419 2.
265 3369 408 3431 Postquam
421 3364 563 3417 clementis
574 3363 748 3417 ordinatione
761 3364 817 3425 liei,
831 3363 877 3429 qui
891 3368 989 3416 runcta
1006 3366 1162 3430 praenoscit
1180 3372 1315 3434 antequam
1324 3358 1372 3412 liti

186 3465 356 3520 beatissimus
369 3467 445 3529 pater
457 3462 618 3516 Benedictus
638 3464 746 3516 beatum
760 3465 892 3525 llaurum,
912 3461 1011 3515 levitali
1031 3463 1100 3516 stola
1120 3450 1226 3520 cbristo
1246 3462 1373 3532 insigniti

219 3665 254 3729 (l)
266 3664 349 3729 liujus
362 3663 517 3715 documenti
531 3664 552 3714 si
567 3662 648 3714 linem
670 3667 774 3713 tantum
787 3664 873 3724 (num.
892 3664 929 3719 lt)
948 3662 1087 3728 inspicias,
1099 3666 1208 3716 constat
1229 3662 1296 3715 bane
1313 3655 1379 3711 salbo

188 3753 291 3811 partem
309 3745 491 3811 conscriptam
505 3746 588 3797 luisse
601 3752 660 3810 post
673 3757 776 3797 annum
791 3746 864 3797 loto.
878 3746 927 3808 Qui
949 3757 1014 3798 uero
1026 3744 1243 3798 consideraverit
1261 3746 1382 3797 sennim

185 3830 241 3894 jam
249 3834 312 3880 ante
321 3828 460 3880 ter-minori
468 3827 643 3879 conclusione
654 3840 702 3878 suo
711 3828 797 3892 (num.
809 3824 859 3891 15),
866 3827 889 3878 is
899 3827 968 3880 iorte
978 3826 1050 3880 baud
1059 3839 1141 3895 aegre
1149 3826 1300 3880 adducetur
1307 3829 1387 3889 riguae

188 3917 339 3977 sequuntur
352 3917 437 3969 inum.
454 3911 493 3975 lt)
505 3909 719 3962 additamentum
740 3909 851 3975 aliquod
870 3922 929 3961 esse
947 3910 1080 3962 existimet
1093 3909 1131 3961 illi
1145 3910 1267 3963 sermoni
1283 3904 1392 3976 posterius

191 3994 377 4058 sirlrjunctum,
397 3993 468 4044 bunc
489 4005 553 4044 vcro
576 3992 782 4057 pronuntiatum
798 3990 883 4043 luisse
903 3998 964 4057 post
984 3997 1099 4044 mortem
1117 3990 1232 4057 quidem
1252 3983 1399 4046 comitam

188 4074 369 4142 imperatoris,
384 4088 445 4126 narn
457 4074 615 4141 gloriosae
628 4073 795 4127 memoriae
813 4073 913 4127 dicitur
924 4074 1010 4138 (num.
1025 4074 1041 4126 ἓ
1056 4072 1148 4142 extr),
1162 4073 1212 4127 sed
1231 4088 1289 4128 non
1303 4074 1402 4140 diuposl

190 4158 263 4210 illius
286 4161 412 4215 mortem,
436 4157 536 4222 quippe
558 4156 604 4222 qui
625 4156 768 4223 multiplici
786 4156 955 4209 reverentiae
969 4154 1171 4223 significatione
1186 4157 1340 4223 gloriosus
1357 4166 1404 4209 raa

187 4240 275 4303 (num.
288 4240 371 4291 linit.
385 4244 412 4291 et
424 4253 499 4292 num.
516 4242 541 4291 ll
558 4238 652 4303 med),
664 4238 882 4292 serenissimus
904 4241 1096 4292 Francorum
1117 4251 1180 4292 rear
1191 4239 1283 4301 (nrum.
1299 4243 1326 4295 ll
1339 4240 1406 4299 initi

186 4322 374 4375 reverendus
384 4321 531 4389 princeps
547 4320 635 4388 (ibid,
653 4323 724 4373 circa
739 4320 833 4387 med),
847 4321 1105 4374 clementissimus
1123 4333 1187 4375 rem
1201 4323 1295 4390 (num.
1314 4324 1411 4386 illuit.)

187 4404 347 4470 appelletur.
370 4405 469 4457 Eadem
498 4405 593 4471 utique
615 4405 699 4456 refert
719 4405 853 4456 sermonis
874 4405 989 4468 scriptor
1009 4415 1080 4469 quae
1101 4403 1192 4458 usius
1209 4406 1271 4460 0do
1292 4408 1373 4461 abbas
1389 4408 1414 4459 ia

188 4487 298 4539 historia
310 4488 504 4541 Translationis
516 4491 543 4540 S.
561 4488 656 4547 llauri,
671 4501 727 4541 non
740 4492 832 4539 tamen
846 4487 882 4539 ita
893 4491 923 4538 ut
935 4498 967 4539 ex
980 4485 1031 4538 bac
1042 4499 1121 4539 suam
1145 4489 1340 4545 narrationem
1359 4492 1414 4544 bau·

189 4570 256 4622 sisse
265 4569 430 4636 judicandus
451 4570 584 4633 rideatur,
598 4570 645 4623 sed
658 4571 700 4622 uel
721 4583 753 4622 ex
775 4569 906 4621 relatione
917 4580 1015 4621 coaeva
1025 4567 1068 4622 rei
1080 4581 1114 4621 ex
1127 4571 1197 4624 satis
1209 4581 1327 4629 recente
1337 4586 1416 4628 rerum

190 4664 329 4706 memoria.
