3136 5482
280 366 373 416 amn.
392 367 477 419 nar.
497 367 611 418 rame.
633 386 675 398 -
691 365 845 419 urrann.
864 367 912 418 ab
929 367 1007 417 con.
1026 363 1102 415 stri.
1243 348 1310 414 415

400 587 610 700 Appendix
639 588 690 676 ad
720 588 801 678 cod.
827 585 949 676 5271.

128 820 199 867 rma
216 819 246 867 s.
266 801 577 889 anuunrn1(nersc.
601 798 771 890 mosomi)
789 799 872 890 (cfr.
891 819 1004 887 supra,
1023 820 1055 887 p.
1075 799 1155 878 412,
1178 797 1259 886 14⁰).

128 995 212 1069 cipit
225 998 395 1070 prologus
408 996 446 1057 in
459 997 539 1058 vita
552 1001 611 1059 vel
625 997 792 1071 passione
802 995 920 1058 sancti
933 993 1110 1068 Armulpbl
1124 990 1278 1066 episcopi
1288 989 1308 1052 ·.
1355 986 1464 1107 ml

128 1176 265 1240 lerosqne
275 1174 424 1227 saecularis
435 1173 597 1241 disciplinae
607 1173 784 1241 philosophos
792 1172 882 1226 inanis
893 1171 995 1241 gloriae
1008 1171 1084 1226 favor
1092 1170 1127 1225 ad
1136 1168 1312 1224 scribendum

128 1279 214 1328 rocat
225 1272 297 1326 etad
310 1272 430 1326 studium
442 1274 527 1342 gioria
548 1273 721 1327 transitoriae
738 1272 827 1327 laudis
848 1271 983 1327 inclinat:
1005 1271 1079 1339 quod
1098 1276 1172 1325 certe
1190 1268 1310 1324 officinm

128 1411 129 1420 .
143 1372 291 1427 erroribus
303 1385 360 1427 non
380 1371 565 1441 incongruum
577 1373 631 1426 stili
643 1372 756 1440 quidem
775 1372 886 1426 decorat
902 1369 1001 1437 oratio,
1015 1370 1062 1424 sed
1075 1374 1203 1425 aeternae
1216 1366 1312 1423 mortis

128 1477 195 1526 anat
215 1471 386 1539 proscriptio.
407 1472 446 1525 lbi
468 1472 569 1539 quippe
590 1471 729 1539 superfluo
750 1471 898 1526 verborum
919 1469 1023 1524 ambitu
1040 1468 1195 1524 decolorata
1208 1472 1313 1522 tantum

128 1578 171 1627 ret
183 1572 298 1638 falsitas,
311 1571 359 1625 sed
371 1571 486 1626 tabescit
497 1571 591 1626 relicta
603 1585 653 1640 per
669 1573 804 1626 incuriam
824 1572 942 1638 veritas;
960 1583 1051 1624 sermo
1068 1570 1157 1624 dulcis
1169 1569 1315 1625 mellifluas

128 1673 227 1729 fundit
238 1674 397 1741 sententias,
411 1673 459 1727 sed
472 1674 581 1729 easdem
593 1673 730 1728 mendacii
742 1673 870 1741 deturpat
882 1676 1004 1728 horrore.
1014 1673 1085 1727 Nihil
1095 1677 1186 1727 autern
1196 1670 1231 1726 ad
1240 1672 1315 1725 illam

128 1787 177 1829 ern
186 1773 438 1840 sempiternamque
449 1772 647 1827 beatitudinem
660 1773 760 1840 poterit
769 1786 829 1827 esse
842 1771 994 1840 proficuum
1003 1770 1078 1841 quod
1087 1775 1134 1826 aut
1142 1771 1207 1825 uitio
1220 1771 1315 1839 depra-
1386 1788 1387 1791 ¹

128 1888 173 1928 rm
186 1878 236 1927 aut
247 1872 374 1926 humanis
386 1877 493 1927 constat
503 1872 709 1927 inventionibus
730 1872 930 1939 imperfectum.
944 1876 1047 1940 operae
1065 1872 1184 1939 pretium
1197 1874 1238 1925 est
1251 1883 1315 1939 ergo

128 1985 230 2027 rorum
247 1971 294 2025 liei
307 1984 399 2038 opera,
412 1971 526 2026 virtutes
536 1976 565 2025 et
576 1971 712 2040 magnalia
724 1972 778 2025 stili
791 1971 900 2041 signare
912 1971 1000 2026 officio
1013 1978 1041 2026 et
1051 1972 1119 2026 haec
1131 1970 1248 2039 posteris
1263 1974 1317 2024 tra·

128 2087 145 2128 e
158 2071 198 2126 ad
211 2070 368 2137 exemplum
389 2071 541 2124 sanctitatis
561 2071 758 2125 emolumento.
778 2072 805 2124 Si
826 2072 901 2125 enim
922 2071 961 2125 illl
973 2085 1030 2126 non
1042 2083 1194 2138 perennem
1205 2068 1256 2123 sed
1268 2067 1317 2123 ali-

128 2176 251 2232 intutum
264 2182 412 2244 conceptae
430 2177 489 2245 spei
506 2177 647 2231 consecuti
667 2181 733 2230 sunt
751 2177 880 2242 fructum,
894 2177 973 2231 nobis
984 2181 1059 2231 certa
1071 2175 1139 2230 tides
1152 2173 1319 2243 rependetur
1358 2183 1360 2189 ·

128 2289 215 2331 ernae
229 2275 437 2330 immortalitatis
449 2277 611 2343 praemium.
625 2275 690 2330 ideo
702 2277 784 2329 vitam
796 2277 883 2330 sancti
896 2273 1189 2351 Arnulpbiscripturus
1200 2272 1318 2338 suscepi,

128 2391 140 2429 t
160 2375 264 2429 virium
283 2375 504 2441 praesumptione
520 2374 569 2428 sed
588 2375 673 2428 sancti
690 2375 806 2442 Spiritus
821 2374 1067 2429 administratione.
1080 2375 1163 2441 cujus
1181 2371 1267 2426 ductu
1283 2371 1321 2424 ita

128 2490 134 2505 ·
146 2473 259 2544 singula
271 2473 424 2528 discurram
435 2479 465 2527 ut
477 2474 569 2528 nnllns
581 2473 706 2528 falsitatis
715 2474 887 2542 naufragium
901 2475 1051 2529 incurram.
1063 2472 1210 2539 Explicit
1221 2471 1320 2536 prolo-

128 2588 157 2627 s.

128 2763 222 2837 rcipit
240 2764 363 2837 passio
377 2763 495 2825 meti
504 2763 681 2837 Arnnlpbl
698 2763 949 2838 gloriosissimi
963 2766 1141 2839 martyris
1155 2766 1289 2828 christi
1300 2763 1320 2828 ·.
1340 2765 1479 2821 nicom.
1489 2765 1516 2818 a.

128 2945 152 2996 i.
172 2943 257 3011 igitur
278 2942 373 2996 beatus
392 2941 549 3007 drnnipbus
569 2939 747 2994 nobilissimis
767 2944 933 2996 Francorum
955 2941 1114 3009 parentibus
1134 2948 1211 2997 ortus
1231 2949 1273 2998 est
1293 2950 1322 2999 et

128 3040 210 3106 nitus,
233 3039 280 3107 qui
300 3039 372 3092 inter
392 3039 562 3093 confessores
579 3038 675 3092 cbristi
698 3042 726 3090 et
743 3043 874 3105 martyres
898 3039 1040 3094 confessor
1059 3041 1193 3109 egregins,
1219 3047 1322 3109 martyr

128 3140 223 3192 teritus
242 3144 269 3192 et
289 3137 416 3192 sacerdos
434 3137 540 3191 refulsit
555 3136 740 3191 venerandus.
758 3140 836 3191 Pater
854 3139 923 3205 ejus,
943 3139 1055 3193 nomine
1069 3141 1219 3208 dulcianus,
1232 3141 1321 3208 primo

128 3238 210 3303 ndis,
223 3241 285 3304 post
296 3236 361 3290 fidei
373 3235 447 3290 dono
459 3236 557 3291 claruit
569 3235 695 3304 insignis.
705 3240 788 3290 blater
796 3250 862 3291 rero
870 3240 890 3301 ⁶,
900 3238 1063 3305 cognomine
1073 3239 1227 3305 Quintiana,
1237 3240 1319 3293 simili
1333 3245 1342 3265 '
1357 3253 1468 3309 quoque
1479 3242 1505 3295 i.

128 3336 177 3390 >do
187 3336 321 3390 diabolica
334 3335 429 3389 frande
442 3335 556 3402 irretita,
569 3339 706 3401 postremo
718 3334 826 3389 divinae
838 3336 1001 3404 cognitionis
1010 3337 1133 3403 suscepit
1141 3342 1321 3393 sacramenta.

128 3434 326 3503 ticnmgentili
338 3447 507 3502 paganomm
527 3446 621 3487 errore
639 3433 762 3499 impliciti
779 3446 811 3486 ac
831 3434 974 3488 idolatriae
985 3433 1151 3490 daemonnm
1163 3440 1324 3491 tenerentur

128 3534 220 3599 monii,
233 3534 284 3587 bac
296 3534 402 3587 ratione
420 3545 486 3586 suae
500 3536 662 3586 mememnt
678 3533 848 3599 signaculum
867 3533 973 3586 salutis.
990 3536 1027 3587 iia
1039 3538 1201 3601 tempestate
1214 3541 1325 3590 sanctus

128 3633 243 3701 txnigius,
256 3631 342 3686 divini
355 3631 432 3686 verbi
444 3631 562 3698 agricola
575 3630 801 3697 studiosissimus,
814 3633 902 3685 ricem
921 3633 1017 3700 agebat
1034 3634 1172 3687 commissi
1184 3632 1324 3702 pontifica-

128 3737 137 3776 t
159 3745 166 3782 r
182 3732 209 3783 in
221 3744 276 3799 quo
294 3735 371 3784 tanta
392 3731 511 3798 fulgebat
522 3729 735 3796 praedicationis
747 3731 833 3797 gratia
851 3737 881 3784 ut
899 3731 976 3784 rerbi
992 3733 1110 3797 potentia
1129 3733 1197 3787 dura
1215 3746 1324 3801 quoque

128 3828 276 3884 rhetorum
290 3833 425 3883 sterneret
436 3829 515 3883 coila.
531 3827 678 3882 discedens
690 3829 763 3882 enim
785 3829 1005 3884 confundebatur
1017 3830 1147 3897 iniquitas
1164 3837 1192 3886 et
1202 3832 1324 3901 gaudens

128 3929 245 3990 rebatur
266 3931 294 3983 in
315 3930 421 3983 cbristo
442 3928 564 3982 fidelium
585 3927 742 3982 credulitas.
763 3929 811 3982 liic
831 3929 922 3996 itaque
940 3929 1113 3983 beatissimus
1126 3930 1248 3997 pontifex
1261 3945 1324 3985 cnm

128 4029 274 4095 mperisset
293 4029 354 4095 bos,
376 4027 411 4081 de
431 4027 532 4095 quibus
552 4040 642 4081 sermo
659 4027 791 4094 babetur,
815 4027 892 4081 vanis
912 4027 1153 4095 superstitionibus
1177 4031 1322 4098 impediri,

128 4130 205 4179 tuem
217 4127 341 4180 adhibuit
359 4125 539 4194 diligentiam,
556 4139 611 4193 qno
627 4138 723 4179 eorum
740 4127 846 4180 animos
862 4125 898 4179 ad
919 4140 983 4180 eum
1001 4128 1048 4195 qui
1066 4134 1107 4182 est
1119 4128 1172 4196 ria,
1185 4130 1286 4183 veritas
1299 4133 1326 4183 et

128 4221 340 4280 taconrerteret.
351 4229 472 4291 Quorum
481 4225 617 4293 siquidem
627 4229 733 4278 mentes
742 4230 770 4278 et
777 4225 966 4292 spiritualibus
976 4225 1129 4292 disciplinis
1138 4227 1240 4282 cotidie
1248 4242 1326 4283 exco-

128 4315 170 4377 bat
180 4331 207 4379 et
218 4338 329 4379 vomere
340 4325 422 4378 studii
441 4325 566 4379 caelestis
578 4325 716 4377 exarabat.
730 4325 903 4378 perterrebat
914 4338 962 4379 eos
979 4324 1063 4378 bituri
1076 4327 1201 4393 supplicii
1214 4328 1321 4391 timore,

128 4417 147 4472 d
158 4438 254 4478 narsus
265 4425 403 4477 animabat
414 4424 539 4490 promissi
553 4424 628 4492 regni
639 4423 824 4489 perceptione.
843 4422 911 4486 Quid
929 4422 1027 4490 plural
1040 4426 1157 4491 Uterque
1170 4425 1287 4478 credidit
1299 4432 1325 4480 et

128 4524 220 4584 tritoni
228 4523 343 4592 gratiam
354 4522 469 4590 adeptus
475 4527 526 4576 est.
535 4521 641 4575 liutatis
647 4533 712 4574 rero
720 4520 878 4587 gentilitatis
887 4521 1054 4588 nominibus,
1068 4521 1114 4576 ille
1127 4524 1293 4591 Rogationns
1304 4525 1324 4592 ¹,
1353 4524 1497 4592 'Rogatia-

128 4616 340 4686 adonenpcr
350 4632 499 4688 congruam
510 4619 554 4673 sni
566 4619 686 4674 nominis
698 4617 888 4687 etymologiam
900 4617 1025 4674 litifraria
1035 4624 1055 4674 ¹.
1337 4591 1522 4709 ἪἫΞῙΗ,
