3156 5452
364 335 457 386 amn.
476 335 559 386 nar.
578 336 695 387 ranis.
715 357 760 368 -
777 338 856 388 con.
875 326 938 388 aem
954 341 990 389 r.
1228 323 1295 391 353

97 505 129 558 3.
151 507 275 573 cumque
295 507 366 559 inter
386 507 464 571 alios,
485 520 555 575 quos
575 509 777 562 mundanarum
800 523 892 563 rerum
915 508 1102 563 blandimenta
1128 509 1295 577 deceperant

66 601 173 657 adolere
191 605 314 670 profanis
326 604 466 669 altaribus,
480 607 652 666 Verissimus,
665 608 779 660 liaxima
791 612 817 659 et
836 607 907 660 tutia
919 612 1093 674 caperentur,
1107 604 1294 674 discrepantes

66 701 175 770 quidem
188 717 256 757 sexu
267 704 315 758 sed
328 705 412 757 animi
425 705 522 758 virtute
534 707 700 769 consimiles,
713 706 876 760 christianos
895 720 925 760 se
938 720 1011 774 esse,
1025 707 1162 761 Christum
1180 704 1294 759 credere

65 814 114 856 nec
125 801 219 856 divelli
232 816 311 871 posse
323 804 357 857 ab
369 806 428 870 ejus
440 806 567 872 mysterio
580 811 644 859 sunt
656 806 781 873 professi.
795 809 915 872 Quorum
935 806 1020 873 ludex
1037 807 1206 873 professione
1219 818 1294 859 com-

24 898 52 951 8
64 905 149 967 perta,
163 903 254 969 parari
269 902 448 957 secretarium
465 905 551 972 jubet,
565 904 709 959 intromitti
730 905 848 971 lictores,
868 906 978 959 exandi
996 910 1139 972 martyres,
1155 904 1294 959 admoveri

64 1000 187 1066 verbera,
208 1002 338 1071 conligati
359 1002 486 1072 ungulas,
500 1004 600 1070 exponi
613 1005 794 1071 equulecrum
808 1004 960 1058 tendiculas
981 1005 1135 1071 imperavit.
1155 1004 1208 1058 Sed
1226 1002 1295 1057 nihii

66 1098 164 1151 horum
178 1100 225 1152 bei
239 1101 356 1154 famulos
367 1108 414 1154 aut
425 1104 530 1169 terruit,
549 1103 714 1168 promissum
733 1108 779 1156 aut
792 1103 929 1169 superavit
948 1102 1112 1169 appositum.
1131 1101 1294 1156 proficiebat

66 1197 202 1266 siquidem
216 1214 266 1266 per
276 1200 377 1256 damna
388 1215 535 1270 corporum
547 1204 633 1256 virtus
645 1203 811 1269 animorum,
830 1207 858 1255 et
870 1217 919 1269 per
930 1202 1095 1269 multiplices
1107 1216 1139 1255 ac
1151 1201 1295 1257 succiduos

66 1297 263 1363 suppliciorum
280 1300 380 1368 gradus
391 1300 426 1354 ad
447 1302 641 1368 repromissam
657 1301 855 1354 beatitudinem
874 1300 942 1354 tides
960 1301 989 1353 in
1007 1303 1090 1354 iteum
1103 1299 1221 1353 stabilita
1238 1305 1295 1352 ten·

10 1394 54 1446 lo
67 1392 158 1449 debat.
170 1397 338 1453 ardescebat
348 1399 459 1466 quidem
472 1400 615 1453 iracundia
627 1401 814 1467 persequentis
824 1413 887 1454 cum
899 1399 971 1453 vinci
990 1413 1006 1453 a
1025 1399 1189 1467 martyribus
1201 1399 1295 1452 inven-

68 1492 172 1549 h'onum
192 1510 304 1551 suarum
325 1503 461 1552 tormenta
482 1500 661 1566 conspiceret,
679 1503 707 1552 et
727 1513 777 1566 per
797 1512 894 1554 omnes
914 1498 1068 1552 calliditatis
1087 1499 1200 1552 astutias
1218 1512 1296 1552 mens

69 1592 177 1649 diabolo
189 1595 278 1650 dicata
288 1598 432 1664 currebat3
446 1599 494 1652 sed
512 1598 585 1653 vinci
604 1598 739 1652 immundi
761 1600 861 1652 astutia
882 1611 969 1667 agone
990 1611 1045 1651 non
1067 1602 1212 1665 poterant‘
1229 1611 1298 1665 quos
1354 1603 1441 1658 ‘cod

69 1691 245 1748 adcoronam
264 1697 388 1750 caelestis
410 1697 524 1765 praemii
545 1703 672 1765 cooperte
693 1698 823 1764 patientia
835 1698 927 1752 divina
951 1698 1090 1751 monebat.
1104 1700 1298 1751 consummari·
1310 1682 1495 1790 affigffitnffl

71 1796 114 1847 tur
132 1795 142 1815 ⁴
164 1793 274 1847 undem
294 1795 384 1863 gladio
404 1801 539 1850 tormenta
561 1797 690 1864 martyrii,
703 1800 734 1850 ut
750 1809 816 1851 voce
828 1797 962 1850 Christum
975 1796 1146 1863 confitentes,
1165 1799 1269 1864 quem·
1287 1800 1297 1819 ⁶
1340 1752 1362 1826 p‘
1374 1775 1456 1857 eoas

10 1888 54 1944 [5
70 1897 176 1946 mamre
189 1906 278 1961 poena
290 1900 475 1968 nonypotcrat,
489 1896 600 1962 spiritus
613 1896 729 1949 emissus
742 1897 856 1949 intraret
868 1897 896 1948 in
909 1896 1025 1949 caelum.
1310 1872 1494 1988 wffifflcffgm'·

101 1992 133 2046 8.
146 1995 202 2047 Nec
213 1994 253 2047 sic
264 2000 356 2048 tamen
368 1996 514 2049 saevientis
523 1995 624 2061 judicis
645 2002 687 2049 est
703 1997 808 2062 expleta
829 1996 984 2050 crudelitas.
997 1998 1063 2049 llam
1077 1996 1216 2050 inhumata
1236 1996 1297 2050 reli·
1310 2015 1396 2069 quum
1408 1971 1496 2067 (sich.

70 2092 127 2158 quit
137 2104 254 2160 corpora
266 2098 293 2147 et
304 2096 394 2148 saxeis
405 2096 540 2149 molibus·
550 2097 694 2164 adgravata
706 2097 910 2150 subvectione*
920 2096 1022 2150 aulerri
1032 2097 1113 2162 jussit
1125 2097 1152 2148 in
1165 2096 1300 2165 pelagum,
1314 2100 1406 2177 'coca
1415 2073 1487 2152 saris

71 2205 105 2246 nc
116 2193 257 2259 impensae
269 2195 427 2262 sepulturae
437 2197 591 2252 testimonio
610 2196 765 2263 exemplum
777 2198 958 2251 consessionis
970 2210 1001 2250 ac
1013 2195 1076 2250 fidei
1090 2197 1124 2250 ad
1136 2198 1302 2263 posteritatis
1331 2166 1471 2286 msslffis·

71 2292 193 2345 notitiam
212 2295 376 2358 perveniret.
397 2297 450 2349 sed
471 2296 546 2363 prius
566 2295 723 2349 veneranda
744 2296 777 2350 ad
802 2297 866 2350 litus
886 2309 1017 2363 corpora,
1041 2300 1189 2362 antequam
1211 2296 1302 2349 nuntii
1315 2299 1490 2353 subactione.

10 2383 51 2438 Ι)
72 2394 282 2460 reverterentur,
296 2400 488 2460 pervenerunt.
501 2396 625 2451 Occurrit
636 2395 714 2462 plebs
732 2395 830 2450 devota
847 2408 909 2449 curn
927 2395 1036 2463 gaudio,
1050 2400 1141 2448 tantae
1159 2396 1198 2448 rei
1212 2396 1303 2448 obstu-

73 2478 177 2555 pefacta
197 2493 326 2559 noviute,
340 2493 393 2547 tlile
413 2495 528 2548 excitata
550 2494 681 2562 martyrii,
694 2494 907 2548 unanimositatc
925 2507 1040 2561 corpora
1058 2494 1216 2547 veneranda
1227 2495 1303 2549 colli·

72 2601 134 2658 pere
145 2591 219 2645 etad
239 2593 396 2659 sepulturae
418 2594 506 2648 locum
530 2608 593 2648 cum
614 2595 732 2648 maxima
753 2595 925 2649 reverentiae
942 2596 1117 2648 veneratione
1136 2595 1300 2662 transferr03

73 2702 122 2743 nec
132 2691 222 2745 ullum
234 2694 447 2747 christianorum
460 2701 505 2748 aut
518 2694 658 2749 familiaris
670 2696 709 2749 rei
719 2697 860 2763 occupatio
873 2696 959 2750 tenuit
971 2700 1018 2749 aut
1035 2709 1116 2749 sexus
1128 2697 1239 2749 retraxit
1255 2700 1303 2749 aut

72 2788 184 2844 infantia
196 2793 367 2858 praepedivit
379 2795 526 2861 quominus
537 2799 674 2848 extractus
687 2795 794 2849 deesset
806 2794 935 2850 officium.
949 2797 1031 2863 Cujus
1043 2795 1137 2862 populi
1158 2808 1208 2848 nos
1220 2796 1302 2848 hodie

10 2878 44 2932 3
69 2891 223 2958 exemplum
241 2901 397 2962 sequentes,
410 2908 502 2948 annua
521 2896 587 2948 haec
605 2896 769 2962 martyribus
782 2896 848 2948 testa
861 2895 1051 2961 persolvimus,
1065 2901 1204 2949 uteorum
1220 2895 1304 2947 inter·

71 2992 241 3046 sessionibus
262 2992 443 3060 adjuvemur;
465 3008 517 3048 nec
537 2994 649 3049 credere
665 2994 799 3048 debemus
817 2994 960 3048 dehinctos
982 3007 1051 3061 quos
1075 2996 1174 3047 throno
1193 2994 1304 3047 caelesti

71 3091 195 3144 novimus
212 3105 273 3169 esse
290 3094 447 3162 applicatos,
461 3108 511 3160 per
529 3095 674 3148 bominum
688 3100 810 3148 nostrum
822 3098 918 3148 lesum
941 3095 1088 3158 Christum,
1102 3095 1145 3148 cui
1157 3099 1199 3149 est
1214 3096 1303 3149 honor

71 3194 97 3242 ct
106 3188 203 3259 ¹gloria,
217 3193 303 3245 virtus
315 3198 342 3246 et
353 3199 473 3260 potestas
487 3195 516 3247 in
528 3193 637 3248 saecula
650 3195 831 3249 saeculorum.
845 3197 942 3247 Amen.

162 3418 333 3467 recuccus
357 3422 392 3469 m
413 3422 517 3469 v1rnu
541 3422 570 3469 S.
589 3421 727 3469 anrouu
750 3401 832 3488 (Cir.
855 3422 966 3489 supra,
985 3422 1026 3488 p,
1037 3402 1116 3477 337,
1136 3400 1220 3490 39⁰).

10 3589 46 3644 '¹⁰
114 3591 244 3665 tuctpit
264 3594 434 3665 prologus
448 3592 486 3653 ln
505 3594 585 3654 vita
605 3593 704 3654 besti
724 3592 869 3653 Antonii
891 3595 935 3653 do
956 3591 1081 3653 ordine
1101 3593 1259 3652 mamm

595 3693 786 3752 Minoem.

108 3882 223 3937 assidua
236 3883 351 3935 fratrum
365 3882 547 3948 postulatione
560 3880 694 3935 deductus
707 3895 815 3935 necnon
829 3886 856 3933 et
868 3882 1058 3936 oboedientiae
1076 3884 1203 3937 salutaris
1221 3884 1309 3937 fructu

76 3984 248 4049 provocatus,
270 3980 305 4032 acl
324 3980 433 4033 laudem
454 3986 480 4033 et
498 3981 612 4048 glorlam
631 3981 826 4046 omnipotentis
848 3982 894 4033 liei
916 3981 998 4034 vitam
1017 3987 1045 4034 et
1064 3988 1140 4034 actus
1160 3982 1310 4033 beatissimi

77 4080 159 4146 patris
178 4091 210 4132 ac
232 4078 323 4129 fratris
345 4078 430 4129 nostri
449 4079 557 4131 Antonii
579 4079 683 4131 caritati
704 4078 827 4131 fidelium
847 4084 875 4131 ct
897 4079 1035 4132 devotioni
1057 4080 1176 4132 scribere
1197 4079 1311 4147 dignum

10 4160 51 4219 Β
77 4179 152 4232 duxi.
166 4179 196 4232 hl
209 4192 330 4244 namque
343 4179 371 4230 in
384 4179 439 4231 vita
451 4184 608 4231 sanctorum
620 4180 709 4246 agitur
727 4193 797 4244 quae
819 4180 968 4250 posteritati
987 4179 1110 4232 lidelium
1123 4181 1222 4245 scripto
1235 4193 1311 4231 man-

79 4279 166 4346 datur,
180 4279 319 4344 quatinus,
343 4276 441 4329 auditis
459 4277 652 4329 miraculorum
666 4277 750 4345 signis
762 4290 832 4343 (puae
851 4280 922 4330 beus
944 4284 1071 4344 operatur
1084 4279 1112 4328 in
1130 4278 1231 4330 sanctis
1243 4278 1310 4342 suis,

79 4390 188 4443 semper
199 4381 227 4429 et
239 4376 268 4427 in
281 4375 409 4427 omnibus
420 4374 547 4427 laudetur
559 4377 699 4440 hominus,
712 4382 739 4427 ei
751 4376 821 4428 vitae
833 4376 1007 4428 correctioris
1021 4376 1143 4443 regulam
1154 4388 1208 4427 una
1221 4378 1229 4395 '
1243 4390 1306 4428 cum
1363 4378 1450 4432 'coci

81 4473 231 4528 devotionis
251 4475 358 4526 fervore
380 4473 535 4525 ministrent
555 4471 690 4526 tidelibus.
704 4477 735 4525 ut
755 4473 866 4540 quidem
887 4474 922 4525 ad
934 4487 1003 4539 opus
1022 4478 1128 4526 tantum
1142 4488 1185 4527 me
1200 4476 1308 4540 penitus
1362 4456 1457 4499 unam·

83 4572 292 4626 insufficientem
312 4574 378 4635 scio,
401 4584 451 4623 nec
473 4576 565 4624 tamen
586 4571 657 4624 labia
680 4585 739 4625 mea
761 4572 902 4638 prohibeo,
922 4585 1037 4638 sperans
1058 4573 1121 4640 quia
1142 4573 1310 4639 propositum

147 4683 245 4725 caran
256 4681 343 4724 ratus.
358 4682 383 4723 r.
397 4683 415 4723 t.
1246 4675 1279 4726 23
