3136 5482
396 368 489 419 omn.
509 370 592 421 aar.
612 371 728 421 ranis.
747 391 793 402 -
809 371 887 422 coo.
906 368 1014 421 53333.
1254 353 1321 420 589

187 535 253 613 080
268 536 441 637 Epistola
470 538 570 616 Aviti
601 539 818 641 presbyteri
846 539 896 617 de
923 538 1157 618 revelatione
1175 539 1315 617 beatis·

237 667 327 745 simi
347 666 534 771 Stephani
552 671 851 772 protomartyris
868 671 964 772 (pag.
987 669 1174 771 301-305).

138 801 171 855 a.
186 805 214 854 r.
228 805 268 869 n,
285 809 351 856 tom.
364 806 467 870 unp.
480 806 565 858 sose.

187 900 252 978 000
265 900 474 1003 [Revelatio
489 905 667 1005 corporis
680 905 802 982 sancti
816 903 1014 1006 Stephani]
1020 904 1116 1004 (pag.
1130 901 1315 1004 303300).

138 1033 424 1101 33133333.

186 1131 252 1210 300
280 1133 431 1213 Relatio
461 1135 726 1214 translationis
757 1135 934 1236 corporis
961 1134 1066 1214 beati
1100 1145 1319 1236 protomar-

235 1267 331 1368 tyris
377 1267 562 1369 Stephani
603 1268 883 1370 Hierosolymis
936 1267 1317 1369 Constantinopolim

237 1401 334 1501 (pag.
356 1400 540 1502 309-313).

138 1541 423 1609 .n.nrn.,p.sn-aa.
507 1550 509 1555 ¹

185 1647 252 1725 310
268 1649 352 1728 Vita
370 1657 524 1728 sanotae
542 1649 763 1750 Walburgis
781 1649 943 1751 virginis
956 1651 1053 1751 (pag.
1074 1648 1259 1750 ala-aaa).

139 1787 238 1836 uctore
249 1782 408 1851 edelboldo,
422 1783 466 1836 ed.
478 1784 544 1837 Act.
558 1784 618 1850 33,
631 1784 664 1837 ad
679 1783 705 1835 d.
720 1787 753 1837 25
765 1784 855 1849 Febr„
868 1789 933 1837 torn.
948 1787 993 1848 lll,
1006 1799 1032 1850 p.
1046 1786 1149 1839 dli-ld.

186 1886 252 1963 330
269 1888 398 1966 Passio
417 1889 539 1967 sancti
559 1888 726 1969 Oswaldi
746 1889 846 1989 regis
862 1890 959 1990 (pag.
980 1888 1163 1990 300331).

138 2032 238 2081 ‚uctorc
252 2031 385 2096 hrogone,
398 2029 442 2082 ed.
457 2030 534 2095 ihid.‚
545 2029 579 2082 ad
589 2031 617 2083 d.
628 2032 645 2083 3
657 2034 735 2096 hug..
743 2037 809 2083 tom.
821 2032 854 2096 11,
866 2045 892 2098 p.
906 2032 1009 2085 octos.
1020 2033 1108 2084 Omm.
1119 2045 1222 2084 nurnrn.
1233 2032 1318 2084 1313.

138 2129 299 2193 Sequuntur
318 2129 389 2196 (pag.
409 2132 527 2193 331337)
549 2129 619 2183 duae
640 2131 777 2183 orationes
804 2131 1013 2189 encomiasticae
1032 2131 1066 2184 de
1090 2136 1184 2184 sancto
1203 2143 1275 2197 rege.
1288 2132 1320 2182 ln

138 2239 180 2280 >rc
194 2226 287 2279 multis
299 2224 411 2281 effertur
423 2229 483 2294 ejus
495 2230 523 2280 in
534 2229 717 2295 eleemosynis
728 2227 876 2297 largiendis
889 2228 1037 2282 liberalitas
1050 2236 1077 2282 et
1086 2229 1115 2282 lit
1127 2230 1229 2283 mentio
1239 2229 1274 2281 de
1287 2229 1320 2281 iis

138 2338 160 2378 re
173 2325 259 2378 relata
272 2331 336 2378 sunt
348 2327 376 2378 in
388 2327 447 2380 Vita
460 2341 536 2380 num.
549 2330 578 2381 31
591 2345 598 2394 ;
613 2329 641 2380 in
655 2328 739 2381 altera
760 2328 887 2381 laudatur
908 2329 1026 2382 maximo
1038 2330 1098 2396 ejus
1111 2329 1184 2382 zelus
1200 2328 1235 2381 ad
1247 2328 1317 2381 salu·

138 2425 312 2477 ranimarurn
332 2427 531 2492 procurandam
554 2432 582 2479 et
599 2427 754 2480 celebratur
772 2440 846 2480 mors
858 2428 918 2493 ejus
936 2428 1051 2480 maxima
1064 2429 1147 2481 animi
1160 2427 1320 2481 fortitudine

138 2535 228 2576 icens.

189 2620 255 2699 330
271 2621 367 2723 [Vita
396 2624 500 2702 beati
537 2624 703 2704 Cassiani
741 2624 1099 2727 augustodunensis
1133 2625 1319 2728 episcopi]

237 2755 332 2856 (pag.
355 2755 546 2857 331-3-11).

138 2886 171 2938 ll.
184 2885 277 2939 Attal.
290 2889 381 2955 Boia,
403 2894 469 2943 tom.
483 2891 525 2955 lv,
538 2904 565 2956 p.
581 2890 681 2943 rao-oo.
695 2890 787 2942 Codex
808 2889 935 2943 convenit
948 2902 1009 2941 curn
1029 2890 1090 2943 cod.
1105 2893 1184 2944 Brun.
1198 2891 1318 2959 100011,

138 2998 167 3037 us
180 2988 207 3036 et
219 2987 416 3051 praelationem
429 2989 519 3042 hahet.

190 3081 254 3158 310
271 3083 412 3163 Textus
430 3085 654 3166 divinornm
672 3109 837 3187 operum
856 3109 957 3188 quae
970 3095 1123 3165 ostensa
1141 3097 1231 3167 sunt
1248 3113 1319 3191 per

237 3212 341 3293 beati
360 3218 658 3320 protomartyris
677 3217 862 3319 Stephani
877 3217 1099 3296 venerabile
1117 3221 1314 3307 meritum,

238 3349 420 3426 mandata
449 3374 608 3452 quoque
638 3351 800 3429 notitiae
828 3350 1005 3428 fidelium
1025 3351 1075 3428 ab
1101 3351 1248 3431 Evodio
1276 3353 1316 3429 in

154 3484 156 3491 '
234 3479 397 3558 ecelesia
422 3481 540 3578 Uzali,
572 3484 681 3582 cujus
713 3482 821 3560 urbis
847 3482 1118 3583 pontificatum
1149 3483 1316 3561 admini-

235 3612 382 3691 strabat
399 3612 581 3691 sacerdos
594 3614 846 3715 dignissimus
859 3614 1037 3692 Aurelius
1054 3624 1147 3692 tunc
1164 3625 1315 3719 tempo·

236 3744 288 3821 ris
301 3746 537 3846 Augustinus
550 3748 656 3848 apud
667 3746 901 3848 Hipponem,
918 3747 1138 3826 dominicae
1153 3749 1314 3828 sationis

233 3873 535 3976 dispensationis
552 3879 756 3982 [ministro]
774 3878 985 3958 constituto
1003 3880 1098 3980 (pag.
1120 3880 1310 3982 311307).

139 4003 167 4056 n.
182 4008 210 4059 r.
224 4009 265 4072 u,
278 4012 345 4062 tom.
358 4011 421 4074 xer,
435 4025 462 4077 p.
475 4012 578 4064 sassa

182 4102 246 4181 350
263 4106 358 4207 [Alia
376 4110 563 4189 miracula
580 4112 630 4190 de
648 4113 769 4191 sancti
789 4111 986 4213 Stephani]
1005 4112 1102 4213 (pag.
1119 4111 1309 4214 367-360).
1363 4099 1364 4104 ¹

138 4234 165 4288 d.
180 4238 208 4288 P.
221 4240 263 4304 1.,
276 4244 342 4293 tom.
355 4243 486 4305 xxxvlll,
500 4258 527 4310 p.
543 4246 649 4298 alcala
660 4245 752 4308 (serm.
772 4244 946 4308 cccxx-xxa).

183 4332 246 4410 360
264 4335 395 4416 Passio
422 4350 576 4419 sanctae
603 4341 713 4418 hirae
745 4341 939 4441 martyris,
960 4364 1061 4442 quae
1091 4341 1312 4420 celebratur

231 4487 353 4546 nonas
370 4471 521 4572 augusti
539 4473 635 4574 (pag.
657 4471 848 4571 309-370).

138 4596 199 4649 aulo
210 4601 374 4654 contractior
385 4616 416 4656 ea
428 4608 504 4670 parte
517 4605 653 4659 Passionis
664 4606 707 4658 ed.
720 4606 785 4658 Act.
797 4604 855 4671 33,
868 4607 933 4657 tom.
949 4605 982 4668 ll,
996 4619 1022 4670 p.
1035 4606 1078 4672 38,
1093 4618 1168 4657 num.
1185 4607 1271 4659 1331.
