3136 5482
341 373 433 423 urst.
452 372 536 423 ner.
555 373 672 423 rems.
689 392 736 403 -
752 371 905 422 apruno.
925 373 971 422 au
988 371 1066 422 con.
1085 368 1159 420 icet.
1293 355 1353 421 161

138 540 266 593 umiliter
278 541 435 607 exquisivit.
449 543 533 604 Quem
554 554 616 594 mox
637 541 708 594 inter
728 540 862 594 orandum
886 552 1000 594 somnus
1013 539 1129 592 invadit.
1144 542 1210 592 cum
1223 544 1285 605 post
1296 550 1358 605 pau·

138 639 208 691 rlrtm
223 654 354 708 surgens,
368 641 470 709 virgam
481 639 605 709 geminos
617 653 709 694 ramos
721 641 873 693 virentibus
890 640 961 694 foliis
977 641 1033 705 jam
1052 640 1179 692 inultum
1197 637 1359 705 produxisse

138 739 268 804 onspieit.
283 741 360 792 lune
373 752 436 805 ergo
450 753 502 793 nec
515 739 615 807 ambigi
627 741 714 805 potuit
733 739 799 807 quid
818 740 861 806 agi
874 751 987 792 necesse
1000 739 1043 790 sit.
1058 738 1175 790 Proinde
1188 737 1299 804 quidem
1319 736 1358 788 nil

138 845 246 890 noratus
268 839 449 907 omnipotenti
471 841 524 893 lieo
545 839 646 906 gratias
666 841 734 892 votis
755 839 883 892 omnibus
906 837 1025 891 reddidit
1042 842 1125 903 atque
1136 836 1259 889 funditus
1276 837 1358 888 etiam

138 935 232 989 detersa
253 937 373 1002 pectoris
392 938 541 1005 dubietate,
554 939 587 991 ad
610 938 783 1004 pontificatus
803 937 897 991 sedem
921 937 1038 990 fidenter
1059 936 1181 988 accessit.
1197 935 1274 1003 virga
1292 947 1358 987 vero

140 1037 217 1087 statim
237 1035 376 1089 conualuit
399 1041 481 1103 atque
503 1037 634 1103 paulatim
664 1038 691 1089 in
719 1050 833 1104 magnae
854 1035 1025 1103 proceritatis
1045 1034 1227 1103 glandiferum
1249 1034 1358 1087 culmen

142 1131 254 1201 deinceps
265 1135 395 1188 excrevit.
405 1138 479 1198 Quae
489 1137 570 1189 ctiam
580 1136 752 1204 geminorum
764 1148 902 1188 ramorum
914 1135 1029 1187 alterum
1038 1132 1074 1185 ad
1084 1134 1228 1198 orientem,
1242 1132 1358 1185 alterum

146 1242 194 1285 uero
204 1232 344 1298 protendit
355 1234 390 1287 ad
402 1234 585 1299 occidentem,
598 1234 756 1303 significans
769 1235 905 1303 geminam
920 1234 987 1287 tanti
1000 1232 1134 1299 praesulis
1147 1244 1257 1299 quoquc
1275 1231 1358 1285 dilec-

150 1329 229 1384 tionem
241 1334 351 1399 utrique
363 1335 433 1399 parti
455 1335 655 1401 praedictarum
674 1335 800 1388 videlicet
812 1334 956 1402 regionum
976 1333 1144 1400 prodituram
1160 1353 1165 1381 :
1181 1344 1250 1398 quae
1264 1330 1357 1398 procul

150 1427 277 1484 lubiotam
300 1432 427 1485 orientali
448 1447 530 1500 quam
552 1433 715 1487 occidentali
736 1439 843 1487 constat
863 1433 995 1500 prodesse
1019 1433 1129 1500 populo,
1147 1431 1213 1484 dum
1234 1444 1283 1498 per
1295 1443 1358 1483 cum

151 1528 297 1582 manifestius
310 1543 468 1583 sermonem
481 1532 633 1598 percipiens
646 1531 777 1590 veritatis,
792 1537 911 1585 meretur
922 1531 1039 1596 pleniter
1051 1530 1151 1582 divinis
1163 1531 1244 1584 etiam
1258 1529 1356 1580 instrui

150 1623 306 1688 documentis,
316 1629 442 1695 eiusdem
464 1629 601 1697 pontificis
618 1633 689 1683 tueri
704 1631 872 1696 patrociniis.
886 1629 1006 1683 praefata
1028 1629 1120 1696 itaque
1140 1630 1223 1683 arbor
1245 1643 1307 1682 cum
1321 1629 1356 1680 sit

150 1724 207 1778 idle
218 1728 342 1795 maxima,
356 1731 480 1797 persistit
500 1732 527 1783 in
551 1732 640 1785 medio
662 1732 805 1799 cuiusdam
817 1732 879 1784 atrii
892 1730 1040 1784 viatoribus
1053 1729 1144 1795 obvia,
1158 1729 1276 1796 qualiter
1294 1729 1358 1780 hine

150 1821 195 1877 inde
205 1826 333 1881 ordinatis
344 1829 426 1882 etiam
440 1831 630 1884 mansionibus
652 1831 697 1884 frat
710 1843 758 1897 per
778 1830 900 1884 medium
912 1842 1006 1883 earum
1023 1830 1076 1882 iter
1094 1827 1315 1892 transeuntibus;
1330 1827 1357 1879 in

138 1933 187 1985 *qua
198 1927 272 1979 etiam
294 1927 428 1982 moderno
448 1935 571 1996 tempore
592 1929 727 1997 quaedam
748 1928 827 1997 signa
852 1936 943 1982 sunta
956 1931 1010 1982 lieo
1024 1934 1137 1996 patrata,
1150 1929 1261 1995 quaein
1275 1927 1357 1980 linem

153 2019 213 2088 hujus
223 2029 312 2093 operis
334 2029 524 2083 rationabilius
537 2031 665 2083 vitientur
677 2030 827 2083 narrationi
841 2028 1015 2082 reservanda.
1030 2029 1132 2091 Quibus
1151 2023 1232 2094 igitur
1250 2027 1358 2095 agnitis,

153 2126 256 2179 murelli
270 2127 413 2180 hominum
431 2128 629 2183 habitationem
642 2143 719 2183 suam
732 2130 909 2182 circumcirca
928 2127 1082 2182 aedificant.
1097 2128 1189 2194 ibique
1203 2111 1363 2179 salvationis

153 2224 213 2286 itque
223 2224 331 2290 pietalis
343 2238 425 2279 causa
440 2227 626 2280 cohabitantes
639 2241 751 2281 manere
763 2227 932 2281 desiderant.

175 2320 215 2375 ta.
227 2325 322 2377 beatus
336 2331 477 2390 praeterea
496 2326 639 2380 Orieneius
656 2328 788 2393 plurimos
810 2331 902 2393 postea
920 2327 1014 2379 vivens
1035 2339 1132 2386 annos,
1148 2324 1262 2392 refulget
1275 2325 1358 2376 uirtu-

138 2418 193 2470 ¹lum
211 2426 236 2474 ct
252 2422 448 2477 miraculorum
468 2423 565 2491 signis,
588 2436 725 2478 exornans
745 2424 877 2478 decenter
900 2423 1014 2476 infulam
1036 2422 1177 2489 decusque
1198 2421 1361 2488 pontificalis

151 2513 264 2584 dignitatis
285 2522 393 2575 insede
408 2523 565 2591 metropolis
586 2525 746 2578 Ausciorum
759 2525 844 2578 urbis.
867 2522 944 2576 Unde
962 2521 1099 2588 siquidem
1120 2522 1219 2587 plenus
1237 2520 1360 2586 adprime

151 2608 243 2684 dierum,
256 2619 291 2673 ud
309 2622 480 2674 aeternitatis
500 2623 634 2676 festinans
655 2624 816 2690 praemium,
831 2622 932 2675 claudit
953 2622 1040 2674 laetus
1053 2626 1079 2674 et
1096 2619 1203 2687 gaudiis
1216 2618 1359 2672 exsultans

151 2708 204 2766 lieni
221 2718 301 2785 hujus
320 2720 443 2773 mortalis
461 2720 551 2788 [vitae]
564 2727 725 2786 extremum,
739 2723 888 2789 persistens
909 2727 939 2773 ut
961 2721 1003 2773 leo
1022 2720 1088 2772 satis
1106 2719 1259 2783 intrepidus
1277 2732 1358 2784 quern

152 2813 223 2867 nullus
237 2822 341 2871 terrere
354 2819 427 2872 ualet
438 2832 579 2873 occursus.
592 2824 659 2874 Nam
672 2834 734 2874 eum
747 2821 910 2887 plerumque
921 2820 1012 2873 omnis
1021 2819 1164 2884 disciplina
1178 2820 1206 2869 in
1218 2825 1361 2884 praesente

150 2913 238 2974 quidem
251 2917 375 2971 videatur
387 2932 448 2972 esse
462 2932 518 2973 non
529 2919 620 2987 gaudii
634 2920 682 2973 sed
698 2922 839 2984 macroris,
848 2921 919 2973 hane
932 2919 978 2971 ille
991 2919 1027 2970 ita
1039 2920 1178 2971 constituit
1189 2918 1259 2970 votis
1271 2924 1301 2970 ut
1313 2931 1362 2983 per

150 3021 194 3064 em
205 3023 292 3081 postea
304 3019 493 3083 pacatissimos
506 3020 658 3086 perciperet
667 3021 788 3085 justitiae
801 3021 904 3072 fructus
918 3019 946 3070 in
959 3018 1105 3084 adeptione
1118 3019 1221 3083 quippe
1243 3017 1357 3082 praemii

148 3120 261 3176 supernae
273 3117 514 3179 remunerationis,
528 3119 647 3171 sciensa
671 3119 785 3171 bornino
803 3118 953 3171 beatificari
975 3117 1073 3182 spiritu
1086 3129 1230 3182 pauperes,
1244 3127 1313 3181 quos
1331 3115 1360 3168 iu

146 3220 214 3278 regno
231 3214 282 3268 sibi
294 3216 339 3281 pie
356 3217 494 3283 gratisque
506 3217 570 3269 facit
581 3217 739 3271 coheredes.
753 3221 811 3270 lam
825 3218 898 3269 enim
923 3217 1054 3269 hominus
1068 3217 1106 3267 sic
1118 3229 1181 3268 curn
1194 3221 1285 3267 mente
1298 3215 1360 3267 soli-

144 3306 280 3366 dareratut
292 3312 328 3367 ad
348 3314 562 3380 perpetrandum
584 3316 687 3382 aliquid
709 3317 848 3382 nequitiae
872 3327 922 3369 nec
944 3314 1130 3368 mundialibus
1152 3313 1362 3365 oblectamentis

141 3411 346 3473 permulceretur
357 3425 410 3466 nec
428 3413 550 3467 aduersis
572 3415 776 3482 infringeretur,
789 3415 838 3468 sed
855 3428 909 3481 quo
922 3415 984 3481 plus
1004 3413 1112 3466 animus
1124 3412 1229 3477 eiusad
1249 3411 1361 3478 superni

138 3507 252 3562 desiderii
265 3522 389 3564 amorem
411 3512 572 3580 erigeretur,
592 3526 625 3566 co
637 3519 736 3567 cuncta
749 3525 820 3580 quae
834 3517 977 3566 transeunt
990 3525 1038 3578 pro
1057 3511 1160 3564 nichilo
1177 3510 1360 3563 ducebantur.

138 3607 395 3677 lincergosecurus
413 3616 440 3663 et
456 3611 578 3678 gaudens
595 3612 694 3664 merito
716 3613 803 3680 pergit
814 3612 846 3665 atl
869 3612 1030 3677 praemium,
1050 3612 1129 3676 cujus
1148 3610 1269 3662 animum
1292 3610 1359 3661 nihil

138 3707 266 3759 erturbat
282 3708 391 3772 honum,
405 3707 499 3761 dicens
513 3722 574 3763 eum
587 3711 718 3776 propheta
735 3710 770 3763 ad
783 3712 948 3763 hominum:
966 3710 1110 3763 Psallam
1127 3711 1156 3762 ef
1175 3708 1355 3775 intellegam

138 3821 157 3859 e
166 3807 220 3860 οἱα
231 3806 525 3877 immaculatorum
535 3810 656 3863 ueneris
664 3811 707 3864 aci
718 3822 775 3878 me,
781 3823 816 3864 eo
825 3811 906 3878 quod
907 3808 1123 3877 perambulem
1135 3810 1169 3861 fn
1176 3809 1355 3863 innocentio

138 3907 229 3962 ordis
249 3907 311 3960 anci
321 3906 357 3960 iu
368 3908 468 3961 ntedio
481 3909 590 3962 domus
602 3923 688 3964 meae
701 3911 802 3964 :unde
814 3909 1020 3975 seminaritia
1033 3920 1152 3974 quoque
1158 3907 1277 3975 parebo
1288 3920 1355 3961 con·

138 4005 308 4060 corruitur
328 4009 358 4059 et
377 4006 558 4062 eocauuabor
569 4021 639 4062 cum
652 4008 732 4061 mihi
750 4008 956 4077 manifestata
976 4006 1076 4075 suerit
1094 4008 1275 4074 gloriatura.
1297 4011 1355 4071 Quo

138 4107 245 4171 cuique
263 4107 320 4172 jam
334 4106 368 4158 ad
391 4107 533 4160 meliorem
550 4110 630 4161 ultam
650 4110 793 4176 migrante,
808 4113 913 4174 poterat
933 4108 1057 4161 fortassis
1077 4120 1132 4160 non
1153 4107 1258 4159 modica
1275 4107 1355 4159 alter-

138 4206 196 4259 atio
215 4204 307 4273 gaudii
320 4204 403 4256 simul
420 4211 446 4257 et
458 4207 662 4261 maerorisfieri
676 4210 704 4260 in
726 4208 852 4273 subditis,
865 4208 1021 4261 uidentibus
1034 4206 1138 4260 seilicet
1150 4220 1179 4259 se
1198 4207 1292 4260 solatio
1305 4209 1355 4272 pri-

138 4306 175 4360 lri
199 4316 269 4356 suae
289 4305 513 4371 necessitudinis,
527 4307 579 4358 nisi
600 4309 683 4360 etiam
704 4308 767 4361 ilico
789 4308 958 4374 prouidentia
979 4308 1164 4359 intercesserit
1185 4307 1297 4359 rationis
1311 4323 1318 4358 r
1332 4308 1353 4359 si

138 4416 214 4472 tque
234 4404 369 4471 singultus
381 4409 408 4457 et
420 4405 547 4458 lacrimas
559 4407 599 4458 ris
611 4407 728 4474 exigeret
742 4406 820 4460 nimii
837 4406 949 4472 doloris,
963 4409 1120 4472 superesset
1131 4411 1222 4458 tamen
1235 4407 1278 4471 pia
1290 4418 1354 4459 con·

140 4504 219 4557 latio
232 4501 268 4554 de
279 4503 364 4569 gloria
377 4507 460 4570 atque
472 4503 595 4569 profectu
616 4507 779 4559 sanctissimi
798 4506 932 4572 praesulis
945 4507 1036 4558 euntis
1048 4505 1213 4569 triumphato
1234 4504 1354 4558 laudabi-

138 4617 182 4659 er
194 4604 275 4656 boste
286 4603 321 4655 ad
333 4603 433 4671 gaudia
445 4605 575 4670 perennis
594 4605 700 4659 salutis.
713 4610 881 4674 Quamquam
904 4607 978 4659 enim
999 4619 1049 4670 pro
1070 4611 1192 4670 tempore
1211 4606 1353 4671 providum

188 4713 288 4757 cartu
301 4712 391 4757 eam.
405 4714 431 4756 r.
445 4714 464 4756 l.
1290 4707 1319 4759 lt
