3136 5482
201 338 266 404 326
548 350 671 402 curru.
692 352 794 404 cono.
813 352 988 403 momen.
1006 352 1087 404 mr.

197 523 329 578 valerent.
343 525 464 590 Repente
476 535 541 576 vero
553 534 636 588 super
647 535 710 576 eum
723 523 759 575 ah
770 522 824 576 ulto
837 522 941 575 recedit
952 521 1057 590 sagitta,
1068 527 1096 575 et
1107 522 1221 576 maximi
1233 522 1336 577 doloris
1347 522 1414 589 plena

13 628 22 645 '
34 623 99 680 cod.
112 602 183 677 orna.
197 620 286 675 infixit
297 621 326 675 in
340 623 398 675 loco
410 634 465 688 quo
478 621 570 674 omnia
582 621 590 639 ¹
604 620 723 672 mamilla
736 623 763 673 et
776 626 868 687 pectus
879 621 1013 688 jungitur.
1024 622 1100 673 Tunc
1110 620 1203 674 subito
1214 624 1307 673 tantm
1319 620 1411 687 mugnis

59 721 136 775 'sic
199 722 311 775 delinxit
329 727 361 774 ut
385 721 461 775 nullo
483 721 664 774 medicamine
684 734 735 774 nec
756 721 847 788 aliqua
875 720 1116 786 cataplasmatione
1144 720 1274 789 restringi
1298 719 1407 773 domiui·

199 828 298 890 posset.
316 824 399 891 igitur
419 836 480 875 cum
500 822 551 875 hoo
571 821 673 888 duplici
696 825 848 875 moreretur
868 821 968 881 taedio.
989 822 1126 875 Christum
1144 827 1242 875 contra
1263 834 1293 875 se
1310 824 1404 874 stareot

198 922 341 975 subridere
354 921 492 987 credebat,
506 921 631 973 nesciens
642 920 726 974 miser
738 922 802 988 quia
813 921 842 972 in
855 920 939 974 caelis
951 919 1073 973 Christus
1085 920 1211 974 residens
1223 920 1276 974 sibi
1292 918 1423 974 reddehati

198 1021 289 1075 dehita
310 1034 358 1087 pro
379 1021 518 1087 impietate
537 1019 679 1086 supplicia.
692 1022 815 1086 Denique
832 1019 890 1085 lpse
907 1024 1028 1086 apostata
1048 1033 1112 1073 cum
1132 1020 1189 1087 jam
1210 1033 1262 1073 nec
1279 1020 1347 1073 siuns
1362 1032 1400 1072 oet

198 1127 322 1174 mortuus
333 1125 415 1186 esset,
428 1126 521 1174 contra
531 1120 667 1173 christum
679 1121 764 1172 iratus
776 1125 804 1172 ct
816 1118 918 1173 undam
929 1119 1071 1188 sanguinis
1082 1131 1155 1186 qnae
1164 1118 1201 1174 de
1209 1120 1345 1186 semetipso
1351 1118 1399 1171 loe

199 1221 245 1272 hat
256 1233 305 1286 per
315 1223 416 1273 terram
428 1232 560 1287 spargens
573 1222 600 1271 et
612 1224 708 1271 contra
720 1218 826 1271 caelum
837 1218 975 1284 jactitans,
988 1230 1019 1271 se
1036 1216 1084 1271 tali
1102 1229 1234 1272 sermone
1244 1218 1333 1271 multos
1347 1230 1397 1285 pm

198 1324 293 1372 contra
313 1319 448 1371 Christum
468 1319 560 1371 lesum
581 1330 689 1383 semper
707 1316 814 1370 dixerat
830 1317 1013 1383 blasphemias
1030 1316 1225 1383 centuplicavit
1243 1332 1251 1369 :
1268 1314 1395 1384 &mucul

197 1417 261 1483 tihi,
278 1417 404 1484 Christe,
417 1416 577 1485 sufficiant
599 1416 655 1470 tihi
673 1429 743 1470 mea
764 1417 927 1470 tormento.
939 1417 1013 1470 Jom
1032 1415 1071 1470 de
1087 1428 1159 1470 ntea
1184 1418 1281 1471 morte
1294 1414 1424 1471 cathmo

9 1514 259 1593 (Post-laetodius
271 1519 320 1571 ista
331 1519 414 1571 verha
426 1518 515 1571 caelos
528 1521 652 1579 terreret,
666 1516 817 1570 diluculum
830 1516 935 1569 tactus*
948 1521 1072 1570 mortuus
1084 1522 1127 1569 est
1140 1533 1148 1570 ε
1159 1516 1230 1572 nulli
1238 1517 1338 1571 dulium
1345 1515 1390 1583 quir

33 1582 80 1634 ‘ta
92 1580 157 1636 θύα·
199 1617 228 1670 in
240 1618 349 1671 interno
362 1616 494 1681 sepultus.

232 1717 281 1768 lo.
295 1714 392 1770 Omnia
408 1728 472 1768 vera
488 1715 601 1781 proheta
620 1718 685 1767 sunt
703 1727 774 1781 quae
792 1726 901 1783 gemma
921 1718 1071 1782 martyrum
1093 1714 1317 1779 Theodoritusin
1332 1724 1387 1768 orna·
1429 1772 1431 1781 ,

199 1821 291 1869 mento
304 1817 374 1884 regis
390 1815 493 1869 aeterni
513 1815 648 1881 relucens,
662 1814 837 1881 imprecando
855 1816 1072 1881 prophetaverat.
1087 1818 1160 1870 llaec
1180 1818 1217 1870 ita
1235 1817 1269 1871 ah
1286 1818 1333 1883 ipso
1345 1824 1386 1881 1111

199 1915 265 1968 caeli
278 1920 304 1967 et
316 1919 405 1968 terrac
417 1919 499 1982 ahpuc
511 1915 611 1968 interni
624 1913 750 1967 ordinata
762 1918 844 1980 sunt;
858 1917 884 1967 et
896 1915 976 1967 sectis
988 1915 1118 1968 omnihus
1138 1917 1305 1970 manifestum
1314 1908 1411 1967 homil

198 2020 238 2069 est
247 2015 482 2079 amboslulianos‚
493 2016 539 2082 qui
548 2018 632 2068 ileum
641 2014 852 2082 abnegaverant,
862 2014 1029 2080 baptismum
1038 2014 1220 2083 violaverant,
1230 2008 1382 2070 serrostihrist‘

198 2114 332 2180 persecuti
345 2113 454 2167 hierant
473 2118 500 2166 et
511 2113 678 2178 occiderant,
692 2125 741 2178 pro
753 2126 802 2166 sua
820 2112 942 2180 nequitia
959 2114 1096 2167 corruisse
1116 2114 1230 2169 ettalus
1247 2114 1331 2169 arom
1342 2122 1381 2164 cuo

198 2211 307 2265 diaholo
320 2211 446 2281 religatos
459 2213 557 2264 teneri.
572 2211 664 2279 igitur,
678 2224 740 2264 oum
758 2211 866 2278 aliquos
883 2210 993 2264 illorum
1011 2215 1130 2265 terreret
1144 2212 1294 2281 exemplum
1304 2205 1377 2264 iniant

199 2316 228 2365 et
238 2310 344 2378 aliquos
357 2311 484 2364 invitaret
496 2312 622 2377 martyris
634 2309 790 2363 theodoriti
804 2311 965 2376 praemium,
978 2309 1056 2363 multi
1066 2310 1101 2364 ad
1110 2311 1272 2378 baptismum
1281 2306 1378 2365 cunct&

59 2404 136 2462 ‘sim
199 2411 258 2463 laus
270 2412 290 2475 ⁶,
303 2414 334 2463 ut
345 2411 510 2476 accipientes
527 2409 715 2463 remissionem
736 2409 859 2462 omnium
882 2414 1055 2474 peccatorum
1077 2411 1228 2479 participes
1244 2398 1402 2471 teuniter!
1428 2412 1431 2417 '

201 2510 350 2573 caelorum,
364 2512 514 2576 pertesum
528 2510 664 2563 christum
677 2508 879 2575 redemptorem
891 2512 919 2563 et
932 2509 1106 2580 salvatorem,
1119 2512 1169 2579 qui
1181 2510 1246 2566 vivit
1255 2502 1374 2577 cirogrilli
1428 2512 1431 2519 '

201 2607 311 2663 soeculo
323 2608 506 2663 saeculorum.
519 2610 614 2663 Amen.

402 3038 562 3130 cxcix,
587 3040 712 3129 Godcx
732 3041 920 3152 signatus
951 3065 1064 3128 num.
1099 3036 1225 3129 3800.

233 3252 303 3303 Olim
316 3252 396 3304 lluuis
407 3251 441 3304 de
453 3253 580 3317 Noailles,
595 3253 723 3306 Franciae
735 3254 895 3307 marescalli.

235 3351 369 3403 loliorum
385 3353 440 3414 llll,
455 3351 526 3403 med.
540 3352 760 3419 (desitutus),
772 3353 907 3406 columnis
919 3354 1002 3417 binis,
1014 3360 1143 3407 exaratus
1155 3368 1227 3409 saec.
1239 3352 1297 3407 lilii.

302 3450 338 3522 t⁰
356 3449 398 3525 ln
417 3450 639 3529 inventione
668 3452 789 3529 sancti
810 3451 994 3553 Stephani
1013 3475 1145 3533 sermo
1167 3451 1268 3533 beati
1294 3448 1380 3573 tugis

352 3575 442 3652 stini
471 3574 520 3653 de
551 3576 748 3654 miraculis
778 3578 899 3656 sancti
918 3579 1219 3679 protomartyris
1246 3571 1383 3675 Stephani

351 3697 427 3793 (fol.
451 3697 616 3797 ssi-sup.

236 3832 272 3882 lix
293 3834 319 3882 S.
341 3831 501 3898 Augustino,
515 3832 558 3883 Dc
578 3830 648 3899 Oto,
663 3832 710 3884 lih.
732 3844 800 3895 111111,
821 3836 919 3899 caph,
942 3847 970 3886 n.
985 3834 1057 3886 ihil
1081 3833 1158 3888 med.
1169 3836 1209 3901 (Ρ.
1231 3838 1271 3897 h..
1288 3826 1395 3887 omiti.
1429 3834 1431 3873 l

203 3943 230 3994 p.
244 3931 380 3984 rddidit...
393 3942 460 3983 rem
472 3934 654 3997 quaerentes
668 3934 765 3987 latere
776 3945 839 3987 nou
849 3932 946 3999 sinit).

301 4029 340 4104 2⁰
358 4029 400 4105 ln
418 4031 684 4131 assumptione
701 4039 854 4110 sanctae
871 4030 1011 4110 Mariae
1028 4054 1169 4113 sermo·
1180 4033 1286 4114 besti
1302 4032 1406 4111 litero

352 4155 457 4254 nymi
477 4155 694 4256 presbyteri
712 4154 887 4255 (tid-65³).

235 4290 262 4340 s.
277 4288 431 4353 llicronpmi
449 4287 533 4353 Epist.
545 4288 571 4351 9,
586 4286 619 4339 ad
639 4288 748 4341 Paulam
767 4293 795 4340 ct
812 4285 997 4353 Eustochium,
1018 4286 1065 4340 cd.
1078 4289 1110 4340 P.
1123 4290 1167 4355 1..‚
1181 4296 1254 4346 tom.
1266 4295 1339 4351 m.
1347 4306 1372 4358 p.
1382 4288 1419 4343 tit

202 4402 262 4453 sqq.
277 4387 379 4439 liesinit
391 4386 419 4438 in
433 4386 474 4439 his
485 4386 577 4440 verhis
599 4400 675 4439 num.
691 4389 740 4439 ld:
758 4398 839 4454 quoe
855 4397 950 4452 super
969 4383 1080 4441 choros
1100 4391 1297 4456 aoyeloracm
1314 4392 1422 4447 eleooto.

200 4485 267 4547 lom
279 4483 459 4537 beatissimo
465 4483 677 4551 praedicator
689 4486 725 4550 (p.
741 4488 789 4539 loti
801 4485 892 4553 cuth).

301 4581 340 4658 3ο
357 4583 440 4660 Vita
457 4583 578 4661 sancti
596 4582 747 4662 Martini
767 4585 939 4687 episcopi
953 4584 1030 4685 (fol.
1048 4584 1233 4693 89'-94').
