3136 5482
259 335 325 401 250
598 351 722 400 caran.
743 350 844 400 cono.
864 350 1039 401 unomen.
1058 350 1136 401 nar.

338 520 377 571 21
390 520 451 583 (al).
488 522 554 571 tium
569 520 609 571 sic
621 524 736 584 orasset,
750 519 830 573 delus
842 535 952 588 quoque
964 521 1161 583 continuasset,

454 619 624 686 Sanguineas
638 619 726 672 undas
738 618 818 673 lletus
831 621 912 673 trabit
924 622 998 673 unda
1012 620 1174 686 profundas.

454 720 590 770 Hactenus
601 718 709 772 auditor
720 719 793 772 videt
807 736 813 772 :
827 727 870 773 est
883 719 1014 772 mirabilis
1026 725 1100 774 actor

453 819 503 883 Qui
516 824 569 872 tam
583 820 703 873 diuersas
717 825 755 874 tot
769 822 832 874 feeit
847 822 975 875 habentia
988 821 1100 875 iorrnas.

454 916 580 971 Gaudens
593 918 639 970 ille
653 919 734 973 trium
747 920 841 973 laudes
854 925 944 972 cantat
957 932 1116 985 puerorum.

457 1016 549 1070 llortis
561 1018 652 1071 vicino
666 1032 767 1072 nomen
781 1019 871 1072 iuerat
884 1021 928 1073 eui
940 1021 1019 1075 Lino.

456 1118 531 1171 Sicut
542 1118 657 1173 dicebat.
672 1127 807 1173 nocturna
818 1120 920 1173 diurna
933 1119 1037 1174 sciebat

456 1218 550 1269 Omnia
563 1220 729 1284 psalmorum
740 1237 748 1284 3
761 1233 813 1273 nec
828 1220 914 1273 lactus
926 1219 1001 1272 visor
1013 1231 1120 1283 eorum,

455 1319 568 1369 Noverat
586 1317 632 1369 ille
645 1322 731 1385 notas,
745 1320 790 1371 eui
803 1325 913 1372 nonest
926 1319 1013 1372 littera
1027 1324 1101 1373 nota.

456 1420 628 1469 Concurrunt
640 1424 745 1485 gentes,
761 1417 892 1472 miracula
904 1423 979 1471 tanta
992 1419 1123 1481 uidentes,

458 1516 666 1582 beposcuntque
679 1517 728 1568 siri
742 1518 838 1570 dextra
852 1518 938 1571 saneti
952 1517 1087 1571 benedici.

453 1613 497 1665 vir
509 1615 579 1680 pius,
592 1615 716 1680 illustris,
730 1623 873 1683 postquam
888 1617 1064 1671 benedixerat
1075 1615 1143 1679 illis,

456 1715 567 1768 Praebet
580 1716 739 1770 mandatum
751 1729 833 1771 caeco
846 1717 988 1783 placabile,
1001 1722 1108 1785 gratum
1123 1733 1128 1767 :

455 1820 542 1869 sanus
554 1814 588 1870 ab
602 1818 718 1870 ecclesia
731 1832 881 1886 numquam
894 1818 1049 1872 diseederet
1060 1818 1132 1884 ipsa.

461 1917 622 1983 Martyribus
634 1917 736 1969 sanctis
749 1917 797 1970 sed
810 1930 919 1983 semper
932 1917 1033 1970 serviat
1046 1916 1109 1969 illis.

456 2013 531 2077 Quod
544 2015 585 2066 vir
598 2014 712 2067 deuotus
724 2015 852 2081 complet,
867 2029 922 2069 non
937 2014 1001 2068 inde
1014 2018 1145 2068 remotus.

457 2116 519 2166 Post
532 2119 647 2165 mortem
659 2115 754 2179 blauri,
768 2128 838 2181 quae
851 2114 880 2167 stt
894 2121 959 2168 tunc
971 2115 1026 2167 vita
1039 2114 1122 2173 beati,

455 2214 574 2266 Clericus
587 2219 627 2266 est
639 2213 711 2267 idem
724 2215 818 2267 senior
830 2217 985 2279 compertus
999 2212 1111 2266 ibidem.

337 2314 381 2365 22
392 2317 453 2379 (27).
489 2317 546 2366 blox
559 2315 611 2366 iter
622 2327 764 2393 aggressus
776 2319 912 2379 coeptum,
926 2318 1001 2378 pater
1014 2311 1078 2365 inde
1090 2324 1251 2379 regressus,

456 2415 605 2480 Hospitium
618 2420 742 2480 penetrat
754 2415 794 2465 vir
806 2417 901 2466 sancto
914 2426 976 2465 cum
988 2424 1070 2480 grege
1079 2412 1159 2478 Juxta

457 2514 604 2567 Ecclesiam
617 2519 727 2567 sanetae
739 2514 879 2582 genitricis
893 2518 919 2566 et
931 2513 1119 2564 intemeratae.

458 2617 555 2666 Sancto
570 2615 727 2680 contiguum
741 2612 830 2666 tenuit
843 2611 1004 2665 muliercula
1017 2616 1128 2671 tectum,

457 2714 531 2774 Quae
544 2713 626 2765 tristis
640 2712 753 2764 miseras
765 2712 876 2777 plorans
888 2709 1015 2763 iterando
1027 2707 1168 2776 querelas,

459 2814 511 2863 Nee
524 2811 685 2877 respirabat,
700 2811 816 2876 suspiria
829 2816 903 2862 tanta
917 2810 1043 2876 novabat,

460 2911 580 2964 Desolata
592 2925 674 2978 super·
685 2911 815 2964 defuncto
826 2911 943 2977 coniuge
955 2922 1051 2975 nuper,

458 3012 606 3063 Euanimen
618 3019 724 3078 gratum
738 3024 821 3077 prope
830 3012 886 3076 jam
899 3010 994 3063 solatia
1007 3015 1104 3061 nalum

461 3110 527 3158 burn
542 3113 623 3167 tenet,
637 3114 663 3160 et
675 3109 783 3160 viduum
797 3109 928 3160 cecinere
942 3113 1044 3160 maeret
1056 3111 1083 3157 et
1096 3106 1206 3159 orbam.

458 3207 594 3272 Exequiae
607 3206 729 3272 duplices
741 3207 845 3260 iaciunt
856 3206 997 3271 duplicare
1008 3206 1128 3261 dolores.

460 3306 485 3355 si
500 3304 567 3356 liunt
580 3306 685 3358 cineres
699 3308 818 3371 conjunx
831 3312 857 3358 et
869 3307 992 3374 conjugis
1005 3306 1093 3357 iteres.

458 3407 524 3457 Ecce
538 3412 681 3458 moventur
693 3407 727 3458 ab
741 3407 782 3458 bis
795 3407 913 3458 lacrimis
927 3408 969 3472 pia
981 3407 1085 3458 viscera
1097 3405 1195 3457 blauri.

458 3507 570 3573 Evigilat
582 3516 701 3574 sanctus,
716 3507 781 3559 tlum
794 3507 921 3559 dormitat
934 3507 1091 3569 cornilatus3

459 3607 613 3673 ingreditur
625 3608 768 3673 templum,
781 3606 891 3659 solitum
904 3605 956 3658 sibi
970 3603 1086 3657 reddere
1099 3608 1209 3656 uotum.

459 3710 524 3758 Cum
539 3708 685 3759 matutinas
694 3708 750 3772 jam
765 3719 819 3757 nox
832 3709 991 3770 properaret
1003 3702 1037 3755 ad
1052 3704 1143 3761 botas,

460 3813 510 3860 Nec
524 3810 621 3861 mulier
632 3809 763 3876 gemitum
776 3808 922 3873 quiequam
937 3805 1085 3857 dimitteret
1098 3803 1190 3859 illurn.

460 3913 565 3961 llaurus
578 3922 640 3960 eum
654 3908 771 3960 lacrimis
783 3908 897 3960 domino
907 3920 936 3958 se
952 3919 1014 3957 cum
1028 3916 1109 3970 prece
1122 3907 1237 3972 stravit,

462 4012 492 4060 lit
507 4010 622 4060 miserae
634 4008 713 4059 rnutri
726 4008 884 4074 dignaretur·
897 4005 1029 4067 misereri,

462 4100 618 4162 incolumen
632 4108 705 4160 dono
723 4108 831 4174 pictatis
846 4103 1017 4157 restituendo

462 4210 601 4261 lnlinnum
613 4210 753 4274 juvenem,
768 4208 896 4259 detuncto
906 4211 982 4270 patre
997 4203 1132 4256 levamen.

461 4308 580 4375 Expletis
592 4309 728 4373 precibus,
742 4306 826 4359 cellae
839 4306 950 4371 vestigia
963 4308 1074 4356 sanctus

460 4412 542 4462 lnl'ert
558 4408 713 4474 prudenter,
729 4420 790 4460 mox
803 4405 893 4457 innuit
906 4405 963 4470 ipse
974 4404 1099 4465 latenter,

461 4514 551 4562 irater
563 4509 719 4573 Simplicius
732 4507 804 4572 quod
818 4510 910 4573 surgat
923 4517 1040 4571 eumque
1052 4510 1199 4569 sequatur.

461 4609 559 4675 Surgit,
575 4615 602 4659 ut
614 4612 751 4672 exspectet
763 4607 804 4657 uit·
817 4609 927 4658 sanctus
940 4603 1005 4671 quid
1018 4603 1069 4656 sibi
1082 4601 1177 4656 vellet.
