3136 5482
242 356 247 363 ·
275 361 367 411 erun.
387 363 470 412 nar.
490 363 606 413 rums.
625 382 671 391 —
686 362 842 412 urrann.
862 362 909 412 ao
925 362 1003 413 oon.
1022 362 1098 414 area.
1237 349 1304 414 313

128 532 165 584 rri
176 532 205 585 in
221 533 388 584 immensum
401 532 564 600 conglobali,
578 530 680 584 indicia
691 531 748 584 veri
761 531 833 596 iacti,
845 530 941 585 dextra
954 532 1085 600 laevaque
1103 534 1204 601 planati
1218 534 1304 589 callis.

128 632 164 682 ,1.
180 633 244 684 Erat
254 636 320 684 tunc
334 631 465 697 temporis
476 632 587 699 quidam
600 635 711 684 senator
723 631 751 683 in
765 631 918 700 Sigisterioo
930 645 1008 700 pago,
1021 633 1133 711 nomine
1145 634 1247 687 celsus.
1258 635 1306 686 liis.

128 727 192 783 liens
210 731 311 782 lamam
333 731 438 796 Donati,
458 730 612 784 stimulatus
633 732 673 783 ira
693 730 761 783 dixit
784 746 790 781 :
819 729 898 783 Vivit
917 731 1027 785 animo
1047 745 1126 800 mea,
1140 732 1307 800 quiaquae

129 828 175 883 dio
187 829 346 898 maleficia
358 832 441 882 sunt.
455 833 486 882 Et
498 830 588 882 missis
601 831 732 883 ministris
740 830 854 897 jubetur
865 830 975 896 adduci,
989 830 1038 884 sed
1052 844 1107 884 non
1119 830 1180 884 sine
1194 832 1304 898 injuria.

128 929 282 983 emintuens
296 929 400 994 celsus,
419 928 554 983 diabolico
576 929 669 983 lurore
689 935 849 996 praereptus
867 931 922 982 ait:
942 931 1026 984 Tune
1045 944 1076 985 es
1096 931 1153 985 ille
1164 931 1304 999 maqious

128 1029 270 1096 upitator,
285 1028 338 1083 cui
349 1042 412 1083 uou
422 1030 524 1083 solum
534 1028 671 1084 homiues
683 1042 791 1083 oerum
803 1029 898 1082 ettam
909 1030 1075 1083 domnonia
1086 1029 1188 1098 subiqi
1196 1029 1302 1085 dicuu-

128 1128 156 1180 ·l
169 1129 260 1194 Cetius
273 1128 459 1182 conditionis
471 1142 513 1197 es,
525 1131 574 1182 vet
594 1129 678 1182 uude
689 1128 749 1182 huc
767 1128 946 1182 advenisti?
961 1129 1112 1196 Respondit
1123 1132 1243 1182 Donatus
1258 1148 1264 1182 ι
1277 1130 1309 1182 Si

128 1227 281 1282 sditionem
290 1229 426 1296 quaem's,
439 1241 460 1281 α
472 1226 657 1283 christianis
663 1228 850 1295 parentibus
860 1231 957 1282 uatus
965 1227 1055 1296 [sum]
1065 1232 1094 1282 et
1106 1243 1127 1283 a
1138 1229 1306 1284 cuuadutis

128 1326 277 1381 titianus.
299 1328 332 1381 Si
352 1328 519 1396 nationem,
542 1327 580 1381 ab
600 1328 782 1382 Aurelianis
802 1326 863 1382 luc
888 1328 1074 1382 adsentatus
1096 1331 1126 1382 el
1152 1327 1309 1383 Christum

130 1426 232 1480 italus.
244 1428 326 1481 Nam
338 1440 432 1495 quam
443 1430 572 1495 reputas
584 1427 748 1495 tropicam,
768 1440 866 1495 aeque
883 1428 956 1482 uoci
966 1440 1064 1496 meque
1073 1428 1146 1483 seio.
1160 1429 1203 1481 lit
1214 1429 1307 1482 celsus

128 1528 229 1580 sistris:
250 1529 384 1582 Eatemo
402 1527 499 1595 virqis
522 1529 624 1582 latera
646 1527 823 1582 tundantur
843 1540 962 1595 amore,
986 1540 1143 1596 quousque
1163 1527 1306 1596 fateatur

128 1625 189 1681 tim
208 1626 481 1695 supertitiouidus
501 1630 660 1696 operatur.
682 1629 805 1695 cumque
825 1628 942 1696 graviter
961 1627 1132 1694 caederetur,
1152 1626 1220 1679 nihil
1233 1627 1306 1680 aliud

128 1727 189 1780 ebat
208 1727 261 1780 nisi
286 1729 381 1789 Deum,
404 1726 515 1781 dicens:
529 1726 657 1781 Domine
676 1727 760 1795 lesu,
781 1727 887 1780 adesto
907 1724 987 1779 milti
996 1725 1167 1794 propitius.
1192 1725 1309 1780 Tuscis

128 1826 162 1879 od
172 1827 297 1879 nuttam
309 1838 459 1893 uniquam
474 1825 574 1880 didici
589 1825 754 1893 maqicam.
768 1826 912 1879 adstantes
929 1824 1041 1891 quidam
1060 1825 1187 1878 dicebant
1199 1839 1206 1876 ε
1221 1823 1309 1878 Nihil

128 1924 138 1975 i
146 1927 174 1978 et
185 1924 305 1979 domiui
316 1925 380 1979 isti.
394 1925 656 1992 Iutustedamuos
674 1925 834 1979 iusoutem.
848 1925 1006 1978 Detestore
1017 1923 1047 1978 ei
1057 1926 1093 1977 ut
1104 1926 1195 1978 eueat
1206 1936 1227 1978 a
1239 1923 1309 1992 ptui-

128 2025 216 2078 ttuis.
230 2028 306 2078 Tunc
318 2024 469 2078 detestatus
481 2033 521 2078 est
533 2026 583 2078 sibi
597 2026 707 2078 exireat
719 2025 787 2077 alias
799 2023 919 2078 conferri
930 2041 938 2090 ς
952 2023 1007 2089 sin,
1021 2022 1208 2090 lapidandum.

274 2123 373 2192 liau[d]
386 2138 465 2178 secus
478 2126 607 2179 eximium
621 2126 721 2193 repulit
733 2125 767 2179 de
780 2125 845 2178 sede
858 2129 1002 2179 Donatum.

127 2225 219 2290 &Qui
232 2236 360 2278 reversus
372 2224 406 2279 ad
428 2225 536 2291 cellam,
558 2227 649 2292 coepit
670 2237 804 2293 quaerere
825 2225 999 2278 secretiorem
1020 2230 1047 2277 et
1059 2224 1186 2279 tutiorem
1200 2224 1306 2290 locum:

128 2327 234 2393 rnitque
247 2338 303 2379 non
316 2326 396 2395 longe
409 2339 423 2378 a
436 2327 514 2388 cella,
525 2339 541 2378 e
553 2326 676 2395 regione,
691 2326 851 2392 speluncam
870 2338 981 2392 paruam
998 2325 1200 2391 densissimam,
1218 2325 1307 2391 prisca

128 2423 256 2489 notiorem,
271 2437 341 2490 quae
352 2424 488 2478 rixunius
510 2424 627 2477 hominis
641 2436 724 2489 capax
743 2425 833 2476 sinum
852 2423 989 2477 occulerat
1006 2427 1105 2477 artum.
1118 2423 1167 2477 lilii
1179 2423 1308 2476 accubuit

128 2524 484 2593 undeuicensimam,
498 2523 554 2592 qui
565 2524 664 2590 Mopsi
675 2522 798 2591 famulo
812 2526 863 2577 tuo
883 2536 971 2576 mare
990 2522 1122 2576 rubrum
1142 2522 1306 2589 aperuisti,

128 2624 255 2690 populus
267 2624 341 2677 tuus
354 2623 512 2677 transiens
524 2623 628 2677 minas
640 2623 783 2677 evaderet
795 2622 1025 2690 aeqyptiorum,
1038 2622 1168 2676 cortcede
1179 2623 1208 2675 et
1226 2620 1308 2674 milti

128 2722 249 2778 terrimo
262 2725 393 2776 autrum
405 2721 459 2776 udi
469 2723 624 2777 occultari
634 2723 755 2791 possim
774 2722 898 2790 iqaotus
920 2721 1020 2777 oculis
1037 2720 1206 2776 homiuum.
1228 2724 1308 2773 Facta

128 2823 196 2877 done
216 2823 390 2877 obdormirit.
413 2826 470 2887 Quo
491 2823 655 2888 dormiente,
676 2830 771 2889 aperta
789 2827 830 2876 est
850 2823 926 2889 rupis
945 2823 973 2875 in
994 2821 1161 2889 protundum
1186 2821 1305 2888 pedibus

128 2923 218 2990 aginta.
230 2924 466 2990 Experreotusque
475 2922 542 2976 vidit
552 2928 614 2975 ante
627 2935 656 2975 se
670 2923 795 2975 antrum·
810 2922 838 2975 in
851 2921 1018 2988 protundum
1030 2937 1038 2984 ;
1049 2924 1075 2974 et
1085 2901 1194 2988 gavisus
1212 2919 1307 2974 laudes
1363 2935 1371 2953 ·

128 3021 189 3075 uino
201 3021 290 3075 solvil.
306 3020 371 3074 lnde
383 3022 534 3074 declinavit
551 3021 584 3074 ad
598 3021 731 3083 sodalem,
750 3023 871 3075 reterens
890 3020 955 3088 quid
974 3020 1104 3073 Dominus
1116 3021 1304 3086 sitoperatus3

128 3119 222 3187 titique
234 3119 433 3173 descendentes
445 3119 621 3186 adoniram,
635 3120 672 3173 ilii
686 3120 838 3174 deliberant
850 3121 1005 3172 stationem.

128 3216 159 3270 ii.
181 3219 338 3272 praedictus
357 3218 483 3284 superius
505 3218 597 3271 celsus
617 3225 682 3271 tunc
702 3219 812 3271 unicam
830 3218 947 3271 hahebat
960 3215 1062 3280 iiliam3
1077 3229 1148 3284 quae
1168 3216 1266 3269 cecidit
1278 3218 1307 3269 in

128 3316 273 3377 imitatem,
294 3318 339 3371 cui
361 3318 437 3370 nulla
458 3323 516 3370 crat
535 3318 648 3370 libertas
669 3316 839 3384 quiescendi.
863 3318 955 3380 llae[o]
976 3315 1077 3382 quilius
1097 3315 1308 3382 potuitindiciis

128 3415 204 3469 ilium
216 3418 342 3483 poposcit
357 3418 462 3470 Donati.
475 3416 552 3482 Quod
564 3416 680 3470 audiens
693 3416 795 3478 Celsus,
817 3416 895 3482 jubet
914 3429 976 3468 eum
995 3415 1096 3483 inquiri
1115 3421 1142 3468 et
1156 3414 1308 3469 honorifico

128 3521 218 3569 'eninm
238 3516 346 3569 adduci.
369 3517 506 3570 Abeuntes
526 3521 617 3569 autem
638 3514 820 3583 quaesitores,
840 3515 992 3568 lustrarunt
1016 3515 1150 3568 montium
1183 3527 1310 3582 quaeque

128 3615 240 3669 articula
250 3616 416 3682 Alpiumque
424 3617 488 3683 iuga
500 3616 646 3669 colliumve
658 3614 780 3668 latibula.
790 3615 941 3682 Exploratis
961 3627 1025 3668 vero
1043 3614 1148 3667 cunctis
1160 3613 1272 3666 latebris
1284 3620 1310 3666 et

128 3726 217 3780 squam
230 3721 348 3782 reperto,
361 3714 438 3768 vacui
451 3717 552 3768 reversi
563 3719 635 3768 sunt.
658 3714 725 3768 inde
745 3714 848 3768 adeunt
868 3715 1023 3779 aruspicum
1041 3726 1074 3766 ac
1094 3713 1236 3778 pnitonum
1250 3726 1312 3779 cap·

128 3814 307 3881 conparium,
326 3815 348 3865 si
370 3813 438 3867 torte
459 3814 614 3879 acciperent
632 3813 744 3881 aliquod
763 3813 894 3867 eremitae
914 3813 1000 3865 sancti
1019 3812 1166 3864 indicium:
1181 3812 1310 3878 aquibus

128 3924 243 3978 pansum
263 3916 428 3978 acceperunt
439 3912 504 3979 quia
519 3914 589 3965 dous
606 3912 666 3965 tulit
685 3925 757 3964 eum.
779 3914 833 3964 lloc
850 3910 966 3964 audiens
978 3910 1081 3972 celsus,
1095 3896 1192 3963 dolore
1208 3913 1311 3962 artatus

128 4022 164 4074 te,
177 4010 286 4076 petebat
297 4011 376 4064 mori.
390 4011 511 4077 inhujus
523 4024 587 4079 ergo
601 4011 665 4063 villa
675 4010 786 4078 quidam
797 4011 916 4063 rusticus
927 4009 1047 4075 perditos
1056 4009 1205 4075 quaerebat
1217 4009 1309 4065 boues.

128 4123 268 4177 reragrans
280 4109 433 4163 vicinorum
445 4111 582 4164 montium
595 4111 688 4175 latura,
702 4111 808 4163 nullum
821 4110 905 4164 boum
919 4109 1022 4162 invenit
1034 4109 1175 4162 indicium.
1189 4107 1309 4161 Tandem

128 4212 159 4264 tia
172 4216 308 4264 transacta
320 4210 366 4264 dio
376 4211 506 4276 appulsus
518 4215 561 4263 ost
571 4211 605 4263 ad
619 4217 729 4265 antrum
741 4212 788 4264 uhi
802 4216 960 4265 sanctorum
973 4215 1030 4262 erat
1047 4208 1248 4263 diverticulum.
1263 4209 1310 4260 llic

128 4312 173 4363 tris
186 4314 312 4376 perstans
324 4312 445 4378 agnoscit
462 4311 554 4377 aliqua
572 4312 690 4363 humana
709 4312 737 4363 in
757 4312 840 4364 lrumo
858 4309 979 4374 vestigia,
996 4315 1022 4361 et
1034 4309 1177 4367 exclamat.
1191 4309 1214 4359 si
1227 4308 1309 4360 homo

128 4424 153 4463 rs
164 4410 324 4472 laboretur,
338 4422 401 4462 cum
413 4422 446 4463 eo
458 4409 669 4476 colloquor-etur.
683 4412 722 4463 td
735 4423 817 4477 quem
829 4410 864 4463 al>
877 4408 951 4461 intus
964 4407 1091 4461 sacerdos
1103 4408 1165 4460 liei:
1180 4407 1307 4461 ddsrrm.

128 4514 177 4575 uit,
190 4509 261 4578 fili,
275 4516 303 4562 et
315 4508 444 4561 indicavit
455 4511 479 4562 ei
492 4510 559 4577 quid
571 4504 726 4577 quaereret.
745 4512 778 4563 At
799 4510 864 4562 ille:
887 4510 1049 4564 Revertere
1066 4506 1192 4560 domum
1207 4523 1213 4558 :
1236 4519 1310 4561 cras

128 4611 218 4668 enies
229 4609 328 4664 boves.
342 4608 464 4661 Credidit
478 4610 559 4663 homo
572 4609 695 4664 auditum
713 4615 741 4663 et
752 4609 827 4668 abiit.
846 4611 927 4663 Facto
939 4620 1020 4661 mane
1038 4607 1142 4662 invenit
1153 4607 1235 4660 boves
1246 4611 1310 4660 ante
