<?xml version="1.0" encoding="UTF-8"?>
<!DOCTYPE html PUBLIC "-//W3C//DTD XHTML 1.0 Transitional//EN"
    "http://www.w3.org/TR/xhtml1/DTD/xhtml1-transitional.dtd">
<html xmlns="http://www.w3.org/1999/xhtml" xml:lang="en" lang="en">
 <head>
  <title>
</title>
<meta http-equiv="Content-Type" content="text/html;charset=utf-8" />
  <meta name='ocr-system' content='tesseract 3.04.00' />
  <meta name='ocr-capabilities' content='ocr_page ocr_carea ocr_par ocr_line ocrx_word'/>
</head>
<body>
  <div class='ocr_page' id='page_1' title='image "./cataloguscodicu01manugoog_0266.png"; bbox 0 0 3136 5482; ppageno 0'>
   <div class='ocr_carea' id='block_1_1' title="bbox 356 347 1179 403">
    <p class='ocr_par' dir='ltr' id='par_1_1' title="bbox 356 347 1179 403">
     <span class='ocr_line' id='line_1_1' title="bbox 356 347 1179 403; baseline -0.006 -1"><span class='ocrx_word' id='word_1_1' title='bbox 356 352 447 402; x_wconf 82' lang='lat' dir='ltr'>BIBL.</span> <span class='ocrx_word' id='word_1_2' title='bbox 468 353 550 403; x_wconf 77' lang='grc' dir='ltr'><strong>ΝΑΤ.</strong></span> <span class='ocrx_word' id='word_1_3' title='bbox 570 352 686 402; x_wconf 67' lang='lat' dir='ltr'><strong><em>sauls.</em></strong></span> <span class='ocrx_word' id='word_1_4' title='bbox 706 372 750 382; x_wconf 92' lang='grc'><strong>-</strong></span> <span class='ocrx_word' id='word_1_5' title='bbox 766 351 922 402; x_wconf 77' lang='grc' dir='ltr'>ΑΡΡΕΝῙ).</span> <span class='ocrx_word' id='word_1_6' title='bbox 942 349 1083 399; x_wconf 75' lang='lat' dir='ltr'><strong><em>alt-con.</em></strong></span> <span class='ocrx_word' id='word_1_7' title='bbox 1104 347 1179 397; x_wconf 77' lang='lat'><strong>3778.</strong></span> 
     </span>
    </p>
   </div>
   <div class='ocr_carea' id='block_1_2' title="bbox 221 520 1198 4664">
    <p class='ocr_par' dir='ltr' id='par_1_2' title="bbox 354 520 996 591">
     <span class='ocr_line' id='line_1_2' title="bbox 354 520 996 591; baseline -0.008 -16"><span class='ocrx_word' id='word_1_8' title='bbox 354 523 399 575; x_wconf 84' lang='lat' dir='ltr'><strong><em>Vir</em></strong></span> <span class='ocrx_word' id='word_1_9' title='bbox 410 523 470 590; x_wconf 86' lang='lat' dir='ltr'><strong><em>pius</em></strong></span> <span class='ocrx_word' id='word_1_10' title='bbox 485 523 599 591; x_wconf 85' lang='lat' dir='ltr'><strong><em>aceedit,</em></strong></span> <span class='ocrx_word' id='word_1_11' title='bbox 613 522 768 576; x_wconf 80' lang='lat' dir='ltr'><strong><em>manifestat</em></strong></span> <span class='ocrx_word' id='word_1_12' title='bbox 779 521 844 589; x_wconf 81' lang='lat' dir='ltr'><em>quid</em></span> <span class='ocrx_word' id='word_1_13' title='bbox 858 520 925 574; x_wconf 81' lang='lat' dir='ltr'><strong><em>vetit</em></strong></span> <span class='ocrx_word' id='word_1_14' title='bbox 936 520 974 571; x_wconf 87' lang='lat' dir='ltr'><em>iiii</em></span> <span class='ocrx_word' id='word_1_15' title='bbox 990 535 996 570; x_wconf 94' lang='lat'>:</span> 
     </span>
    </p>

    <p class='ocr_par' dir='ltr' id='par_1_3' title="bbox 352 618 1198 890">
     <span class='ocr_line' id='line_1_3' title="bbox 352 618 1174 691; baseline -0.007 -13"><span class='ocrx_word' id='word_1_16' title='bbox 352 624 437 677; x_wconf 77' lang='lat' dir='ltr'><strong><em>Meros</em></strong></span> <span class='ocrx_word' id='word_1_17' title='bbox 448 636 517 678; x_wconf 86' lang='lat' dir='ltr'><strong><em>mea</em></strong></span> <span class='ocrx_word' id='word_1_18' title='bbox 530 622 721 691; x_wconf 84' lang='lat' dir='ltr'><strong><em>compatitur</em></strong></span> <span class='ocrx_word' id='word_1_19' title='bbox 732 622 848 676; x_wconf 81' lang='lat' dir='ltr'><strong><em>or&#39;auae</em></strong></span> <span class='ocrx_word' id='word_1_20' title='bbox 859 619 1049 686; x_wconf 78' lang='lat' dir='ltr'><strong><em>siaputtibas</em></strong></span> <span class='ocrx_word' id='word_1_21' title='bbox 1062 618 1174 685; x_wconf 66' lang='lat' dir='ltr'><strong><em>taius,-</em></strong></span> 
     </span>
     <span class='ocr_line' id='line_1_4' title="bbox 356 721 1198 792; baseline -0.006 -14"><span class='ocrx_word' id='word_1_22' title='bbox 356 725 549 792; x_wconf 78' lang='lat' dir='ltr'><strong><em>Quapropter</em></strong></span> <span class='ocrx_word' id='word_1_23' title='bbox 554 736 693 792; x_wconf 84' lang='lat' dir='ltr'><strong><em>puerum</em></strong></span> <span class='ocrx_word' id='word_1_24' title='bbox 704 723 804 776; x_wconf 80' lang='lat' dir='ltr'><strong><em>simut</em></strong></span> <span class='ocrx_word' id='word_1_25' title='bbox 813 722 1001 778; x_wconf 74' lang='lat' dir='ltr'><strong><em>accedamus</em></strong></span> <span class='ocrx_word' id='word_1_26' title='bbox 1012 721 1055 775; x_wconf 83' lang='lat' dir='ltr'><strong><em>ad</em></strong></span> <span class='ocrx_word' id='word_1_27' title='bbox 1068 732 1198 788; x_wconf 76' lang='lat' dir='ltr'><strong><em>aeorum</em></strong></span> 
     </span>
     <span class='ocr_line' id='line_1_5' title="bbox 353 819 1087 890; baseline -0.005 -14"><span class='ocrx_word' id='word_1_28' title='bbox 353 822 462 890; x_wconf 82' lang='lat' dir='ltr'><strong><em>Plena,</em></strong></span> <span class='ocrx_word' id='word_1_29' title='bbox 474 834 596 890; x_wconf 78' lang='lat' dir='ltr'><strong><em>quaeso,</em></strong></span> <span class='ocrx_word' id='word_1_30' title='bbox 610 823 687 890; x_wconf 63' lang='lat' dir='ltr'><strong><em>ptam</em></strong></span> <span class='ocrx_word' id='word_1_31' title='bbox 695 821 814 890; x_wconf 83' lang='lat' dir='ltr'><strong><em>poterit</em></strong></span> <span class='ocrx_word' id='word_1_32' title='bbox 825 819 962 889; x_wconf 79' lang='lat' dir='ltr'><strong><em>sortasse</em></strong></span> <span class='ocrx_word' id='word_1_33' title='bbox 973 819 1087 873; x_wconf 81' lang='lat' dir='ltr'><strong><em>redire.</em></strong></span> 
     </span>
    </p>

    <p class='ocr_par' dir='ltr' id='par_1_4' title="bbox 231 919 1094 1290">
     <span class='ocr_line' id='line_1_6' title="bbox 231 919 1094 989; baseline -0.006 -13"><span class='ocrx_word' id='word_1_34' title='bbox 231 922 279 976; x_wconf 77' lang='lat'><strong><em>28</em></strong></span> <span class='ocrx_word' id='word_1_35' title='bbox 293 924 354 989; x_wconf 71' lang='lat'><strong>(28).</strong></span> <span class='ocrx_word' id='word_1_36' title='bbox 388 924 448 976; x_wconf 85' lang='lat' dir='ltr'><strong><em>iam</em></strong></span> <span class='ocrx_word' id='word_1_37' title='bbox 460 936 529 989; x_wconf 89' lang='lat' dir='ltr'><strong><em>puer</em></strong></span> <span class='ocrx_word' id='word_1_38' title='bbox 541 924 671 976; x_wconf 75' lang='lat' dir='ltr'><strong>extremis</strong></span> <span class='ocrx_word' id='word_1_39' title='bbox 683 919 867 976; x_wconf 87' lang='lat' dir='ltr'><strong><em>moribundus</em></strong></span> <span class='ocrx_word' id='word_1_40' title='bbox 880 919 1002 987; x_wconf 80' lang='lat' dir='ltr'><strong><em>iungitur</em></strong></span> <span class='ocrx_word' id='word_1_41' title='bbox 1011 919 1094 983; x_wconf 85' lang='lat' dir='ltr'><strong><em>boris,</em></strong></span> 
     </span>
     <span class='ocr_line' id='line_1_7' title="bbox 352 1019 1034 1089; baseline -0.003 -15"><span class='ocrx_word' id='word_1_42' title='bbox 352 1023 419 1076; x_wconf 81' lang='lat' dir='ltr'><strong><em>tium</em></strong></span> <span class='ocrx_word' id='word_1_43' title='bbox 428 1025 538 1077; x_wconf 84' lang='lat' dir='ltr'><strong><em>itaurus</em></strong></span> <span class='ocrx_word' id='word_1_44' title='bbox 548 1024 633 1089; x_wconf 87' lang='lat' dir='ltr'><strong><em>venit,</em></strong></span> <span class='ocrx_word' id='word_1_45' title='bbox 647 1023 691 1076; x_wconf 87' lang='lat' dir='ltr'><strong><em>vel</em></strong></span> <span class='ocrx_word' id='word_1_46' title='bbox 704 1020 745 1076; x_wconf 88' lang='lat' dir='ltr'><strong><em>sio</em></strong></span> <span class='ocrx_word' id='word_1_47' title='bbox 757 1035 820 1076; x_wconf 92' lang='lat' dir='ltr'><strong><em>cum</em></strong></span> <span class='ocrx_word' id='word_1_48' title='bbox 833 1022 942 1075; x_wconf 88' lang='lat' dir='ltr'><strong><em>tletibus</em></strong></span> <span class='ocrx_word' id='word_1_49' title='bbox 954 1019 1015 1073; x_wconf 87' lang='lat' dir='ltr'><em>iniit</em></span> <span class='ocrx_word' id='word_1_50' title='bbox 1028 1037 1034 1072; x_wconf 93' lang='lat'>:</span> 
     </span>
     <span class='ocr_line' id='line_1_8' title="bbox 353 1120 1006 1191; baseline -0.003 -15"><span class='ocrx_word' id='word_1_51' title='bbox 353 1122 620 1191; x_wconf 64' lang='lat' dir='ltr'><strong><em>metueremus,</em></strong></span> <span class='ocrx_word' id='word_1_52' title='bbox 633 1122 690 1189; x_wconf 79' lang='lat' dir='ltr'><strong><em>qai</em></strong></span> <span class='ocrx_word' id='word_1_53' title='bbox 701 1121 872 1178; x_wconf 74' lang='lat' dir='ltr'><strong><em>corisolatio</em></strong></span> <span class='ocrx_word' id='word_1_54' title='bbox 884 1120 1006 1176; x_wconf 79' lang='lat' dir='ltr'><strong><em>coactis</em></strong></span> 
     </span>
     <span class='ocr_line' id='line_1_9' title="bbox 352 1220 940 1290; baseline -0.005 -15"><span class='ocrx_word' id='word_1_55' title='bbox 352 1222 392 1275; x_wconf 79' lang='lat' dir='ltr'><strong><em>Er</em></strong></span> <span class='ocrx_word' id='word_1_56' title='bbox 404 1221 563 1290; x_wconf 78' lang='lat' dir='ltr'><strong><em>desolatis,</em></strong></span> <span class='ocrx_word' id='word_1_57' title='bbox 577 1221 693 1276; x_wconf 79' lang='lat' dir='ltr'><strong><em>viauae</em></strong></span> <span class='ocrx_word' id='word_1_58' title='bbox 704 1221 760 1290; x_wconf 81' lang='lat' dir='ltr'><strong><em>qui</em></strong></span> <span class='ocrx_word' id='word_1_59' title='bbox 770 1220 940 1276; x_wconf 70' lang='lat' dir='ltr'><strong><em>restituisti</em></strong></span> 
     </span>
    </p>

    <p class='ocr_par' dir='ltr' id='par_1_5' title="bbox 276 1321 1177 2779">
     <span class='ocr_line' id='line_1_10' title="bbox 276 1321 1107 1389; baseline -0.007 -10"><span class='ocrx_word' id='word_1_60' title='bbox 276 1370 285 1379; x_wconf 89' lang='lat'><em>.</em></span> <span class='ocrx_word' id='word_1_61' title='bbox 354 1321 632 1388; x_wconf 76' lang='lat' dir='ltr'><strong><em>Pilatumjuoeaem</em></strong></span> <span class='ocrx_word' id='word_1_62' title='bbox 639 1321 716 1389; x_wconf 81' lang='lat' dir='ltr'><strong><em>pius</em></strong></span> <span class='ocrx_word' id='word_1_63' title='bbox 728 1323 821 1375; x_wconf 85' lang='lat' dir='ltr'><strong><em>eatra</em></strong></span> <span class='ocrx_word' id='word_1_64' title='bbox 833 1322 1107 1388; x_wconf 71' lang='lat' dir='ltr'><strong><em>manerepormm</em></strong></span> 
     </span>
     <span class='ocr_line' id='line_1_11' title="bbox 352 1411 1113 1489; baseline 0.001 -17"><span class='ocrx_word' id='word_1_65' title='bbox 352 1411 505 1488; x_wconf 74' lang='lat' dir='ltr'><strong><em>supplico,</em></strong></span> <span class='ocrx_word' id='word_1_66' title='bbox 518 1419 701 1489; x_wconf 71' lang='lat' dir='ltr'><strong><em>saceraotem,</em></strong></span> <span class='ocrx_word' id='word_1_67' title='bbox 709 1421 829 1489; x_wconf 82' lang='lat' dir='ltr'><strong><em>pietate</em></strong></span> <span class='ocrx_word' id='word_1_68' title='bbox 840 1420 985 1474; x_wconf 83' lang='lat' dir='ltr'><strong><em>misertus</em></strong></span> <span class='ocrx_word' id='word_1_69' title='bbox 997 1419 1113 1486; x_wconf 78' lang='lat' dir='ltr'><strong><em>eadem,</em></strong></span> 
     </span>
     <span class='ocr_line' id='line_1_12' title="bbox 357 1517 1119 1588; baseline 0 -17"><span class='ocrx_word' id='word_1_70' title='bbox 357 1518 400 1571; x_wconf 75' lang='lat' dir='ltr'><strong><em>Ta</em></strong></span> <span class='ocrx_word' id='word_1_71' title='bbox 411 1519 537 1573; x_wconf 73' lang='lat' dir='ltr'><strong><em>cumeis</em></strong></span> <span class='ocrx_word' id='word_1_72' title='bbox 550 1519 642 1588; x_wconf 67' lang='lat' dir='ltr'><strong><em>mem,</em></strong></span> <span class='ocrx_word' id='word_1_73' title='bbox 654 1519 785 1573; x_wconf 80' lang='lat' dir='ltr'><strong><em>viduam</em></strong></span> <span class='ocrx_word' id='word_1_74' title='bbox 795 1518 965 1572; x_wconf 84' lang='lat' dir='ltr'><strong><em>miseratus</em></strong></span> <span class='ocrx_word' id='word_1_75' title='bbox 979 1517 1119 1572; x_wconf 79' lang='lat' dir='ltr'><strong><em>eaodem.</em></strong></span> 
     </span>
     <span class='ocr_line' id='line_1_13' title="bbox 354 1596 1053 1686; baseline -0.001 -16"><span class='ocrx_word' id='word_1_76' title='bbox 354 1618 402 1682; x_wconf 82' lang='lat' dir='ltr'><strong><em>Qui</em></strong></span> <span class='ocrx_word' id='word_1_77' title='bbox 414 1618 571 1686; x_wconf 79' lang='lat' dir='ltr'><strong><em>geminante</em></strong></span> <span class='ocrx_word' id='word_1_78' title='bbox 584 1618 628 1672; x_wconf 87' lang='lat' dir='ltr'><strong><em>die</em></strong></span> <span class='ocrx_word' id='word_1_79' title='bbox 642 1620 702 1672; x_wconf 93' lang='lat' dir='ltr'><strong><em>sine</em></strong></span> <span class='ocrx_word' id='word_1_80' title='bbox 715 1632 798 1672; x_wconf 88' lang='lat' dir='ltr'><strong><em>sensu</em></strong></span> <span class='ocrx_word' id='word_1_81' title='bbox 813 1619 855 1672; x_wconf 86' lang='lat' dir='ltr'><strong><em>vei</em></strong></span> <span class='ocrx_word' id='word_1_82' title='bbox 868 1619 928 1671; x_wconf 90' lang='lat' dir='ltr'><strong><em>sine</em></strong></span> <span class='ocrx_word' id='word_1_83' title='bbox 939 1629 1010 1670; x_wconf 90' lang='lat' dir='ltr'><strong><em>voce</em></strong></span> <span class='ocrx_word' id='word_1_84' title='bbox 1048 1596 1053 1606; x_wconf 51' lang='lat'>⁸</span> 
     </span>
     <span class='ocr_line' id='line_1_14' title="bbox 355 1718 1128 1786; baseline -0.001 -17"><span class='ocrx_word' id='word_1_85' title='bbox 355 1718 493 1770; x_wconf 77' lang='lat' dir='ltr'><strong><em>Exanimis</em></strong></span> <span class='ocrx_word' id='word_1_86' title='bbox 502 1718 598 1786; x_wconf 82' lang='lat' dir='ltr'><strong><em>jacuit,</em></strong></span> <span class='ocrx_word' id='word_1_87' title='bbox 612 1725 727 1771; x_wconf 90' lang='lat' dir='ltr'><strong><em>matrem</em></strong></span> <span class='ocrx_word' id='word_1_88' title='bbox 739 1718 841 1772; x_wconf 86' lang='lat' dir='ltr'><strong><em>sotatur</em></strong></span> <span class='ocrx_word' id='word_1_89' title='bbox 853 1723 880 1770; x_wconf 89' lang='lat' dir='ltr'><strong><em>et</em></strong></span> <span class='ocrx_word' id='word_1_90' title='bbox 891 1718 980 1784; x_wconf 84' lang='lat' dir='ltr'><strong><em>inquit</em></strong></span> <span class='ocrx_word' id='word_1_91' title='bbox 993 1733 1000 1769; x_wconf 88' lang='lat'>:</span> <span class='ocrx_word' id='word_1_92' title='bbox 1121 1773 1128 1780; x_wconf 63' lang='grc'><strong><em>,</em></strong></span> 
     </span>
     <span class='ocr_line' id='line_1_15' title="bbox 354 1814 1177 1885; baseline -0.002 -17"><span class='ocrx_word' id='word_1_93' title='bbox 354 1816 434 1883; x_wconf 74' lang='lat' dir='ltr'><strong><em>iam,</em></strong></span> <span class='ocrx_word' id='word_1_94' title='bbox 447 1828 532 1885; x_wconf 78' lang='lat' dir='ltr'><strong><em>rapo,</em></strong></span> <span class='ocrx_word' id='word_1_95' title='bbox 545 1817 801 1885; x_wconf 80' lang='lat' dir='ltr'><strong><em>compesce,·jam,</em></strong></span> <span class='ocrx_word' id='word_1_96' title='bbox 816 1819 927 1882; x_wconf 85' lang='lat' dir='ltr'><strong><em>mater,</em></strong></span> <span class='ocrx_word' id='word_1_97' title='bbox 942 1815 1019 1882; x_wconf 64' lang='lat' dir='ltr'><strong><em>itere</em></strong></span> <span class='ocrx_word' id='word_1_98' title='bbox 1029 1814 1151 1882; x_wconf 81' lang='lat' dir='ltr'><strong><em>quiesce</em></strong></span> <span class='ocrx_word' id='word_1_99' title='bbox 1169 1830 1177 1866; x_wconf 88' lang='lat'>:</span> 
     </span>
     <span class='ocr_line' id='line_1_16' title="bbox 356 1914 1120 1984; baseline -0.004 -15"><span class='ocrx_word' id='word_1_100' title='bbox 356 1915 409 1969; x_wconf 80' lang='lat' dir='ltr'><strong><em>b&#39;st</em></strong></span> <span class='ocrx_word' id='word_1_101' title='bbox 420 1914 546 1970; x_wconf 81' lang='lat' dir='ltr'><em>Domini</em></span> <span class='ocrx_word' id='word_1_102' title='bbox 556 1929 665 1970; x_wconf 72' lang='lat' dir='ltr'><strong><em>seratis</em></strong></span> <span class='ocrx_word' id='word_1_103' title='bbox 677 1915 805 1984; x_wconf 80' lang='lat' dir='ltr'><strong><em>quidam</em></strong></span> <span class='ocrx_word' id='word_1_104' title='bbox 817 1917 908 1982; x_wconf 69' lang='lat' dir='ltr'><strong><em>cujas</em></strong></span> <span class='ocrx_word' id='word_1_105' title='bbox 916 1926 1011 1982; x_wconf 83' lang='lat' dir='ltr'><strong><em>prece</em></strong></span> <span class='ocrx_word' id='word_1_106' title='bbox 1021 1927 1120 1968; x_wconf 82' lang='lat' dir='ltr'><strong><em>sanus</em></strong></span> 
     </span>
     <span class='ocr_line' id='line_1_17' title="bbox 355 2011 1131 2083; baseline -0.004 -15"><span class='ocrx_word' id='word_1_107' title='bbox 355 2013 508 2070; x_wconf 76' lang='lat' dir='ltr'><strong><em>Faucibus</em></strong></span> <span class='ocrx_word' id='word_1_108' title='bbox 520 2015 716 2081; x_wconf 78' lang='lat' dir='ltr'><strong><em>internijam</em></strong></span> <span class='ocrx_word' id='word_1_109' title='bbox 727 2029 798 2070; x_wconf 82' lang='lat' dir='ltr'><strong><em>eum</em></strong></span> <span class='ocrx_word' id='word_1_110' title='bbox 804 2016 995 2083; x_wconf 82' lang='lat' dir='ltr'><strong><em>praereptas</em></strong></span> <span class='ocrx_word' id='word_1_111' title='bbox 1006 2011 1131 2067; x_wconf 75' lang='lat' dir='ltr'><strong><em>Aoerm.</em></strong></span> 
     </span>
     <span class='ocr_line' id='line_1_18' title="bbox 355 2108 1032 2182; baseline -0.001 -17"><span class='ocrx_word' id='word_1_112' title='bbox 355 2114 403 2166; x_wconf 80' lang='lat' dir='ltr'><strong><em>cui</em></strong></span> <span class='ocrx_word' id='word_1_113' title='bbox 415 2127 477 2167; x_wconf 85' lang='lat' dir='ltr'><strong><em>cum</em></strong></span> <span class='ocrx_word' id='word_1_114' title='bbox 489 2108 702 2168; x_wconf 82' lang='lat' dir='ltr'><strong><em>dixisset&#39;mater</em></strong></span> <span class='ocrx_word' id='word_1_115' title='bbox 714 2114 788 2182; x_wconf 83' lang='lat' dir='ltr'><strong><em>quod</em></strong></span> <span class='ocrx_word' id='word_1_116' title='bbox 801 2120 912 2168; x_wconf 86' lang='lat' dir='ltr'><strong><em>sanctus</em></strong></span> <span class='ocrx_word' id='word_1_117' title='bbox 923 2113 1032 2166; x_wconf 83' lang='lat' dir='ltr'><strong><em>adesset</em></strong></span> 
     </span>
     <span class='ocr_line' id='line_1_19' title="bbox 357 2213 1056 2282; baseline -0.006 -16"><span class='ocrx_word' id='word_1_118' title='bbox 357 2215 403 2267; x_wconf 90' lang='lat' dir='ltr'><em>iiic</em></span> <span class='ocrx_word' id='word_1_119' title='bbox 414 2214 456 2266; x_wconf 81' lang='lat' dir='ltr'><strong><em>vir</em></strong></span> <span class='ocrx_word' id='word_1_120' title='bbox 468 2215 496 2266; x_wconf 93' lang='lat' dir='ltr'><strong><em>in</em></strong></span> <span class='ocrx_word' id='word_1_121' title='bbox 510 2215 634 2280; x_wconf 86' lang='lat' dir='ltr'><strong><em>ecclesia,</em></strong></span> <span class='ocrx_word' id='word_1_122' title='bbox 648 2215 725 2282; x_wconf 85' lang='lat' dir='ltr'><strong><em>quasi</em></strong></span> <span class='ocrx_word' id='word_1_123' title='bbox 739 2214 777 2267; x_wconf 91' lang='lat' dir='ltr'><strong><em>nil</em></strong></span> <span class='ocrx_word' id='word_1_124' title='bbox 790 2213 959 2266; x_wconf 80' lang='lat' dir='ltr'><em>discriminis</em></span> <span class='ocrx_word' id='word_1_125' title='bbox 972 2213 1056 2265; x_wconf 84' lang='lat' dir='ltr'><em>intrat</em></span> 
     </span>
     <span class='ocr_line' id='line_1_20' title="bbox 357 2302 1069 2382; baseline -0.006 -17"><span class='ocrx_word' id='word_1_126' title='bbox 357 2314 503 2380; x_wconf 78' lang='lat' dir='ltr'><strong><em>Perpessus</em></strong></span> <span class='ocrx_word' id='word_1_127' title='bbox 511 2314 622 2381; x_wconf 83' lang='lat' dir='ltr'><strong><em>juvenis</em></strong></span> <span class='ocrx_word' id='word_1_128' title='bbox 634 2332 641 2380; x_wconf 91' lang='grc'><strong>;</strong></span> <span class='ocrx_word' id='word_1_129' title='bbox 655 2316 702 2381; x_wconf 87' lang='lat' dir='ltr'><strong><em>qui</em></strong></span> <span class='ocrx_word' id='word_1_130' title='bbox 715 2326 797 2382; x_wconf 85' lang='lat' dir='ltr'><strong><em>quem</em></strong></span> <span class='ocrx_word' id='word_1_131' title='bbox 810 2302 866 2367; x_wconf 88' lang='lat' dir='ltr'><strong><em>non</em></strong></span> <span class='ocrx_word' id='word_1_132' title='bbox 878 2311 969 2366; x_wconf 84' lang='lat' dir='ltr'><strong><em>indice</em></strong></span> <span class='ocrx_word' id='word_1_133' title='bbox 984 2311 1069 2370; x_wconf 84' lang='lat' dir='ltr'><strong><em>novit,</em></strong></span> 
     </span>
     <span class='ocr_line' id='line_1_21' title="bbox 354 2410 1021 2480; baseline -0.004 -15"><span class='ocrx_word' id='word_1_134' title='bbox 354 2412 469 2480; x_wconf 74' lang='lat' dir='ltr'><strong><em>ignomt</em></strong></span> <span class='ocrx_word' id='word_1_135' title='bbox 478 2416 612 2477; x_wconf 72' lang='lat' dir='ltr'><strong><em>Maurum,</em></strong></span> <span class='ocrx_word' id='word_1_136' title='bbox 626 2414 668 2466; x_wconf 89' lang='lat' dir='ltr'><strong><em>bis</em></strong></span> <span class='ocrx_word' id='word_1_137' title='bbox 680 2413 770 2467; x_wconf 85' lang='lat' dir='ltr'><strong><em>verbis</em></strong></span> <span class='ocrx_word' id='word_1_138' title='bbox 783 2426 863 2466; x_wconf 88' lang='lat' dir='ltr'><strong><em>orsus</em></strong></span> <span class='ocrx_word' id='word_1_139' title='bbox 875 2410 910 2466; x_wconf 86' lang='lat' dir='ltr'><strong><em>ad</em></strong></span> <span class='ocrx_word' id='word_1_140' title='bbox 922 2412 1000 2465; x_wconf 88' lang='lat' dir='ltr'><strong><em>iilum</em></strong></span> <span class='ocrx_word' id='word_1_141' title='bbox 1014 2425 1021 2461; x_wconf 77' lang='grc' dir='ltr'>ι</span> 
     </span>
     <span class='ocr_line' id='line_1_22' title="bbox 354 2510 1011 2567; baseline -0.002 -3"><span class='ocrx_word' id='word_1_142' title='bbox 354 2511 485 2566; x_wconf 61' lang='lat' dir='ltr'><strong><em>blaterat</em></strong></span> <span class='ocrx_word' id='word_1_143' title='bbox 496 2511 599 2567; x_wconf 70' lang='lat' dir='ltr'><strong><em>tristis</em></strong></span> <span class='ocrx_word' id='word_1_144' title='bbox 610 2513 767 2567; x_wconf 81' lang='lat' dir='ltr'><strong><em>sententia</em></strong></span> <span class='ocrx_word' id='word_1_145' title='bbox 781 2531 789 2567; x_wconf 94' lang='lat'><em>:</em></span> <span class='ocrx_word' id='word_1_146' title='bbox 801 2512 926 2566; x_wconf 82' lang='lat' dir='ltr'><strong><em>deditas</em></strong></span> <span class='ocrx_word' id='word_1_147' title='bbox 939 2510 1011 2563; x_wconf 83' lang='lat' dir='ltr'><strong><em>imis</em></strong></span> 
     </span>
     <span class='ocr_line' id='line_1_23' title="bbox 353 2608 1126 2680; baseline -0.006 -16"><span class='ocrx_word' id='word_1_148' title='bbox 353 2610 424 2664; x_wconf 88' lang='lat' dir='ltr'><strong><em>Jam</em></strong></span> <span class='ocrx_word' id='word_1_149' title='bbox 431 2609 556 2679; x_wconf 72' lang='lat' dir='ltr'><strong><em>sueram</em></strong></span> <span class='ocrx_word' id='word_1_150' title='bbox 563 2613 684 2680; x_wconf 79' lang='lat' dir='ltr'><strong><em>poenis,</em></strong></span> <span class='ocrx_word' id='word_1_151' title='bbox 697 2625 768 2667; x_wconf 83' lang='lat' dir='ltr'><strong><em>cam</em></strong></span> <span class='ocrx_word' id='word_1_152' title='bbox 782 2614 817 2665; x_wconf 83' lang='lat' dir='ltr'><strong><em>ta</em></strong></span> <span class='ocrx_word' id='word_1_153' title='bbox 828 2624 886 2678; x_wconf 87' lang='lat' dir='ltr'><strong><em>me,</em></strong></span> <span class='ocrx_word' id='word_1_154' title='bbox 899 2611 959 2676; x_wconf 85' lang='lat' dir='ltr'><em>vir,</em></span> <span class='ocrx_word' id='word_1_155' title='bbox 972 2608 1126 2664; x_wconf 84' lang='lat' dir='ltr'><strong><em>revocasti</em></strong></span> 
     </span>
     <span class='ocr_line' id='line_1_24' title="bbox 353 2708 1038 2779; baseline -0.004 -16"><span class='ocrx_word' id='word_1_156' title='bbox 353 2708 488 2764; x_wconf 76' lang='lat' dir='ltr'><strong><em>Fletibus</em></strong></span> <span class='ocrx_word' id='word_1_157' title='bbox 498 2711 528 2764; x_wconf 91' lang='lat' dir='ltr'><strong><em>et</em></strong></span> <span class='ocrx_word' id='word_1_158' title='bbox 539 2711 671 2779; x_wconf 83' lang='lat' dir='ltr'><strong><em>meritis,</em></strong></span> <span class='ocrx_word' id='word_1_159' title='bbox 686 2713 716 2764; x_wconf 89' lang='lat' dir='ltr'><strong><em>et</em></strong></span> <span class='ocrx_word' id='word_1_160' title='bbox 728 2711 827 2764; x_wconf 84' lang='lat' dir='ltr'><strong><em>matri</em></strong></span> <span class='ocrx_word' id='word_1_161' title='bbox 838 2708 1038 2765; x_wconf 73' lang='lat' dir='ltr'><em>condoluisti.</em></span> 
     </span>
    </p>

    <p class='ocr_par' dir='ltr' id='par_1_6' title="bbox 354 2808 1146 3075">
     <span class='ocr_line' id='line_1_25' title="bbox 355 2808 988 2877; baseline 0.013 -18"><span class='ocrx_word' id='word_1_162' title='bbox 355 2810 435 2862; x_wconf 81' lang='lat' dir='ltr'><strong><em>Pania</em></strong></span> <span class='ocrx_word' id='word_1_163' title='bbox 446 2808 519 2863; x_wconf 82' lang='lat' dir='ltr'><strong><em>rotat</em></strong></span> <span class='ocrx_word' id='word_1_164' title='bbox 529 2815 613 2864; x_wconf 89' lang='lat' dir='ltr'><strong><em>totam</em></strong></span> <span class='ocrx_word' id='word_1_165' title='bbox 626 2809 688 2863; x_wconf 88' lang='lat' dir='ltr'><strong><em>iacti</em></strong></span> <span class='ocrx_word' id='word_1_166' title='bbox 701 2823 766 2864; x_wconf 89' lang='lat' dir='ltr'><strong><em>mox</em></strong></span> <span class='ocrx_word' id='word_1_167' title='bbox 777 2823 827 2877; x_wconf 90' lang='lat' dir='ltr'><strong><em>per</em></strong></span> <span class='ocrx_word' id='word_1_168' title='bbox 839 2810 988 2877; x_wconf 74' lang='lat' dir='ltr'><strong><em>regionem,</em></strong></span> 
     </span>
     <span class='ocr_line' id='line_1_26' title="bbox 357 2909 1146 2976; baseline 0 -16"><span class='ocrx_word' id='word_1_169' title='bbox 357 2909 574 2976; x_wconf 79' lang='lat' dir='ltr'><strong><em>Praecipitesque</em></strong></span> <span class='ocrx_word' id='word_1_170' title='bbox 586 2915 671 2963; x_wconf 88' lang='lat' dir='ltr'><strong><em>ruunt</em></strong></span> <span class='ocrx_word' id='word_1_171' title='bbox 683 2911 765 2962; x_wconf 86' lang='lat' dir='ltr'><strong><em>simui</em></strong></span> <span class='ocrx_word' id='word_1_172' title='bbox 777 2922 873 2964; x_wconf 87' lang='lat' dir='ltr'><strong><em>omnes</em></strong></span> <span class='ocrx_word' id='word_1_173' title='bbox 886 2911 1146 2970; x_wconf 66' lang='lat' dir='ltr'><strong><em>aeramentorum,</em></strong></span> 
     </span>
     <span class='ocr_line' id='line_1_27' title="bbox 354 3007 1038 3075; baseline 0 -17"><span class='ocrx_word' id='word_1_174' title='bbox 354 3008 407 3072; x_wconf 82' lang='lat' dir='ltr'><strong><em>vir,</em></strong></span> <span class='ocrx_word' id='word_1_175' title='bbox 422 3008 529 3073; x_wconf 86' lang='lat' dir='ltr'><strong><em>mulier,</em></strong></span> <span class='ocrx_word' id='word_1_176' title='bbox 542 3009 635 3074; x_wconf 84' lang='lat' dir='ltr'><strong><em>vidua,</em></strong></span> <span class='ocrx_word' id='word_1_177' title='bbox 648 3010 749 3073; x_wconf 85' lang='lat' dir='ltr'><strong><em>senior,</em></strong></span> <span class='ocrx_word' id='word_1_178' title='bbox 764 3023 832 3074; x_wconf 91' lang='lat' dir='ltr'><strong><em>puer</em></strong></span> <span class='ocrx_word' id='word_1_179' title='bbox 844 3013 926 3075; x_wconf 77' lang='lat' dir='ltr'><strong><em>atque</em></strong></span> <span class='ocrx_word' id='word_1_180' title='bbox 940 3007 1038 3075; x_wconf 88' lang='lat' dir='ltr'><strong><em>puella.</em></strong></span> 
     </span>
    </p>

    <p class='ocr_par' dir='ltr' id='par_1_7' title="bbox 353 3106 1054 3275">
     <span class='ocr_line' id='line_1_28' title="bbox 353 3106 1054 3174; baseline -0.003 -15"><span class='ocrx_word' id='word_1_181' title='bbox 353 3107 400 3160; x_wconf 87' lang='lat' dir='ltr'><em>iiic</em></span> <span class='ocrx_word' id='word_1_182' title='bbox 411 3106 505 3162; x_wconf 69' lang='lat' dir='ltr'><strong><em>buttes</em></strong></span> <span class='ocrx_word' id='word_1_183' title='bbox 519 3109 624 3162; x_wconf 83' lang='lat' dir='ltr'><strong><em>bomini</em></strong></span> <span class='ocrx_word' id='word_1_184' title='bbox 633 3109 689 3174; x_wconf 86' lang='lat' dir='ltr'><strong><em>jam</em></strong></span> <span class='ocrx_word' id='word_1_185' title='bbox 702 3121 784 3161; x_wconf 83' lang='lat' dir='ltr'><strong><em>sexus</em></strong></span> <span class='ocrx_word' id='word_1_186' title='bbox 797 3112 943 3174; x_wconf 84' lang='lat' dir='ltr'><strong><em>concrepat</em></strong></span> <span class='ocrx_word' id='word_1_187' title='bbox 954 3107 1054 3169; x_wconf 85' lang='lat' dir='ltr'><strong><em>omnis,</em></strong></span> 
     </span>
     <span class='ocr_line' id='line_1_29' title="bbox 353 3205 974 3275; baseline 0.002 -19"><span class='ocrx_word' id='word_1_188' title='bbox 353 3205 470 3260; x_wconf 76' lang='lat' dir='ltr'><strong><em>Athletas</em></strong></span> <span class='ocrx_word' id='word_1_189' title='bbox 483 3205 566 3260; x_wconf 81' lang='lat' dir='ltr'><strong><em>fortes</em></strong></span> <span class='ocrx_word' id='word_1_190' title='bbox 578 3208 625 3275; x_wconf 87' lang='lat' dir='ltr'><strong><em>qui</em></strong></span> <span class='ocrx_word' id='word_1_191' title='bbox 638 3207 677 3259; x_wconf 87' lang='lat' dir='ltr'><strong><em>sie</em></strong></span> <span class='ocrx_word' id='word_1_192' title='bbox 690 3207 753 3260; x_wconf 86' lang='lat' dir='ltr'><strong><em>iacit</em></strong></span> <span class='ocrx_word' id='word_1_193' title='bbox 765 3221 825 3260; x_wconf 88' lang='lat' dir='ltr'><strong><em>esse</em></strong></span> <span class='ocrx_word' id='word_1_194' title='bbox 838 3211 974 3274; x_wconf 86' lang='lat' dir='ltr'><strong><em>potentes.</em></strong></span> 
     </span>
    </p>

    <p class='ocr_par' dir='ltr' id='par_1_8' title="bbox 356 3305 959 3374">
     <span class='ocr_line' id='line_1_30' title="bbox 356 3305 959 3374; baseline 0.008 -17"><span class='ocrx_word' id='word_1_195' title='bbox 356 3308 387 3357; x_wconf 85' lang='lat' dir='ltr'><em>itt</em></span> <span class='ocrx_word' id='word_1_196' title='bbox 398 3317 469 3371; x_wconf 89' lang='lat' dir='ltr'><strong><em>reor,</em></strong></span> <span class='ocrx_word' id='word_1_197' title='bbox 482 3305 583 3374; x_wconf 78' lang='lat' dir='ltr'><strong><em>litigius</em></strong></span> <span class='ocrx_word' id='word_1_198' title='bbox 592 3306 701 3373; x_wconf 83' lang='lat' dir='ltr'><strong><em>juvenis</em></strong></span> <span class='ocrx_word' id='word_1_199' title='bbox 714 3319 814 3360; x_wconf 90' lang='lat' dir='ltr'><strong><em>nornen</em></strong></span> <span class='ocrx_word' id='word_1_200' title='bbox 827 3305 879 3359; x_wconf 87' lang='lat' dir='ltr'><strong><em>tuit</em></strong></span> <span class='ocrx_word' id='word_1_201' title='bbox 891 3308 959 3372; x_wconf 77' lang='lat' dir='ltr'><strong><em>ejus.</em></strong></span> 
     </span>
    </p>

    <p class='ocr_par' dir='ltr' id='par_1_9' title="bbox 355 3404 1059 3470">
     <span class='ocr_line' id='line_1_31' title="bbox 355 3404 1059 3470; baseline 0 -13"><span class='ocrx_word' id='word_1_202' title='bbox 355 3404 404 3466; x_wconf 82' lang='lat' dir='ltr'><strong><em>Qui</em></strong></span> <span class='ocrx_word' id='word_1_203' title='bbox 416 3405 552 3470; x_wconf 86' lang='lat' dir='ltr'><strong><em>posthaec</em></strong></span> <span class='ocrx_word' id='word_1_204' title='bbox 564 3407 630 3458; x_wconf 83' lang='lat' dir='ltr'><em>vixit</em></span> <span class='ocrx_word' id='word_1_205' title='bbox 642 3406 727 3459; x_wconf 87' lang='lat' dir='ltr'><strong><em>tactus</em></strong></span> <span class='ocrx_word' id='word_1_206' title='bbox 739 3407 889 3460; x_wconf 79' lang='lat' dir='ltr'><strong><em>monachus</em></strong></span> <span class='ocrx_word' id='word_1_207' title='bbox 901 3404 1059 3459; x_wconf 80' lang='lat' dir='ltr'><strong><em>Lirinensis.</em></strong></span> 
     </span>
    </p>

    <p class='ocr_par' dir='ltr' id='par_1_10' title="bbox 353 3502 1028 3572">
     <span class='ocr_line' id='line_1_32' title="bbox 353 3502 1028 3572; baseline 0.004 -19"><span class='ocrx_word' id='word_1_208' title='bbox 353 3502 397 3554; x_wconf 87' lang='lat' dir='ltr'><strong><em>vir</em></strong></span> <span class='ocrx_word' id='word_1_209' title='bbox 410 3504 515 3565; x_wconf 86' lang='lat' dir='ltr'><strong><em>bomini</em></strong></span> <span class='ocrx_word' id='word_1_210' title='bbox 528 3509 637 3558; x_wconf 86' lang='lat' dir='ltr'><strong><em>itaurus</em></strong></span> <span class='ocrx_word' id='word_1_211' title='bbox 648 3505 792 3559; x_wconf 87' lang='lat' dir='ltr'><strong><em>laudabilis</em></strong></span> <span class='ocrx_word' id='word_1_212' title='bbox 805 3505 869 3559; x_wconf 88' lang='lat' dir='ltr'><strong><em>inde</em></strong></span> <span class='ocrx_word' id='word_1_213' title='bbox 882 3504 1028 3572; x_wconf 83' lang='lat' dir='ltr'><strong><em>proiectus,</em></strong></span> 
     </span>
    </p>

    <p class='ocr_par' dir='ltr' id='par_1_11' title="bbox 353 3604 1055 3670">
     <span class='ocr_line' id='line_1_33' title="bbox 353 3604 1055 3670; baseline 0.001 -16"><span class='ocrx_word' id='word_1_214' title='bbox 353 3604 405 3654; x_wconf 83' lang='lat' dir='ltr'><strong><em>Nec</em></strong></span> <span class='ocrx_word' id='word_1_215' title='bbox 416 3616 537 3670; x_wconf 86' lang='lat' dir='ltr'><strong><em>gressum</em></strong></span> <span class='ocrx_word' id='word_1_216' title='bbox 550 3604 647 3670; x_wconf 87' lang='lat' dir='ltr'><strong><em>tardat,</em></strong></span> <span class='ocrx_word' id='word_1_217' title='bbox 661 3618 816 3658; x_wconf 83' lang='lat' dir='ltr'><strong><em>neccaram</em></strong></span> <span class='ocrx_word' id='word_1_218' title='bbox 830 3604 946 3658; x_wconf 86' lang='lat' dir='ltr'><strong><em>reddere</em></strong></span> <span class='ocrx_word' id='word_1_219' title='bbox 957 3608 1055 3657; x_wconf 90' lang='lat' dir='ltr'><strong><em>cessat.</em></strong></span> 
     </span>
    </p>

    <p class='ocr_par' dir='ltr' id='par_1_12' title="bbox 223 3700 1061 4069">
     <span class='ocr_line' id='line_1_34' title="bbox 223 3700 1025 3772; baseline 0.004 -20"><span class='ocrx_word' id='word_1_220' title='bbox 223 3701 274 3752; x_wconf 78' lang='lat'><strong><em>24</em></strong></span> <span class='ocrx_word' id='word_1_221' title='bbox 285 3703 349 3764; x_wconf 80' lang='lat' dir='ltr'><strong><em>(aa).</em></strong></span> <span class='ocrx_word' id='word_1_222' title='bbox 384 3700 478 3754; x_wconf 81' lang='lat' dir='ltr'><strong><em>Clarus</em></strong></span> <span class='ocrx_word' id='word_1_223' title='bbox 487 3707 514 3756; x_wconf 90' lang='lat' dir='ltr'><strong><em>et</em></strong></span> <span class='ocrx_word' id='word_1_224' title='bbox 526 3704 650 3772; x_wconf 79' lang='lat' dir='ltr'><strong><em>egregius</em></strong></span> <span class='ocrx_word' id='word_1_225' title='bbox 663 3705 739 3757; x_wconf 89' lang='lat' dir='ltr'><strong><em>locus</em></strong></span> <span class='ocrx_word' id='word_1_226' title='bbox 752 3703 940 3757; x_wconf 66' lang='lat' dir='ltr'><strong><em>autisiodorus</em></strong></span> <span class='ocrx_word' id='word_1_227' title='bbox 953 3717 1025 3757; x_wconf 88' lang='lat' dir='ltr'><strong><em>unus</em></strong></span> 
     </span>
     <span class='ocr_line' id='line_1_35' title="bbox 351 3801 1060 3872; baseline 0.003 -20"><span class='ocrx_word' id='word_1_228' title='bbox 351 3801 477 3854; x_wconf 83' lang='lat' dir='ltr'><strong><em>Praebuit</em></strong></span> <span class='ocrx_word' id='word_1_229' title='bbox 488 3802 636 3869; x_wconf 86' lang='lat' dir='ltr'><strong><em>hospitium</em></strong></span> <span class='ocrx_word' id='word_1_230' title='bbox 645 3807 747 3870; x_wconf 75' lang='lat' dir='ltr'><strong><em>Mauro,</em></strong></span> <span class='ocrx_word' id='word_1_231' title='bbox 760 3817 815 3872; x_wconf 87' lang='lat' dir='ltr'><strong><em>quo</em></strong></span> <span class='ocrx_word' id='word_1_232' title='bbox 828 3808 949 3870; x_wconf 88' lang='lat' dir='ltr'><strong><em>tempore</em></strong></span> <span class='ocrx_word' id='word_1_233' title='bbox 961 3804 1060 3856; x_wconf 84' lang='lat' dir='ltr'><strong><em>testum</em></strong></span> 
     </span>
     <span class='ocr_line' id='line_1_36' title="bbox 357 3900 1047 3957; baseline 0.003 -5"><span class='ocrx_word' id='word_1_234' title='bbox 357 3900 525 3954; x_wconf 85' lang='lat' dir='ltr'><strong><em>Praeclarum</em></strong></span> <span class='ocrx_word' id='word_1_235' title='bbox 539 3915 624 3956; x_wconf 82' lang='lat' dir='ltr'><strong><em>cenae</em></strong></span> <span class='ocrx_word' id='word_1_236' title='bbox 639 3904 743 3957; x_wconf 88' lang='lat' dir='ltr'><strong><em>bomini</em></strong></span> <span class='ocrx_word' id='word_1_237' title='bbox 756 3903 911 3956; x_wconf 85' lang='lat' dir='ltr'><strong><em>celebratur</em></strong></span> <span class='ocrx_word' id='word_1_238' title='bbox 923 3915 1047 3957; x_wconf 86' lang='lat' dir='ltr'><strong><em>amoene.</em></strong></span> 
     </span>
     <span class='ocr_line' id='line_1_37' title="bbox 354 4002 1061 4069; baseline 0.003 -18"><span class='ocrx_word' id='word_1_239' title='bbox 354 4002 461 4053; x_wconf 83' lang='lat' dir='ltr'><strong><em>Famam</em></strong></span> <span class='ocrx_word' id='word_1_240' title='bbox 474 4003 589 4055; x_wconf 82' lang='lat' dir='ltr'><strong><em>Romani</em></strong></span> <span class='ocrx_word' id='word_1_241' title='bbox 602 4002 685 4068; x_wconf 88' lang='lat' dir='ltr'><strong><em>patris</em></strong></span> <span class='ocrx_word' id='word_1_242' title='bbox 698 4002 743 4056; x_wconf 89' lang='lat' dir='ltr'><strong><em>bic</em></strong></span> <span class='ocrx_word' id='word_1_243' title='bbox 755 4007 831 4069; x_wconf 86' lang='lat' dir='ltr'><strong><em>pater</em></strong></span> <span class='ocrx_word' id='word_1_244' title='bbox 844 4003 963 4068; x_wconf 89' lang='lat' dir='ltr'><strong><em>optimus</em></strong></span> <span class='ocrx_word' id='word_1_245' title='bbox 975 4002 1061 4060; x_wconf 82' lang='lat' dir='ltr'><strong><em>audit,</em></strong></span> 
     </span>
    </p>

    <p class='ocr_par' dir='ltr' id='par_1_13' title="bbox 352 4099 1059 4466">
     <span class='ocr_line' id='line_1_38' title="bbox 353 4099 970 4167; baseline 0.003 -16"><span class='ocrx_word' id='word_1_246' title='bbox 353 4099 403 4162; x_wconf 80' lang='lat' dir='ltr'><strong><em>Qui</em></strong></span> <span class='ocrx_word' id='word_1_247' title='bbox 416 4099 467 4152; x_wconf 87' lang='lat' dir='ltr'><strong><em>tuit</em></strong></span> <span class='ocrx_word' id='word_1_248' title='bbox 479 4100 587 4167; x_wconf 81' lang='lat' dir='ltr'><strong><em>adjutor</em></strong></span> <span class='ocrx_word' id='word_1_249' title='bbox 599 4103 706 4156; x_wconf 84' lang='lat' dir='ltr'><strong><em>bomini</em></strong></span> <span class='ocrx_word' id='word_1_250' title='bbox 719 4114 782 4156; x_wconf 89' lang='lat' dir='ltr'><strong><em>caro</em></strong></span> <span class='ocrx_word' id='word_1_251' title='bbox 796 4101 941 4156; x_wconf 83' lang='lat' dir='ltr'><strong><em>benedicto</em></strong></span> <span class='ocrx_word' id='word_1_252' title='bbox 951 4105 970 4153; x_wconf 84' lang='lat'><strong><em>&#39;.</em></strong></span> 
     </span>
     <span class='ocr_line' id='line_1_39' title="bbox 353 4198 1059 4269; baseline 0.007 -21"><span class='ocrx_word' id='word_1_253' title='bbox 353 4198 479 4251; x_wconf 84' lang='lat' dir='ltr'><strong><em>Tramitis</em></strong></span> <span class='ocrx_word' id='word_1_254' title='bbox 491 4212 554 4253; x_wconf 84' lang='lat' dir='ltr'><strong><em>eece</em></strong></span> <span class='ocrx_word' id='word_1_255' title='bbox 566 4200 665 4254; x_wconf 84' lang='lat' dir='ltr'><strong><em>ducem</em></strong></span> <span class='ocrx_word' id='word_1_256' title='bbox 677 4207 762 4269; x_wconf 83' lang='lat' dir='ltr'><strong><em>rogat,</em></strong></span> <span class='ocrx_word' id='word_1_257' title='bbox 775 4206 806 4253; x_wconf 92' lang='lat' dir='ltr'><strong><em>ut</em></strong></span> <span class='ocrx_word' id='word_1_258' title='bbox 820 4201 935 4254; x_wconf 85' lang='lat' dir='ltr'><strong><em>divertat</em></strong></span> <span class='ocrx_word' id='word_1_259' title='bbox 947 4201 1059 4254; x_wconf 89' lang='lat' dir='ltr'><strong><em>ibidem.</em></strong></span> 
     </span>
     <span class='ocr_line' id='line_1_40' title="bbox 354 4297 961 4364; baseline 0.003 -15"><span class='ocrx_word' id='word_1_260' title='bbox 354 4297 439 4350; x_wconf 84' lang='lat' dir='ltr'><strong><em>ilicet</em></strong></span> <span class='ocrx_word' id='word_1_261' title='bbox 452 4299 552 4364; x_wconf 84' lang='lat' dir='ltr'><strong><em>paseha</em></strong></span> <span class='ocrx_word' id='word_1_262' title='bbox 564 4300 616 4352; x_wconf 87' lang='lat' dir='ltr'><strong><em>coli</em></strong></span> <span class='ocrx_word' id='word_1_263' title='bbox 629 4300 686 4352; x_wconf 83' lang='lat' dir='ltr'><strong><em>vuit</em></strong></span> <span class='ocrx_word' id='word_1_264' title='bbox 698 4306 725 4352; x_wconf 90' lang='lat' dir='ltr'><strong><em>et</em></strong></span> <span class='ocrx_word' id='word_1_265' title='bbox 737 4300 911 4353; x_wconf 83' lang='lat' dir='ltr'><strong><em>sermonibus</em></strong></span> <span class='ocrx_word' id='word_1_266' title='bbox 923 4300 961 4352; x_wconf 90' lang='lat' dir='ltr'><strong><em>uti</em></strong></span> 
     </span>
     <span class='ocr_line' id='line_1_41' title="bbox 352 4397 954 4466; baseline -0.002 -17"><span class='ocrx_word' id='word_1_267' title='bbox 352 4397 478 4463; x_wconf 86' lang='lat' dir='ltr'><strong><em>Romani,</em></strong></span> <span class='ocrx_word' id='word_1_268' title='bbox 492 4398 579 4450; x_wconf 86' lang='lat' dir='ltr'><strong><em>sancti</em></strong></span> <span class='ocrx_word' id='word_1_269' title='bbox 592 4399 699 4451; x_wconf 90' lang='lat' dir='ltr'><strong><em>comitis</em></strong></span> <span class='ocrx_word' id='word_1_270' title='bbox 712 4399 796 4466; x_wconf 89' lang='lat' dir='ltr'><strong><em>patris</em></strong></span> <span class='ocrx_word' id='word_1_271' title='bbox 809 4399 954 4452; x_wconf 83' lang='lat' dir='ltr'><strong><em>Benedicti.</em></strong></span> 
     </span>
    </p>

    <p class='ocr_par' dir='ltr' id='par_1_14' title="bbox 221 4495 1041 4580">
     <span class='ocr_line' id='line_1_42' title="bbox 221 4495 1041 4580; baseline 0.001 -31"><span class='ocrx_word' id='word_1_272' title='bbox 221 4496 271 4549; x_wconf 75' lang='lat'><strong><em>25</em></strong></span> <span class='ocrx_word' id='word_1_273' title='bbox 280 4495 343 4560; x_wconf 75' lang='lat'>(50).</span> <span class='ocrx_word' id='word_1_274' title='bbox 381 4496 466 4548; x_wconf 87' lang='lat' dir='ltr'><strong><em>itauri</em></strong></span> <span class='ocrx_word' id='word_1_275' title='bbox 478 4495 604 4580; x_wconf 79' lang='lat' dir='ltr'><strong><em>ductores</em></strong></span> <span class='ocrx_word' id='word_1_276' title='bbox 616 4498 755 4564; x_wconf 84' lang='lat' dir='ltr'><strong><em>complent</em></strong></span> <span class='ocrx_word' id='word_1_277' title='bbox 766 4510 816 4550; x_wconf 91' lang='lat' dir='ltr'><strong><em>sua</em></strong></span> <span class='ocrx_word' id='word_1_278' title='bbox 825 4499 901 4564; x_wconf 87' lang='lat' dir='ltr'><strong><em>jussa</em></strong></span> <span class='ocrx_word' id='word_1_279' title='bbox 913 4497 1041 4551; x_wconf 84' lang='lat' dir='ltr'><strong><em>libenter.</em></strong></span> 
     </span>
    </p>

    <p class='ocr_par' dir='ltr' id='par_1_15' title="bbox 351 4593 927 4664">
     <span class='ocr_line' id='line_1_43' title="bbox 351 4593 927 4664; baseline 0.009 -18"><span class='ocrx_word' id='word_1_280' title='bbox 351 4593 508 4648; x_wconf 66' lang='lat' dir='ltr'><strong><em>adveniunt</em></strong></span> <span class='ocrx_word' id='word_1_281' title='bbox 519 4595 609 4659; x_wconf 88' lang='lat' dir='ltr'><strong><em>citius,</em></strong></span> <span class='ocrx_word' id='word_1_282' title='bbox 622 4594 720 4651; x_wconf 84' lang='lat' dir='ltr'><strong><em>devote</em></strong></span> <span class='ocrx_word' id='word_1_283' title='bbox 729 4597 927 4664; x_wconf 87' lang='lat' dir='ltr'><strong><em>suscipiuntur.</em></strong></span> 
     </span>
    </p>
   </div>
   <div class='ocr_carea' id='block_1_3' title="bbox 0 0 1581 5482">
    <p class='ocr_par' dir='ltr' id='par_1_16' title="bbox 0 0 1581 5482">
     <span class='ocr_line' id='line_1_44' title="bbox 0 0 1581 5482; baseline 0 0"><span class='ocrx_word' id='word_1_284' title='bbox 0 0 1581 5482; x_wconf 95' lang='lat' dir='ltr'><strong><em> </em></strong></span> 
     </span>
    </p>
   </div>
  </div>
 </body>
</html>
