3136 5482
330 354 423 405 amc.
441 355 526 408 nar.
544 356 662 410 esum.
679 376 726 388 -
741 356 895 407 cernuo.
914 355 963 406 nu
979 352 1057 404 ooo.
1076 349 1151 402 teet.
1291 338 1354 403 581

125 524 264 578 recedunt
284 524 348 577 inde
367 525 502 590 videntes,
525 527 600 580 surdi
622 527 777 589 audientes,
796 524 886 580 claudi
908 524 1090 590 ambulantes,
1109 523 1208 590 leprosi
1224 524 1357 594 mundati,

125 623 266 691 paralytici
279 623 375 689 curati,
388 628 416 676 et
427 625 594 692 quicumque
606 639 668 679 cum
681 625 785 694 integra
804 624 857 678 ilde
874 629 1055 689 accesserant,
1075 635 1123 688 spe
1140 618 1279 688 petitionis
1292 635 1357 675 suae

126 734 181 775 non
194 721 406 774 revertebantur
416 724 504 776 vacui.

156 821 205 873 11.
219 821 271 873 Sed
283 820 330 872 ubi
344 833 373 873 se
385 821 479 874 vident
490 822 690 874 commilitones
701 821 799 874 Christi
817 821 851 873 ad
872 824 974 872 tantam
994 819 1184 873 necessitatem
1196 817 1355 886 constringi,

126 919 225 973 trdent
239 907 375 972 desiderio
388 919 520 988 fugiendi.
532 923 594 974 Erat
605 922 706 988 quippe
717 921 793 974 locus
804 918 876 972 baud
886 919 999 971 multum
1010 931 1025 971 a
1036 918 1200 972 monasterio
1213 918 1356 984 sepositus,

126 1021 172 1075 scd
185 1021 310 1074 marinae
322 1020 517 1088 profunditatis
532 1022 618 1075 refluo
630 1023 735 1090 gurgite
747 1019 913 1073 interclusus
922 1024 948 1072 et
956 1018 1060 1084 absque
1069 1018 1175 1085 navigio
1188 1017 1265 1071 nullo
1274 1016 1355 1070 modo

126 1119 288 1174 naturaliter
300 1119 453 1174 adeundus.
467 1121 507 1174 ltd
520 1134 602 1188 quem
615 1120 705 1174 taedio
716 1132 814 1173 exosae
827 1118 1002 1171 habitationis
1013 1118 1085 1171 viam
1095 1115 1260 1170 invaduntet
1269 1129 1357 1183 usque

126 1218 155 1271 td
168 1219 237 1273 litus
249 1219 380 1285 praedicti
400 1221 519 1289 gurgitis,
535 1221 707 1287 perveniunt.
730 1218 800 1285 Quid
819 1219 952 1284 iacerent,
970 1231 1033 1271 cum
1046 1217 1122 1270 nulia
1136 1217 1221 1281 navis,
1232 1216 1309 1270 nulla
1322 1218 1356 1269 sit

126 1319 240 1372 'arcultas
252 1319 468 1373 transfretandi?
480 1321 569 1373 flexis
580 1320 696 1389 genibus
708 1325 735 1372 et
755 1324 865 1372 extento
877 1318 960 1372 corde
978 1317 1097 1370 fundunt
1110 1317 1247 1369 orationes
1267 1316 1356 1368 Salva·

127 1420 185 1473 ori.
209 1419 314 1482 Quibus
333 1432 348 1470 a
370 1418 481 1485 pulvere
499 1420 685 1487 surgentibus,
708 1422 830 1486 llosayco
851 1424 929 1484 tropo
952 1417 1011 1483 ipsa
1031 1429 1101 1482 aqua
1119 1428 1148 1469 se
1161 1415 1261 1468 scindit
1273 1419 1355 1482 atque

127 1518 227 1571 unctis
239 1516 389 1571 viatoribus
401 1519 503 1571 siceum
516 1521 568 1571 iter
579 1532 630 1585 per
643 1517 763 1571 medium
782 1516 893 1583 pandit;
912 1516 960 1570 sed
978 1516 1025 1569 ubi
1037 1516 1072 1568 ab
1083 1515 1167 1568 altera
1180 1515 1239 1581 ripa
1252 1520 1352 1568 terram

127 1619 246 1684 ¹apiunt,
268 1595 342 1683 ipsae
362 1617 453 1671 undae
473 1619 626 1670 naturalem
648 1631 757 1670 cursum
780 1621 935 1682 repetentes
960 1615 1041 1667 simul
1060 1615 1184 1667 veniunt.
1207 1614 1309 1667 Deinde
1320 1614 1355 1667 ad

127 1731 213 1771 ocum
227 1730 309 1783 quem
322 1717 543 1770 desideraverant
561 1717 749 1781 adventantes,
771 1716 930 1769 omnimodo
951 1715 1029 1768 illum
1047 1715 1188 1781 reperiunt
1204 1714 1354 1782 gratiosum

127 1821 232 1870 tracter
252 1817 405 1883 penuriam,
423 1831 540 1883 quarum
562 1818 655 1870 nullus
674 1822 713 1870 est
731 1816 792 1870 fons
813 1817 856 1869 vel
878 1817 981 1870 rivulus
1002 1815 1098 1874 dulcis,
1112 1826 1255 1881 aquarum.
1268 1816 1353 1866 'tanta

127 1918 205 1984 gitur
217 1918 379 1970 necessitate
392 1917 535 1984 compulsi,
549 1917 582 1970 ad
595 1923 726 1970 consueta
747 1928 822 1969 arma
840 1919 994 1979 recurrunt,
1013 1920 1040 1968 et
1057 1914 1212 1968 orationum
1221 1912 1312 1980 jacula
1325 1913 1353 1965 in

127 2016 229 2069 aclum
240 2020 361 2076 ruentes,
373 2015 501 2069 facillime
511 2017 658 2083 impetrant
671 2029 804 2083 aquarum
814 2015 916 2068 fontem
927 2015 977 2081 qui
991 2013 1109 2066 lacrimis
1119 2013 1175 2064 suis
1184 2013 1273 2079 rigant
1281 2012 1354 2064 cnri-
1393 2038 1395 2042 =

127 2120 193 2176 tum
207 2114 237 2166 in
250 2115 336 2166 Patris
348 2114 459 2167 dextera
471 2115 622 2168 sedentem.

152 2211 204 2262 12.
217 2196 310 2264 Sancti
323 2212 415 2278 itaque
426 2212 487 2277 viri,
509 2210 635 2265 delectati
658 2212 709 2265 loci
728 2211 919 2264 commoditate
931 2217 958 2263 et
969 2210 1089 2263 solitaria
1103 2208 1350 2275 inaccessibilitate,

128 2323 209 2364 rauco
219 2310 276 2376 jam
288 2315 411 2377 tempore
422 2310 457 2364 ab
478 2312 580 2378 impetu
593 2312 776 2365 tumultuosae
796 2311 884 2377 plebis
905 2316 1056 2375 cessantes,
1075 2323 1132 2362 non
1145 2309 1272 2362 otiositati
1285 2315 1352 2361 tem·

128 2421 172 2461 rus
184 2407 299 2473 dedere,
314 2409 361 2461 sed
374 2422 532 2474 corpoream
544 2410 627 2462 vitam
639 2416 793 2463 sustentant
806 2410 900 2462 labore
912 2422 1043 2462 mannum
1057 2413 1084 2461 et
1097 2408 1208 2474 spiritus
1226 2407 1353 2461 reficiunt

128 2507 280 2561 aelestium
300 2507 448 2562 dulcedine
471 2509 623 2575 epularum.
646 2512 742 2562 Noctes
763 2509 867 2563 ducunt
887 2510 915 2561 in
936 2508 1035 2561 divinis
1051 2506 1179 2561 laudibus
1202 2512 1229 2560 et
1251 2507 1351 2559 diesin

128 2608 221 2661 auctis
234 2608 371 2673 operibus.
395 2609 520 2662 Fundani
541 2611 739 2663 monasterium
760 2615 786 2663 et
805 2610 1018 2676 circumquaque
1035 2606 1185 2660 consimilis
1197 2608 1267 2660 vitae
1278 2606 1351 2659 viros

128 2707 293 2775 nvestigant‚
306 2720 376 2774 quos
389 2709 513 2761 caelestis
524 2709 674 2762 Jerusalem
687 2710 759 2762 cives
772 2708 1029 2775 eiilciant31amque
1041 2708 1125 2774 magis
1143 2707 1284 2775 magisque
1296 2710 1350 2758 stu·

128 2807 186 2860 lent
199 2807 305 2861 animas
318 2807 352 2860 ab
364 2808 504 2860 erroribus
516 2821 643 2862 revocare
653 2822 735 2875 quam
748 2808 875 2875 languida
895 2807 1018 2861 membra
1036 2807 1206 2861 infirmorum
1219 2807 1248 2859 in
1260 2818 1354 2871 corpo·

128 2919 181 2958 eas
204 2906 277 2959 vires
297 2907 450 2959 restituere.
472 2907 598 2959 Succedit
619 2920 683 2975 ergo
704 2914 814 2960 sanctae
835 2907 975 2973 cupiditati
988 2911 1111 2971 eventus,
1125 2911 1151 2959 et
1163 2910 1237 2958 tanta
1250 2903 1352 2957 ibidem

128 3005 219 3058 :rescit
231 3006 427 3058 monachorum
449 3006 593 3059 multitudo
614 3012 644 3059 ut
657 3008 811 3060 necessaria
825 3007 860 3058 sit
869 3006 1002 3059 ambobus
1015 3005 1187 3059 subditorum
1200 3004 1330 3071 praelatio
1343 3021 1350 3070 ;

129 3105 203 3172 etqui
218 3110 335 3157 eotenus
356 3104 459 3171 absque
481 3111 593 3171 paterna
613 3105 782 3171 praelatione
803 3107 940 3170 vixerunt,
958 3107 1013 3172 jam
1032 3104 1204 3157 subditorum
1218 3103 1352 3156 electione

129 3208 249 3257 ruentes
269 3202 346 3257 flunt.
371 3202 489 3257 facundi
512 3206 541 3257 in
562 3218 699 3270 sermone,
721 3204 832 3274 gloriosi
854 3206 882 3256 in
898 3217 991 3271 opere,
1006 3204 1124 3257 bumiles
1136 3205 1164 3255 in
1175 3203 1351 3269 praelatione,

129 3303 214 3356 >mnia
227 3304 356 3356 omnibus
369 3302 431 3356 facti
445 3308 509 3356 sunt
522 3309 551 3356 ut
562 3317 659 3357 omnes
671 3304 863 3358 lucrifacerent
875 3309 901 3357 ct
913 3312 943 3356 ut
954 3317 1017 3357 vere
1031 3304 1148 3357 debeant
1159 3302 1212 3356 dici
1232 3301 1352 3355 bdelium

129 3414 264 3455 vervorum
278 3403 358 3468 servi,
369 3404 448 3470 quasi
461 3402 533 3456 duae
545 3408 640 3470 portae
652 3405 791 3458 constituti
804 3408 869 3456 sunt
882 3403 1010 3470 paradisi.

158 3502 210 3555 ta.
224 3502 288 3566 Quis
301 3515 432 3569 umquam
445 3504 594 3556 monachus
605 3504 714 3557 audiret
725 3517 820 3557 eorum
834 3505 1082 3568 conversationem,
1098 3508 1125 3556 et
1144 3515 1200 3557 non
1213 3507 1353 3569 expeteret

129 3601 357 3654 familiaritatem?
370 3604 400 3654 ln
412 3607 518 3654 tantum
530 3601 632 3670 quippe
646 3603 856 3656 abundaverunt
868 3605 937 3656 vitae
950 3611 977 3656 et
989 3603 1128 3656 doetrinae
1140 3602 1249 3655 illorum
1262 3615 1352 3655 exem·

129 3702 169 3768 pla
181 3708 212 3753 ut
221 3715 254 3754 ex
266 3702 395 3755 omnibus
406 3702 547 3755 coenobiis
564 3703 636 3755 circa
658 3703 719 3755 illos
740 3704 861 3770 undique
880 3701 1044 3756 constructis
1055 3703 1178 3755 certatim
1191 3700 1353 3755 advenirent

129 3801 199 3856 etde
211 3803 259 3855 iila
271 3805 349 3870 quasi
363 3804 497 3870 primitiva
509 3810 666 3858 senatorum
682 3806 761 3858 turba
781 3805 893 3857 abbates
914 3805 965 3857 sibi
988 3805 1131 3872 eligerent.
1150 3805 1177 3856 Si
1190 3802 1353 3870 pontificalis

129 3910 234 3970 pastore
245 3911 337 3973 egeret
351 3904 435 3969 locus,
450 3904 513 3958 inde
526 3905 667 3970 petebatur
680 3907 831 3972 episcopus.
852 3904 966 3959 tiedolet
987 3907 1057 3957 fama
1076 3906 1217 3963 virtutum,
1240 3910 1354 3957 currunt

130 4016 223 4057 omnes
234 4003 269 4057 ad
281 4004 373 4057 odoris
385 4003 625 4058 delectamentum.
640 4005 716 4058 Unde
729 4007 757 4057 in
769 4005 888 4057 canticis
901 4006 1093 4058 canticorum:
1109 4005 1147 4057 In
1161 4004 1285 4057 odorem
1298 4017 1353 4056 un·

130 4105 312 4169 pacatorum
321 4104 448 4156 tuorum
456 4103 626 4169 currimus,
637 4103 893 4158 adulescentulae
901 4103 1084 4157 dilexerunt
1094 4107 1121 4156 te
1130 4103 1236 4156 irionis.
1246 4102 1356 4155 tdutes

130 4200 253 4254 centulae
264 4175 366 4268 quippe
387 4201 508 4254 fidelium
526 4209 590 4254 sunt
611 4203 728 4265 animae,
750 4216 820 4268 quae
843 4204 1001 4256 imitatrices
1019 4208 1175 4256 sanctorum
1189 4206 1307 4267 patrum,
1321 4203 1368 4255 ab·

130 4314 223 4354 eorum
236 4299 368 4367 exemplis
380 4301 492 4353 trabunt
500 4307 641 4367 unguenta
653 4302 788 4355 bonorum
801 4315 924 4368 operum.
937 4305 1021 4354 Tanta
1031 4303 1111 4370 igitur
1122 4302 1217 4354 messis
1229 4301 1356 4367 supernis

130 4398 263 4452 imbribus
275 4398 383 4467 irrigata
396 4400 473 4465 plura
486 4401 618 4453 construit
631 4402 804 4465 monasteria,
816 4401 933 4467 plurima
946 4401 1075 4453 artunavit
1092 4400 1287 4453 coenobiorum
1301 4401 1354 4454 col·

130 4502 207 4568 legia.
226 4501 279 4553 Sed
291 4501 360 4553 sicut
378 4507 456 4553 erant
477 4501 572 4553 fratres
592 4502 702 4566 uterini,
717 4502 753 4554 ita
775 4501 956 4555 decreverunt
976 4502 1067 4555 omnia
1080 4501 1189 4553 illorum
1201 4501 1357 4555 communia

130 4601 234 4654 baberi.
250 4599 327 4652 Unde
341 4601 421 4652 etiam
434 4600 525 4666 aliqua
538 4600 608 4667 loca,
622 4614 691 4666 quae
708 4601 735 4651 in
749 4614 815 4666 pace
825 4601 959 4654 Ecclesiae
972 4601 1005 4653 ab
1021 4599 1074 4651 illis
1086 4599 1227 4653 aedificata
1237 4607 1311 4661 sunt,
1323 4601 1358 4654 dc
