3136 5482
226 346 322 395 BIBL.
342 346 424 396 Nn'u.
443 346 560 397 Pnlcls.
579 366 625 376 -
640 347 794 397 APPuNb.
814 348 861 397 Ab
878 347 959 397 col).
979 343 1054 394 2627.

254 516 378 569 Nascitur
390 516 418 568 ln
432 514 536 570 mundo
549 528 678 582 processu
693 516 834 583 sanguinis
848 516 913 580 alto,

325 616 518 683 ememusque
531 629 620 671 rosam
634 616 716 669 mittit
727 616 902 671 odoriferam.

254 715 373 768 caelitus
384 720 514 769 attactum
526 716 640 771 llaiolus
652 717 717 770 binc
730 716 801 784 rapit
813 716 901 776 illum,

322 822 550 890 Descendensoue
564 824 621 877 suis
635 823 757 890 implicat
769 822 875 878 oiilciis.

255 922 327 985 Quos
339 921 376 975 lbi
389 935 472 989 quam
485 922 577 989 plures
591 922 700 990 collegit
712 924 914 977 commilitones

316 1022 463 1091 subsigno
476 1020 550 1086 ildei,
564 1022 662 1088 plenus
676 1035 769 1076 amore
785 1023 843 1087 bei,

254 1119 386 1172 decubuit
397 1133 478 1174 uerus
489 1120 555 1174 dum
568 1119 774 1173 circumciditur
785 1135 883 1188 agnus.

434 1221 566 1274 thrnus
577 1221 616 1273 de
626 1221 733 1273 eodem
744 1224 849 1286 patre.

117 1320 160 1373 sd
174 1325 201 1373 te
213 1332 344 1387 namque,
359 1322 395 1372 ml
408 1318 523 1381 dilecte,

91 1431 181 1484 nunc,
194 1419 311 1473 Almane
322 1419 483 1484 clarissime,

86 1530 173 1585 rogor
185 1517 329 1583 planctum
341 1516 502 1572 describere

89 1619 139 1685 qui
153 1623 180 1671 ie
193 1622 301 1687 pungat
313 1618 431 1672 assidue.

122 1817 162 1869 Te
173 1815 310 1870 Andream
322 1815 466 1868 consaluto

88 1921 117 1968 et
129 1917 182 1969 boe
195 1929 305 1970 carmen
319 1916 396 1970 robis
408 1915 494 1976 mitto,

95 2027 169 2080 quos
177 2015 274 2082 agnoui
287 2027 352 2081 prae
363 2012 493 2067 omnibus

88 2116 134 2168 liis
147 2114 262 2169 mulceri
276 2113 430 2168 doloribus.

124 2314 182 2373 Eia,
195 2311 304 2378 iratres,
317 2313 476 2377 convenite,

89 2404 246 2457 alternatim
259 2408 286 2456 ei
299 2402 391 2469 lugete

90 2504 238 2557 [idiloncm
253 2502 357 2555 mundo
373 2508 491 2568 raptum,

88 2619 221 2674 magnum
234 2606 333 2674 pignus
345 2607 372 2657 et
384 2604 533 2671 proprium.

125 2790 213 2842 verba
226 2794 324 2841 sonent
336 2789 489 2851 lacrimosa,

87 2898 146 2950 alta
159 2885 290 2964 plangant
304 2897 431 2962 suspiria,

89 2996 224 3064 lugubres
235 2982 291 3048 sint
302 2995 439 3048 anhelitus

87 3104 176 3163 atque
188 3095 318 3162 profundi
330 3094 455 3160 gemitus

126 3294 200 3348 solis
211 3292 344 3359 splendor
352 3291 525 3355 obscuratur,

94 3398 181 3450 lunae
198 3393 286 3460 pallor
297 3392 428 3459 variatur,

93 3496 235 3548 astrorum
248 3492 338 3559 fragor
349 3494 509 3545 murmurat.

93 3599 123 3647 et
135 3593 205 3648 caeli
219 3591 301 3644 cardo
314 3591 421 3645 titubat.

130 3792 234 3844 Terra·
246 3801 322 3842 mare
333 3794 539 3843 commoventur

97 3891 169 3944 dum
180 3904 196 3943 a
209 3902 292 3943 carne
304 3894 446 3954 separatur

94 3989 189 4054 Odilo,
202 4001 267 4054 spes
278 3985 410 4051 laetitiae,

95 4103 231 4159 magnum
242 4088 330 4141 decus
342 4091 370 4139 et
380 4086 490 4154 gloriae.

128 4289 215 4354 Cujus
229 4297 294 4338 cara
306 4286 315 4303 ¹
329 4280 514 4348 pulchritudo,

93 4390 176 4456 cnjus
187 4384 284 4451 ampla
296 4380 464 4450 magnitudo,

12 4492 15 4505 '
95 4488 274 4543 intellectum
285 4485 441 4548 exsuperat,

93 4580 340 4649 sennonemmue]
352 4579 487 4634 debilitat.

763 1322 820 1374 ileu
833 1334 916 1387 quam
928 1322 1018 1387 grauis
1030 1321 1164 1386 condicio,

732 1421 785 1474 beu
797 1432 879 1488 quarn
894 1426 998 1476 maesta
1015 1422 1174 1487 corruptio!

733 1521 822 1574 brevis
835 1521 906 1575 ritae
915 1520 1073 1586 jucunditas

732 1619 797 1686 quid
811 1619 862 1671 nisi
878 1618 959 1672 fallax
970 1621 1098 1673 vanitas?

766 1817 833 1868 Cum
846 1822 972 1883 speratur
984 1816 1065 1883 pleno
1077 1828 1162 1869 cornu

735 1913 869 1979 possideri
882 1914 995 1982 diutius,

735 2012 874 2066 evanescit
883 2013 999 2066 celerius

735 2115 762 2162 et
774 2110 875 2178 decipit
888 2112 1037 2165 crudelius.

765 2310 786 2360 0
797 2309 918 2364 uirorum
930 2307 1099 2373 dulcissime,

733 2413 809 2473 pater
820 2412 929 2474 patrum
941 2407 1121 2467 sanctissime,

730 2505 786 2569 jam
798 2504 827 2556 in
839 2503 996 2573 magmate]
1008 2505 1103 2572 requie

735 2603 809 2655 viras
820 2615 948 2669 supremo
962 2603 1076 2656 lumine.

765 2786 859 2838 Vultus
871 2786 930 2852 ipse
942 2792 1103 2839 mansuetus

732 2885 909 2953 corporisque
921 2891 1008 2939 status
1020 2887 1028 2905 ⁶
1040 2891 1132 2954 gratus
1146 2904 1153 2951 ;

735 2985 789 3038 tuis
800 2999 896 3040 omnes
908 2987 1035 3040 suavibus

736 3086 860 3151 rapiebas
871 3085 1024 3141 affectibus.

769 3283 853 3348 llujus
865 3281 960 3335 mundi
974 3288 1000 3334 te
1013 3287 1148 3347 potentes,

738 3391 823 3447 reges,
833 3380 918 3433 duces
930 3385 959 3432 et
970 3378 1122 3445 praesules.
1145 3430 1150 3442 ,

738 3481 764 3528 et
775 3475 872 3529 melles
885 3482 911 3529 et
923 3477 1040 3538 nobiles,

737 3578 881 3631 coluerunt
893 3583 920 3630 et
932 3589 1076 3644 pauperes.

771 3780 835 3843 Quis
848 3790 904 3831 non
917 3777 998 3831 vellet
1010 3775 1137 3829 odilonis

742 3881 842 3945 pertrui
855 3880 1016 3935 beneflciis?

739 3980 817 4044 eujus
835 3981 939 4034 vultum
952 3981 1065 4046 expetiit

740 4078 866 4143 quisquis
876 4078 952 4131 adire
967 4078 1064 4144 potuit.

774 4280 794 4329 0
807 4289 889 4344 quam
901 4288 991 4330 sermo
1004 4279 1066 4328 tuus
1078 4273 1176 4337 dulcis,

741 4390 758 4460 q
770 4390 852 4443 quam
865 4382 964 4441 rectus,
974 4374 1102 4438 blandus,
1112 4373 1199 4426 lenis!

744 4477 808 4530 binc
820 4478 941 4530 terrebas
953 4475 1104 4539 malivolos,

746 4579 809 4631 binc
821 4584 849 4631 et
857 4578 1018 4644 m[u]leebas
1031 4577 1175 4643 benignos.

1197 328 1259 392 147

1311 4284 1320 4299 ’
1331 4281 1421 4335 lectio

1315 4345 1421 4401 dubia.
