3136 5482
278 341 371 391 mnu
390 341 471 390 nur.
489 340 607 391 ranis.
627 360 672 371 —
688 339 840 391 trenno.
862 341 909 390 au
926 340 1003 389 con.
1022 339 1083 391 ero.
1254 323 1298 388 25

112 514 177 561 torum
193 508 370 561 murmurum
383 508 505 576 Eugendi
526 516 553 563 et
566 508 672 562 Claudii
685 513 694 530 ·
706 510 864 564 oblaturum
888 510 994 576 pondus
1015 521 1094 564 cerae
1107 507 1136 560 iu
1147 508 1299 574 quantitate
1353 507 1436 586 ὀοιίἶ

110 606 200 671 erpone
215 605 313 659 infirmi
333 606 375 660 uel
396 608 526 661 valorem.
541 609 638 661 Statim
661 614 724 662 voto
745 609 824 674 laeto,
839 621 918 676 puer,
936 609 984 676 qui
1003 621 1061 663 non
1074 606 1230 662 comederat
1247 619 1298 659 nec
1343 573 1447 627 cmm·

109 704 235 771 dieratper
244 704 371 758 undecim
382 704 452 773 dies,
462 706 532 759 dixit
554 706 631 759 tratri
654 720 704 761 suo
727 723 733 760 :
756 709 877 775 Frater,
897 708 1024 760 nullum
1045 707 1166 761 molum
1183 703 1296 770 liabeo,-

107 803 160 870 quod
170 802 332 857 certificatum
345 803 396 857 tuit
407 805 475 870 patri
489 818 549 859 suo.
562 806 611 869 Qui
623 807 714 858 statim
733 807 781 858 ivit
792 806 826 859 ud
840 808 969 859 Sanctum
983 805 1143 874 ungendum
1161 820 1225 859 cum
1242 804 1298 857 lilio

10 916 12 948 t
80 901 240 967 septimius
259 903 321 955 aliis
340 902 393 956 tide
414 904 514 971 dignis,
536 905 656 958 reddens
668 911 761 981 votum
782 911 809 958 et
828 906 997 959 oblationem
1012 906 1175 971 promissam
1187 903 1298 957 sanctis

10 1026 12 1047 2
107 1000 262 1054 dnotiaudio
272 1002 400 1067 episcopo
412 1007 440 1055 et
450 1003 602 1056 confessori
615 1005 633 1068 ·,
649 1003 747 1068 jurans
759 1009 836 1070 pater
847 1010 873 1057 et
885 1003 1024 1057 affirmans
1037 1017 1120 1070 super
1132 1003 1218 1056 altare
1229 1004 1294 1056 bea·
1353 1007 1360 1022 ·
1373 1001 1437 1056 eod.

107 1098 178 1150 tutori
187 1100 293 1165 claudii,
306 1100 335 1152 in
351 1103 504 1166 praesentia
517 1102 636 1169 plurium
650 1103 850 1170 religiosorum,
864 1101 1029 1156 clericorum
1048 1101 1231 1166 misicorum,
1245 1102 1296 1153 hoc
1319 1069 1486 1123 ⁰⁰¹¹s⁰⁸⁸⁰¹⁰·

106 1195 169 1250 luisse
177 1204 307 1263 resumet
318 1198 417 1252 asserit
425 1213 488 1253 esse
498 1200 686 1254 manifestum.
696 1204 774 1255 duno
784 1200 893 1255 llomini
904 1201 1056 1255 mieccc⁰rl⁰
1066 1214 1161 1254 mense
1178 1200 1295 1268 augusti.

175 1298 345 1350 mviii.
362 1299 410 1350 De
427 1299 571 1364 quadem
588 1301 723 1353 muliere
739 1313 836 1353 mauu
853 1299 1044 1352 infirmitate
1063 1298 1199 1363 privato

66 1395 92 1448 to
177 1407 227 1459 per
242 1398 375 1448 beatum
386 1397 555 1451 claudium
572 1397 711 1452 sanitati
727 1398 884 1452 restituto
897 1416 905 1451 c
916 1399 1002 1463 quod
1018 1397 1200 1452 testimonio

368 1495 516 1549 officialis
541 1498 767 1562 Lugdunensis
783 1499 1000 1562 approbatur.

129 1591 171 1644 lior
180 1593 330 1646 miraculum
341 1593 501 1647 adverbum
513 1594 680 1661 descriptum
692 1601 734 1649 est
744 1597 810 1650 Act.
822 1597 879 1663 ἃᾶ,
893 1601 958 1649 tom.
971 1597 1027 1661 eit,
1038 1611 1066 1662 p.
1079 1597 1138 1661 659,
1152 1610 1180 1648 n.
1193 1598 1210 1648 t
1222 1595 1296 1648 med.

103 1689 279 1751 dilicioereie
295 1691 411 1747 cmii
428 1693 575 1761 fidelibus
590 1722 599 1731 ·
617 1695 732 1749 Datum
748 1695 896 1762 chpduni
911 1695 962 1748 die
972 1695 1083 1762 primo
1098 1694 1213 1748 inermis
1234 1706 1298 1761 sep·

104 1785 288 1846 tenturam
299 1791 426 1846 Domini
436 1782 542 1847 MCCC
550 1794 656 1860 XLll).

58 1886 87 1937 15
224 1891 816 1956 xxxix.nequodam·ooemouiaoo
827 1892 966 1946 sonitui
977 1892 1139 1945 restituto.
1353 1887 1439 1966 jcod.

131 1983 323 2051 dunpemussio
335 1989 485 2054 corporalis
503 2003 703 2056 nonnunquam
720 2005 753 2042 ex
772 1989 872 2043 delicto
892 1992 1043 2057 proveniat,
1057 1990 1166 2043 dicente
1184 1954 1437 2076 Dominosffltffl’
1448 1955 1479 2007 ‘t

10 2122 12 2131 .
105 2080 294 2153 buqddoquem
306 2093 468 2140 sanavemt:
488 2088 570 2142 Vade
588 2090 619 2141 et
638 2089 777 2156 amplius
797 2089 865 2143 noli
880 2101 1022 2156 peceare,
1035 2102 1074 2141 oe
1086 2088 1142 2141 libi
1161 2087 1299 2142 deterius
1302 2086 1426 2164 passim
1435 2096 1495 2152 pro

105 2177 203 2245 aliquid
211 2185 377 2253 continpal,
390 2186 496 2246 occulto
509 2187 555 2239 liei
566 2185 669 2252 judicio
682 2187 780 2239 accidit
791 2186 865 2253 quod
877 2186 989 2254 quidam
1003 2188 1152 2239 monachus
1164 2187 1296 2239 ecclesiae
1336 2152 1457 2219 ‘mmm‘

104 2275 278 2349 Mdsslpendi
292 2283 378 2337 butus
390 2290 431 2337 est
451 2285 581 2338 luriosus.
601 2287 632 2338 Et
651 2299 714 2338 cum
734 2299 750 2338 a
768 2286 877 2339 diabolo
897 2288 1065 2338 incessanter
1080 2290 1233 2349 vexaretur,
1247 2297 1318 2337 neci

56 2374 93 2429 1)
107 2386 154 2440 ope
163 2378 310 2435 medicorum
323 2382 375 2435 sibi
387 2388 480 2448 posset
491 2383 621 2436 auxilium
633 2384 769 2450 praeberi,
782 2384 817 2437 de
829 2386 944 2437 consilio
957 2384 1092 2437 bonorum
1104 2385 1225 2437 uirorum
1236 2388 1300 2436 autc

106 2483 187 2537 eorpus
195 2477 258 2532 beati
269 2480 374 2533 claudii
387 2486 428 2534 est
440 2481 582 2545 adductus,
597 2483 672 2535 olibi
694 2483 728 2535 ab
747 2483 904 2536 hominibus
921 2483 1131 2550 circumligatus.
1145 2482 1194 2546 Qui
1207 2481 1301 2548 paulu·

104 2571 157 2623 lum
165 2573 248 2630 itidem
259 2579 446 2645 requiescens,
459 2580 586 2645 precibus
606 2580 678 2633 beati
697 2581 746 2633 viri
767 2580 960 2642 mediantibus,
974 2583 1002 2633 iu
1022 2581 1203 2647 plurimorum
1225 2593 1301 2647 prac-

106 2673 179 2726 seutla
188 2688 200 2727 a
209 2679 258 2732 leo
270 2679 411 2732 restitutus
423 2686 463 2732 cst
476 2681 593 2732 sanitati.

165 2825 169 2834 .
225 2779 289 2832 ΣΙ..
301 2781 350 2831 lie
366 2792 464 2843 puero
476 2779 576 2831 rnobd
595 2793 676 2832 suae
686 2781 885 2844 depraedato
904 2784 939 2833 et
957 2781 1155 2846 postmodum

56 2869 93 2921 ἦ
476 2879 638 2931 abeodem
654 2880 728 2943 lupo
743 2878 904 2931 restituto.

136 2968 215 3025 Accidit
225 2980 313 3029 autern
325 2975 400 3042 quod
411 2975 546 3042 quaedam
560 2976 659 3029 mulier
670 2978 845 3043 paupercula,
859 2977 961 3030 caduco
974 2979 1101 3030 laborans
1118 2977 1302 3034 incommodo.

107 3062 138 3116 dd
148 3070 266 3126 emesan
277 3075 349 3128 beati
361 3073 465 3128 claudii
479 3076 572 3128 uenire
593 3075 761 3141 disponeret,
774 3076 904 3128 auxilium
926 3081 1039 3128 amatre
1057 3077 1164 3128 llomini
1176 3081 1203 3129 et
1223 3077 1303 3129 beato

108 3161 197 3221 claudo
205 3173 259 3238 ejus
270 3173 372 3227 lamulo
384 3175 549 3240 quaesitura.
563 3174 712 3241 Assumptis
722 3175 813 3240 itaque
821 3188 914 3227 secum
924 3175 1031 3228 duobus
1043 3176 1175 3240 puerulis,
1186 3187 1302 3242 quorum

108 3273 166 3315 wll
173 3271 296 3332 pendebat
311 3271 346 3325 ad
358 3273 419 3338 ejus
430 3273 525 3338 ubera,
539 3273 607 3325 alter
618 3286 684 3326 vero
695 3286 790 3340 gressu
802 3273 887 3326 debili
899 3275 993 3325 matris
1004 3275 1115 3340 uestigia
1128 3274 1303 3339 sequebatur.

10 3432 13 3449 ι
54 3360 91 3415 3⁰
105 3359 150 3414 Μ
162 3372 318 3438 prosequitur
336 3370 512 3425 destinatum.
535 3372 667 3425 inclinato
688 3378 780 3424 autem
802 3374 859 3439 jam
871 3371 917 3424 die
939 3373 1013 3425 uenit
1040 3371 1075 3424 ad
1096 3373 1195 3425 ostium
1216 3371 1304 3424 dictae

106 3459 225 3536 &ditium
237 3475 264 3523 et
281 3471 465 3537 compulsans,
480 3483 562 3523 nemo
578 3470 728 3537 respondit.
742 3470 810 3523 lude
823 3469 956 3523 recedens
968 3471 1014 3522 illa
1032 3471 1132 3523 mulier
1144 3470 1172 3523 iu
1191 3483 1304 3523 nemore

10 3572 12 3631 ξ
105 3569 246 3637 penteone,
258 3581 341 3635 porro
357 3581 421 3622 casu
443 3569 554 3622 iortuito
575 3568 666 3622 locum
688 3570 818 3635 repperit,
838 3583 920 3635 quem
939 3568 973 3622 de
995 3570 1082 3635 sopito
1101 3569 1194 3621 cinere
1213 3569 1304 3637 ignem

104 3657 267 3731 emendem,
276 3682 341 3721 cum
350 3667 457 3722 duobus
469 3669 593 3735 puerulis
602 3670 640 3722 ibi
649 3671 757 3722 mansit.
768 3668 952 3722 llediaautem
963 3672 1042 3721 noete
1052 3669 1132 3734 lupus
1141 3667 1249 3721 aduenit
1261 3685 1268 3733 ;
1278 3674 1306 3719 et

102 3765 298 3820 mundiores
319 3780 374 3820 una
394 3773 470 3833 parte
489 3766 608 3832 sederet,
628 3767 747 3820 crudelis
766 3768 853 3820 bestia
875 3769 903 3819 in
924 3742 977 3819 alia
998 3767 1146 3820 recubavit.
1169 3769 1226 3831 Quo
1246 3767 1304 3819 viso

10 3874 13 3931 ᾗ
53 3853 89 3911 Ι
101 3856 182 3914 muter
195 3864 273 3918 tronti
293 3878 360 3921 suae
378 3867 486 3934 signum
504 3867 594 3919 crucis
615 3867 786 3933 imprimens,
800 3879 830 3919 se
850 3871 879 3919 et
897 3879 999 3932 pueros
1019 3879 1083 3920 suos
1104 3868 1158 3919 lieo
1171 3870 1198 3919 et
1209 3865 1305 3918 beatam

10 3956 15 4033 l
98 3957 179 4014 leriae
189 3964 280 4032 uirgini
290 3977 323 4018 ac
332 3966 411 4018 beato
420 3965 532 4019 claudio
541 3965 714 4019 devotissime
724 3965 933 4018 commendavit.
944 3966 1050 4017 interea
1060 3966 1247 4033 energumiom
1257 3979 1304 4017 sua

10 4054 15 4089 l
94 4055 385 4129 biadtiulirmitas301
401 4061 466 4116 dum
479 4063 614 4129 palpitans
626 4076 725 4129 corpus
745 4064 880 4122 exanime.
894 4063 984 4129 lupus,
997 4063 1072 4116 uelut
1091 4064 1113 4115 si
1126 4076 1160 4116 err
1172 4062 1303 4115 industria

10 4144 12 4179 ¹
91 4163 249 4226 expectasset,
262 4163 400 4214 minorem
413 4175 528 4227 puerum
540 4160 686 4228 praedatus
695 4162 806 4230 aumgit.
820 4165 1003 4215 evanescente
1011 4166 1102 4215 autem
1115 4168 1190 4228 poste
1201 4163 1299 4220 morbi,

86 4255 184 4323 mulier,
195 4261 271 4327 quasi
284 4273 432 4328 resurgens
444 4273 459 4314 a
472 4261 595 4321 mortuis,
609 4262 680 4313 inter
700 4261 810 4313 brachia
822 4261 929 4327 quaerit
948 4261 1113 4314 infantulum
1125 4273 1208 4328 quem
1221 4262 1302 4326 paulo

39 4361 68 4417 Ι)
80 4360 140 4413 aute
149 4363 342 4413 tenueratetse
352 4371 409 4412 nou
418 4359 485 4411 alias
494 4357 629 4412 dimisisse
640 4359 751 4412 sciebat.
760 4360 880 4412 Liberari
890 4373 919 4413 se
927 4359 1027 4428 gaudet
1037 4360 1136 4412 mulier
1145 4358 1180 4412 de
1187 4359 1283 4413 dolore
1295 4379 1302 4424 3

75 4456 124 4515 sed
133 4458 197 4512 lriuc
208 4456 287 4513 dolor
298 4458 359 4512 iere
371 4456 509 4511 crudelior
520 4457 651 4521 succedit,
665 4459 729 4525 quia
742 4460 873 4525 majorem
888 4457 975 4512 tilium
984 4459 1131 4512 consulens
1144 4456 1179 4535 de
1192 4459 1303 4519 nunori,

72 4556 410 4614 relerentummiserabile
420 4569 532 4622 prorsus
540 4557 657 4625 agnovit.
666 4556 735 4622 Quid
744 4557 845 4611 iaceret
855 4558 953 4610 misera
961 4557 1141 4621 muliertpuo
1149 4570 1179 4610 se
1186 4560 1305 4610 uerteret
