3136 5482
180 345 246 412 454
527 358 652 411 cirin.
672 359 773 411 oona
793 358 968 420 almona.
986 359 1068 410 aar.

179 530 322 585 modale
333 528 508 596 Domtnum,
521 540 626 582 omnes
644 528 699 596 qni
718 527 845 595 adestis,
863 527 954 594 cuites
964 528 1139 598 mirificum
1150 541 1230 598 opas
1241 530 1379 585 innecte·

179 643 254 685 nere
259 630 399 698 potestis.
413 630 488 684 Eece
498 641 601 682 meam
607 630 768 696 pristinae
778 628 913 684 sanitati
924 630 1084 686 redditam
1092 630 1380 700 estbraebiaaapaod

179 744 232 785 vos
244 742 348 784 menes
355 727 566 796 prosperitatis
581 729 683 796 ponto
704 731 778 782 ante
794 742 816 782 a
835 742 884 783 me
903 728 1004 797 inisse
1021 728 1195 785 divulsum.
1218 731 1260 785 lit
1277 730 1377 784 madan

180 828 363 896 praesentium
374 827 503 891 accessio,
514 826 583 879 scire
593 827 761 892 cupientium
774 827 962 894 proculdubio
977 831 1072 882 utrum
1084 841 1114 882 re
1126 827 1270 883 videbatur
1279 828 1376 896 quotus

181 926 380 979 sticnscunctis
389 925 598 978 ammirantibus
607 923 945 991 effabatur3ctinventum
955 932 997 981 est
1006 928 1042 980 ita
1051 933 1083 980 ut
1091 928 1150 994 ipse
1160 922 1394 996 dixeratagn'cola;l

182 1039 232 1079 nec
246 1032 304 1079 erat
324 1024 403 1078 alicui
424 1038 456 1078 cx
477 1025 715 1078 circumstantibus
736 1030 791 1078 tam
812 1026 1017 1093 perspicacibus
1039 1026 1127 1080 oculis
1148 1026 1288 1081 intendere
1300 1023 1374 1094 mon

180 1125 262 1194 lo[co]
272 1124 413 1178 brachium
425 1129 497 1177 essct
508 1126 615 1191 corpori
624 1126 750 1191 junctum
759 1124 833 1191 quod
842 1125 877 1178 ab
886 1125 946 1192 ipso
954 1125 1043 1179 iuerat
1051 1128 1217 1194 sejunctum.
1226 1130 1372 1180 iunconott

181 1227 228 1296 qui
237 1226 351 1278 aderant
362 1225 561 1290 omnipotentis
570 1225 737 1278 unanimiter
745 1225 933 1279 collaudavere
942 1225 1089 1294 magnalia,
1098 1226 1148 1293 qui
1158 1226 1234 1281 solos
1241 1224 1373 1280 mirantem

181 1332 279 1394 potens
290 1329 333 1377 cst
344 1324 373 1376 iu
386 1321 462 1378 caclo
475 1329 501 1377 et
512 1324 541 1377 ln
553 1330 635 1377 terra.

182 1533 234 1591 De
248 1529 403 1590 diversis
431 1532 614 1590 consulum
639 1531 826 1592 sententiis
851 1546 916 1604 pro
942 1533 1060 1594 sancti
1073 1546 1224 1607 corpore
1243 1535 1280 1595 et
1292 1540 1399 1604 snpalt

220 1632 286 1689 boc
299 1631 395 1689 iacto
410 1629 507 1689 senis
521 1628 804 1703 interrogatione
813 1632 936 1704 eteius
950 1632 1193 1707 responsione,
1209 1635 1245 1695 et
1256 1635 1372 1694 duom

222 1730 405 1788 consulum
418 1728 601 1789 nmstrata
613 1728 810 1801 inceptione
824 1732 861 1791 et
870 1730 971 1791 tertii
981 1744 1061 1792 cnm
1071 1731 1247 1794 miraculo
1257 1729 1375 1805 matii

222 1826 429 1902 inceptione,
445 1828 483 1887 et
492 1827 711 1888 ammirabili
724 1830 803 1902 elus
815 1832 864 1890 ad
878 1831 1092 1892 cornubiam
1106 1831 1317 1893 reveratur.

218 2023 263 2075 11.
276 2024 374 2075 saneto
386 2027 477 2075 autem
487 2022 601 2075 lionano
613 2022 647 2075 ad
660 2023 736 2091 regni
757 2023 881 2077 caelestis
898 2023 989 2078 aulam
1007 2026 1151 2088 translato,
1163 2024 1199 2079 ad
1210 2025 1297 2079 locum
1306 2024 1329 2077 iu
1338 2032 1376 2089 ott

16 2121 101 2176 'coit
115 2121 149 2174 ad
183 2126 240 2193 ipse
252 2123 356 2177 obierat
367 2136 383 2175 a
394 2121 518 2174 diversis·
530 2121 597 2175 locis
609 2134 764 2176 convenere
774 2122 894 2189 plurimi,
908 2137 1003 2192 quosa
1017 2126 1076 2178 suis
1087 2124 1160 2178 tama
1169 2123 1297 2193 praedicti
1303 2118 1404 2177 acati

184 2229 260 2279 verat
272 2222 404 2276 miraculi.
417 2222 458 2276 iit
478 2228 543 2276 tunc
563 2222 693 2289 temporis
711 2222 854 2289 utriusque
875 2236 957 2275 serus
969 2223 1112 2277 bominum
1125 2222 1270 2278 multitudo
1279 2220 1376 2286 mamm,

180 2324 304 2390 theologe
315 2322 498 2390 categoricam
518 2320 649 2388 symbola,
671 2335 719 2388 per
736 2308 944 2389 tripudiantium
961 2335 1009 2377 ora
1026 2336 1090 2376 cum
1104 2323 1195 2390 jubilo
1211 2320 1378 2377 tonatim

181 2424 293 2478 defuere
305 2421 368 2475 huic
379 2418 548 2474 multitudini
560 2421 731 2475 britannicae
743 2422 862 2489 regionis
874 2422 1021 2489 principes,
1031 2423 1080 2490 qui
1089 2422 1236 2490 imperium
1243 2420 1376 2489 tripartita

179 2524 344 2577 videbantur
356 2535 450 2589 regere
463 2520 599 2574 consules.
612 2521 736 2575 collectis
754 2527 845 2574 autem
864 2521 932 2575 inibi
954 2521 1065 2575 milibus
1076 2521 1233 2589 bominum,
1245 2522 1305 2575 bant
1313 2516 1378 2571 nobo

180 2628 242 2692 post
253 2635 381 2690 magnum
394 2621 493 2674 exoriri
507 2621 595 2687 coepit
604 2622 734 2688 jurgium,
744 2626 837 2674 utrum
855 2621 911 2674 illie
928 2620 997 2674 sacri
1015 2626 1091 2675 artus
1103 2621 1194 2675 forent
1204 2610 1406 2676 tununniint

37 2188 132 2241 versis.

180 2722 247 2777 alias
259 2721 357 2775 tierent
377 2720 544 2786 asportandi.
558 2720 652 2773 Aiebat
663 2721 737 2773 enim
750 2719 946 2773 cornubiensis
966 2719 1063 2773 consul
1079 2720 1145 2775 illuc
1165 2733 1257 2775 sacros
1267 2716 1378 2773 metiar

180 2823 254 2890 poris
266 2826 341 2874 artus
353 2819 455 2874 debere
467 2819 557 2872 revehi
568 2832 622 2886 quo
631 2832 680 2886 per
692 2832 754 2873 eum
766 2824 793 2873 et
802 2825 915 2886 propter
926 2819 1003 2872 illurn
1014 2819 1131 2888 insignia
1141 2819 1271 2873 Dominus
1278 2816 1378 2887 damas

180 2928 220 2977 est
232 2922 338 2990 operari
352 2919 483 2988 prodigia.
497 2922 612 2972 licentra
622 2920 668 2972 ille
681 2919 850 2972 ledonensis
862 2920 957 2973 consul
971 2920 1073 2973 ibidem
1087 2933 1196 2974 sacrum
1208 2932 1303 2987 corpus
1311 2923 1376 2971 tuna

179 3020 290 3073 landum
304 3019 441 3072 asserebat
461 3031 515 3084 quo
532 3022 625 3069 sancta
646 3017 736 3070 anima
756 3018 789 3070 ad
812 3017 918 3070 caelum
940 3017 1063 3070 reditura
1075 3030 1177 3084 corpus
1188 3030 1266 3071 suum
1278 3014 1376 3083 liutet

178 3121 281 3184 eribus
293 3119 387 3171 tertius
400 3118 534 3170 ediverso
547 3117 684 3170 rescrebat
696 3117 761 3169 illud
776 3118 872 3170 merito
882 3117 910 3168 in
924 3122 1014 3183 partes
1027 3130 1091 3169 suas
1103 3129 1164 3170 esse
1176 3106 1406 3174 transierendonfl

178 3225 208 3272 ut
221 3217 322 3271 exinde
343 3216 517 3282 subsequenti
539 3222 662 3281 tempore
683 3215 756 3267 illius
773 3217 918 3269 uirtutibus
939 3216 1136 3269 decorarentur
1157 3216 1256 3284 quibus
1273 3216 1376 3267 anona

180 3319 316 3370 immunes
328 3329 388 3369 esse
408 3315 579 3369 videbantur.
599 3315 645 3367 llis
663 3314 816 3368 adinvicem
834 3316 901 3368 baec
919 3316 954 3369 ita
967 3315 1123 3370 dicentibus
1137 3322 1165 3370 et
1178 3314 1375 3384 paeneperirm

178 3416 383 3479 altercantibus,
407 3414 515 3467 tandem
538 3419 669 3478 statuunt,
691 3416 808 3481 nequid
830 3420 932 3468 temere
945 3414 1033 3477 tieret,
1046 3416 1191 3482 cujusdam
1203 3410 1376 3485 regionisillint

175 3513 366 3580 sapientissimi
379 3513 454 3565 senis
466 3513 633 3580 interrogare
645 3513 854 3578 providentiam,
873 3519 903 3566 ut
915 3527 964 3580 per
982 3514 1072 3581 ipsum
1085 3518 1190 3567 tantam
1210 3518 1375 3582 possentnr

174 3615 293 3681 primere
316 3613 488 3666 discordiam.
514 3612 648 3677 scriptum
670 3613 771 3678 quippe
795 3618 855 3665 est:
884 3612 1055 3668 Consilium
1076 3626 1199 3683 semper
1220 3626 1241 3668 a
1260 3599 1404 3681 sapienti

175 3711 411 3777 requirescncx
433 3714 524 3761 autom
547 3708 779 3775 interrogantibus
798 3723 959 3776 responsum
981 3712 1056 3764 dedit
1073 3712 1116 3764 iris
1135 3711 1280 3766 adadbus:
1295 3705 1377 3776 Capite

175 3810 261 3863 binos
273 3809 359 3863 boves
369 3811 471 3861 aetate
484 3808 629 3875 triennes,
643 3807 748 3862 adbtic
770 3809 936 3863 indomitos
956 3821 1012 3863 nec
1021 3810 1101 3876 jttpo
1113 3812 1288 3878 suppositos
1302 3814 1377 3875 :prot

168 3911 248 3975 jnpo
260 3909 434 3962 vinculatos
445 3919 521 3960 n-ooo
533 3907 694 3961 curriculo
706 3908 837 3962 necdcem
854 3908 889 3960 in
909 3907 1046 3962 boemano
1059 3921 1121 3961 utu
1140 3908 1246 3964 habito
1257 3915 1378 3976 mppont·

177 4006 227 4074 tie,
240 4010 268 4059 et
277 4006 439 4060 ezerricnto
449 4018 575 4059 sacrum
584 4006 687 4060 sancti
696 4018 808 4072 corpus
820 4006 993 4073 imponetis.
1006 4002 1379 4076 reconpensationem

175 4105 311 4159 circuita
322 4118 375 4160 vos
387 4108 524 4159 amovete
534 4108 564 4158 et
576 4108 717 4159 eventum
736 4106 785 4158 rei
805 4119 826 4158 α
846 4106 935 4172 lonpe
955 4106 1302 4163 communicantem.
1317 4106 1348 4162 a
1359 4094 1410 4156 Ν

65 4193 69 4203 ’
175 4204 1382 4276 saliciaeoerprovinenaaemapnpncetattuosanettcorpacqaoptamqam

175 4303 224 4356 bie
237 4303 399 4369 tumulari,
413 4304 502 4357 oredo
514 4304 588 4357 inde
599 4303 742 4357 videbitis
755 4302 921 4357 mirabilia
938 4304 1002 4358 Dei.
1026 4305 1137 4359 amasis
1161 4302 1243 4375 igitur
1263 4307 1387 4368 bubasti

173 4414 258 4455 senex
266 4404 398 4468 jusserat,
412 4402 552 4456 indomitis
565 4415 715 4469 eorumque
724 4406 789 4471 jugo
803 4404 925 4456 haerenti
939 4405 1076 4459 curriculo
1089 4407 1225 4460 cennens
1242 4407 1388 4469 cervicibus

172 4501 256 4567 aliqui
269 4514 432 4561 convenere,
452 4515 560 4554 sacrum
581 4515 708 4568 eorpusa
730 4509 801 4557 terra
813 4504 903 4556 levare
926 4504 1080 4573 cupientes,
1097 4507 1237 4561 auunculo
1250 4507 1393 4576 imponere.

174 4599 223 4661 Qui
236 4599 334 4652 trustra
347 4600 507 4653 laborabant
518 4606 544 4653 et
564 4606 690 4668 coeptum
704 4603 816 4668 implere
825 4617 881 4657 non
890 4609 1027 4670 poteraut.
1037 4606 1199 4661 convocatis
1208 4616 1303 4663 autem
1312 4603 1415 4664 secant
