3136 5482
247 323 271 395 6
587 345 712 395 carle.
732 343 834 394 econ.
854 337 1127 391 saetosam.

248 515 323 580 vill).
344 515 487 580 inscriptio
498 513 581 581 primi
593 512 717 566 miraculi
730 514 760 564 in
775 510 869 565 codiee
881 514 975 562 nostro
988 511 1029 560 est
1040 504 1197 572 hujusmodi
1211 521 1218 558 ε
1235 505 1335 564 Quale
1345 501 1488 556 miracu·

250 612 316 664 lum
328 611 479 665 Domr‘eus
490 612 525 663 io
540 610 656 676 synodo
662 621 724 677 per
734 610 879 662 sanctum
890 605 1025 659 ostendit
1036 603 1215 671 Haterium.

84 706 218 825 effic
348 700 387 775 4⁰
405 701 501 778 Item
520 699 628 777 aliud
646 697 879 775 miraculum
896 700 911 731 *
927 695 1004 793 (iol.
1026 693 1185 789 'lli-78¹).

59 836 131 891 altus
147 848 246 891 sermo,
287 824 432 889 ineditum,
446 829 476 877 ut
487 824 602 878 videtur.
616 823 674 876 vid.
687 821 810 889 append.

349 921 388 997 5⁰
406 921 501 1012 [Alia
519 920 718 1008 miracula]
736 919 812 1018 (iol.
834 917 994 1016 8lf-8'lf).

281 1053 408 1107 lliraculu
427 1062 545 1122 quatuor
565 1057 592 1107 S.
606 1054 699 1106 liilarii
719 1053 913 1106 intercessione
934 1053 1085 1117 impetrata.
1108 1050 1257 1116 subjuncta
1278 1053 1343 1100 sunt
1361 1048 1487 1100 sermoni

250 1154 423 1219 paraenetico
435 1154 469 1206 de
482 1153 577 1207 eodem
591 1159 685 1207 saneto
698 1159 734 1217 et,
747 1157 778 1205 ut
799 1150 916 1214 videtur,
930 1149 1041 1203 inedita.
1055 1149 1112 1201 Vid.
1126 1147 1248 1215 append.

599 1652 809 1767 Appendix
839 1653 888 1741 ad
918 1651 1001 1741 cod.
1037 1650 1129 1740 196.

505 1889 712 1955 Mumeuuuu
728 1887 763 1954 S.
784 1889 920 1954 Hmsuu
936 1883 1020 1973 (Cir.
1039 1906 1151 1971 supra,
1170 1886 1232 1971 4⁰).

641 2097 732 2156 Item
753 2095 853 2155 allud
873 2095 1096 2155 miraculum.

289 2285 317 2335 1.
331 2284 409 2336 Aliud
420 2297 531 2351 quoque
542 2284 717 2350 beneticIum,
728 2285 802 2351 qued
813 2287 892 2338 iesus
906 2286 966 2351 pius
979 2292 1072 2351 paster
1083 2287 1142 2340 viro
1158 2286 1309 2347 venerabili
1322 2286 1487 2341 beatissimo

253 2382 357 2436 Hilario
369 2384 519 2437 confessori
532 2385 650 2451 benigne
660 2384 786 2447 contulit,
800 2385 971 2452 apertissime
983 2384 1178 2440 declarandum
1195 2393 1245 2442 est.
1260 2388 1309 2451 Qui
1332 2388 1397 2441 dum
1415 2387 1486 2441 vixit

253 2484 283 2535 in
299 2495 422 2549 corpore,
434 2483 490 2536 dux
506 2488 588 2549 atque
608 2485 692 2536 decus
708 2482 798 2536 extitit
818 2485 988 2550 Aquitaniae,
1002 2483 1154 2539 luminibus
1175 2486 1292 2552 expertis
1315 2486 1381 2540 solis
1403 2485 1487 2539 istius

255 2581 353 2636 lucifer
373 2582 506 2648 patriaea
526 2594 588 2648 rege
609 2595 703 2648 regum
724 2582 826 2647 electus
844 2589 886 2635 est
906 2584 988 2636 totius
1001 2585 1075 2637 orbis
1090 2591 1117 2637 et
1136 2590 1253 2638 rectore,
1268 2585 1349 2638 bictis
1370 2589 1486 2637 cunctos
1505 2585 1523 2634 5

252 2684 382 2748 pascebat
392 2680 541 2746 mellifluis,
553 2680 661 2734 diurnis
680 2682 753 2735 boris
765 2681 910 2749 sociosque
921 2683 1044 2736 'diversis
1066 2684 1172 2737 bomini
1185 2696 1280 2737 serens
1296 2684 1400 2736 semina
1412 2695 1487 2749 quae

253 2797 326 2836 nunc
337 2789 452 2835 ovanter
464 2783 542 2835 metit
551 2783 721 2849 centuplum,
735 2784 846 2837 luminis
858 2786 866 2801 '
879 2783 988 2838 divinae
999 2784 1164 2852 scripturae,
1178 2791 1272 2838 saneto
1285 2785 1382 2850 plenus
1394 2783 1488 2848 Spira-

255 2882 339 2963 mine,
352 2882 445 2936 docuit
456 2884 589 2937 veraciter
601 2882 695 2937 lideles
707 2883 771 2938 ildei
790 2885 949 2938 catholicae.
963 2887 983 2938 0
995 2886 1087 2940 sebola
1099 2885 1175 2950 felix,
1188 2899 1258 2952 quae
1271 2885 1362 2938 ditasti
1375 2885 1489 2937 beatum

253 2984 341 3036 virum
355 2983 501 3049 praeclaris
513 2983 610 3045 rivulis
622 2990 732 3037 sanetae
744 2990 771 3037 et
784 2983 942 3039 individuae
953 2985 1093 3038 Trinitatis
1105 3000 1167 3040 cum
1181 2986 1272 3053 magni
1284 2984 1367 3037 studii
1382 2983 1489 3036 labere.

254 3082 313 3135 lllta
326 3082 477 3149 procedens
491 3084 624 3150 prosapia,
636 3083 768 3149 gliscebat
779 3083 862 3136 eorde
880 3084 1051 3150 perlustrans
1068 3085 1177 3147 eximia,
1192 3084 1349 3137 intellectus
1367 3084 1457 3136 bonus
1470 3095 1487 3135 e
1509 3084 1542 3133 to

255 3181 330 3235 caelo
343 3182 395 3235 sibi
407 3194 533 3248 manans,
546 3195 642 3235 omnes
663 3189 740 3235 actus
754 3184 910 3236 saeculares
922 3197 1064 3247 execrare,
1077 3183 1185 3237 divinos
1206 3189 1297 3236 tamen
1313 3196 1374 3235 cum
1389 3195 1490 3249 magno

254 3281 441 3333 emolumento
461 3281 578 3349 augebat
597 3295 698 3335 mores.
712 3283 911 3350 languentium
932 3296 1042 3349 quoque
1062 3289 1183 3336 catervas
1201 3283 1329 3335 visitabat
1350 3288 1377 3334 et
1389 3293 1492 3348 paupe·

255 3393 336 3446 rum;
358 3393 420 3433 cum
442 3394 498 3433 non
510 3381 623 3434 baberet
643 3388 787 3435 terrestres
808 3396 857 3447 pro
876 3383 1081 3448 intercapedine
1102 3387 1236 3435 terrarum
1261 3383 1490 3448 diversarumque

257 3481 398 3547 regionum
410 3492 500 3548 gazas,
511 3481 657 3546 praebebat
669 3481 815 3546 illisdapes
828 3480 989 3534 mirabiliter
1002 3483 1141 3534 caelestes.
1151 3482 1251 3534 ltorbis
1265 3486 1355 3535 autem
1372 3479 1488 3533 letiferis

255 3583 349 3644 captos
361 3578 402 3630 vir
416 3577 590 3631 venerandus
611 3579 717 3631 sanavit
736 3580 973 3647 quamplurimos,
988 3592 1057 3646 quos
1077 3580 1183 3633 calculo
1198 3582 1346 3647 nequimus
1366 3580 1489 3633 seribere
1511 3578 1544 3626 lii

257 3691 308 3732 nec
319 3677 428 3744 apicum
441 3679 525 3745 signis
537 3678 782 3745 comprehendere.

289 3776 321 3828 2.
335 3775 388 3829 sed
401 3781 492 3829 amen
505 3776 576 3829 inter
588 3782 678 3829 cetera
690 3777 821 3829 miracula
834 3775 921 3842 ipsius
933 3778 1005 3830 beati
1018 3777 1070 3829 viri
1083 3779 1297 3832 innumerabilia
1311 3778 1487 3842 miraculum,

255 3875 331 3941 quod
343 3875 442 3929 tactum
455 3880 497 3928 est
508 3874 618 3927 divinae
631 3874 739 3940 pietatis
758 3875 843 3942 gratia
857 3876 963 3929 noviter
976 3881 1039 3928 ante
1058 3876 1133 3929 illius
1155 3877 1321 3943 sepulcrum,
1334 3890 1407 3930 anno
1421 3890 1491 3930 non·

257 3977 407 4043 gentesimo
420 3976 628 4043 quadragesimo
649 3982 724 4028 sexto
743 3975 891 4028 nativitatis
904 3976 1011 4029 bomini
1024 3977 1112 4029 nostri
1123 3979 1187 4030 tesu
1200 3975 1309 4040 Christi,
1326 3977 1354 4029 in
1368 3991 1417 4031 suo
1430 3990 1491 4030 ora·

258 4076 328 4129 torio
348 4089 430 4142 super
450 4075 536 4129 altare
555 4075 626 4128 beati
648 4074 720 4128 Petri
742 4074 855 4140 apostoli
876 4075 995 4141 gloriose
1016 4075 1177 4141 exaltatum,
1191 4088 1247 4128 non
1269 4082 1312 4129 est
1331 4077 1489 4129 tacendum.
1508 4072 1544 4123 ‘lit

258 4175 393 4238 Quaedam
416 4188 534 4241 namque
556 4174 657 4240 puella,
679 4172 792 4227 nomine
812 4176 947 4235 Susanna,
961 4175 1095 4228 ambobus
1108 4173 1223 4240 pedibus
1249 4174 1349 4228 ardens
1370 4174 1490 4242 graviter

258 4276 374 4337 fumosa,
385 4277 413 4328 in
425 4275 564 4329 vicinitate
574 4273 656 4326 castri
665 4275 847 4327 Tornacensis
857 4280 929 4333 nata.
941 4278 998 4327 tote
1007 4287 1122 4340 corpore
1128 4275 1185 4342 jam
1196 4281 1255 4328 erat
1265 4287 1351 4341 paene
1360 4276 1489 4339 contrita,

258 4374 326 4426 nibil
338 4388 452 4440 sperans
463 4380 570 4441 praeter
582 4380 696 4427 mortem
708 4379 815 4427 exusta.
828 4376 894 4425 bum
908 4373 980 4426 inter
989 4387 1019 4427 se
1028 4374 1279 4428 sermocinarentur
1290 4382 1417 4440 parentes
1429 4376 1491 4441 cius

256 4473 449 4525 contristantes
469 4478 577 4526 etcum
599 4484 698 4538 magno
719 4471 794 4525 luctu
815 4472 969 4539 hejulantes
981 4486 1030 4538 pro
1052 4479 1106 4524 tam
1125 4472 1240 4526 terribili
1258 4472 1348 4539 gladio
1360 4473 1492 4537 pestifero

258 4575 369 4637 propter
381 4576 489 4637 peccata
508 4572 600 4638 populi
620 4572 738 4639 graviter
755 4584 837 4637 super
849 4584 897 4624 eos
908 4570 1093 4635 descendisse,
1108 4571 1142 4624 ad
1160 4571 1286 4625 ultimum
1306 4585 1369 4625 vero
1387 4586 1488 4626 consu·
1509 4582 1549 4632 25
