3156 5452
285 289 380 338 urar..
397 290 479 339 aar.
498 291 614 341 eurus.
632 309 677 320 -
693 291 848 340 urrann.
866 291 914 341 an
930 292 1008 342 con.
1027 290 1088 344 ets.
1256 277 1303 343 39

84 449 123 501 ilie
142 460 231 525 martii,
244 459 355 526 quidam
371 460 490 526 juvenis,
503 465 591 512 aetate
610 460 703 527 viginti
723 464 840 526 quatuor
859 473 1007 527 annorum,
1028 462 1141 515 nomine
1161 462 1300 515 lohannes

88 550 182 623 hichet
193 557 225 611 de
236 565 331 612 sancto
349 559 436 611 Charo
449 560 477 611 in
498 559 672 624 Delphinum,
685 559 731 625 qui
750 564 864 625 propter
880 558 1016 625 quaedam
1034 560 1185 612 infortunia
1203 566 1296 613 votum

86 653 206 723 emiserat,
218 657 344 711 videlicet
355 658 479 724 quolibet
491 658 544 710 dici
559 658 664 711 sabbati
674 659 801 723 jejunare
813 657 903 710 donec
922 662 950 710 et
967 672 1111 725 quousque
1129 658 1223 711 limina
1235 673 1297 711 san·

84 752 183 808 ctissimi
193 757 295 810 claudii
307 759 459 819 visitasset,
467 758 579 825 contigit
592 758 722 809 instinctu
740 755 913 824 quorundam
927 769 1039 810 suorum
1057 759 1195 810 sociorum
1212 771 1296 823 quan·

59 850 141 906 idum
155 854 219 908 diem
236 856 342 909 sabbati
357 858 483 923 jejunare
501 856 634 908 omisisse.
649 855 726 908 Unde
744 863 771 907 et
789 855 833 906 die
854 855 935 909 lunae
957 856 1093 922 sequenti,
1108 855 1173 908 dum
1191 870 1207 908 a
1224 856 1295 910 lecto

80 935 109 1004 de
130 968 203 1007 nune
220 960 354 1024 surgeret,
368 955 401 1007 ad
415 962 515 1008 terram
533 956 610 1022 quasi
631 962 754 1007 mortuus
773 955 863 1008 subito
884 957 1075 1021 prosternitur,
1088 955 1142 1007 alta
1159 968 1226 1009 voce
1244 955 1298 1008 cla·

78 1065 151 1105 nans
162 1071 168 1105 z
179 1055 238 1120 Epo
256 1068 327 1107 sum
348 1057 510 1118 actoritatis,
528 1059 556 1106 et
568 1054 749 1106 incontinenti
768 1067 849 1106 usum
871 1052 987 1120 perdidit
1001 1054 1141 1119 loquendi,
1157 1054 1297 1121 tribusque

76 1151 166 1205 diebus
176 1149 233 1205 sine
246 1153 299 1205 eibi
309 1159 445 1218 autpotus
460 1154 615 1219 sumptione
624 1153 764 1205 remansit.
774 1155 903 1204 Parentes
915 1157 1008 1204 autem
1021 1154 1126 1218 sui.qui
1137 1166 1218 1205 suum
1228 1155 1295 1205 scie·

77 1254 138 1306 bant
147 1259 243 1316 votum,
252 1254 319 1306 dum
331 1254 486 1319 aliqualiter
499 1253 651 1316 validassct,
663 1259 772 1318 praeter
780 1258 872 1304 tamen
885 1266 964 1304 usum
976 1253 1116 1319 loquendi,
1124 1252 1159 1305 ad
1167 1255 1296 1305 Sanctum

42 1350 204 1407 ltilaudium
221 1352 284 1403 duci
305 1352 440 1404 iecerunt.
460 1352 509 1414 Qui
529 1365 592 1403 cum
612 1351 647 1403 ad
668 1350 818 1416 hospitium
838 1352 1017 1415 pervenisset,
1036 1350 1125 1402 adhuc
1146 1350 1181 1403 ad
1194 1356 1296 1403 terram

79 1450 248 1518 prosternitur
261 1467 268 1503 :
282 1450 356 1517 quod
370 1450 471 1502 lactum
483 1451 582 1515 hospiti
595 1448 726 1515 quidnam
740 1454 813 1500 esset
828 1449 976 1515 inquirenti
995 1462 1044 1514 per
1056 1451 1146 1501 socios
1158 1450 1296 1514 panditur.

81 1549 171 1604 belum
181 1549 215 1602 ad
227 1550 372 1602 ecclesiam
385 1549 503 1601 ducitur.
516 1549 565 1612 Qui
579 1552 671 1601 tamen
684 1561 792 1612 semper
804 1547 879 1613 loqui
892 1548 1031 1600 nitebatur
1043 1547 1092 1600 scd
1105 1560 1161 1601 nen
1180 1552 1295 1613 poterat.

83 1652 168 1700 lemm
183 1663 244 1701 cum
256 1654 320 1700 ante
337 1647 524 1716 gloriosissimi
537 1646 641 1700 claudii
654 1660 752 1712 corpus
772 1627 950 1712 pervenisset,
970 1659 1103 1713 suamquc
1122 1646 1296 1700 devotionem

87 1747 203 1801 lumiliter
213 1755 241 1801 et
254 1748 352 1801 devote
364 1747 532 1813 perfecisset,
546 1760 626 1799 usum
645 1746 774 1813 loquendi
796 1748 996 1814 sanitatemque
1014 1748 1195 1813 recuperarit,
1208 1750 1294 1800 heum

54 1848 79 1899 ta
88 1846 200 1900 laudando
212 1852 238 1900 et
250 1849 361 1899 beatum
374 1846 526 1899 Claudium.
536 1848 592 1898 lloe
604 1845 706 1898 lactum
720 1846 778 1911 ipse
791 1860 853 1898 cum
864 1847 921 1898 suis
934 1847 1015 1899 sociis
1028 1847 1146 1899 asseruit
1157 1846 1296 1899 mediante

92 1946 216 2010 juramento
229 1947 257 1997 in
279 1946 433 2011 praesentia
454 1944 548 1999 domui
570 1945 660 2012 magni
683 1945 782 2010 prioris
800 1950 961 2024 conuentus,
976 1945 1095 2011 plurium
1118 1946 1251 1998 nobilium
1265 1952 1294 1997 et

93 2042 250 2111 burgensium.

309 2143 444 2212 [LXVL]
456 2146 502 2196 De
513 2143 638 2196 homine
650 2157 672 2196 a
684 2156 765 2195 casu
776 2143 852 2208 equi
863 2143 1033 2196 Uber-atus.

117 2242 233 2298 lohannes
249 2245 369 2309 l'mbert,
382 2243 416 2296 de
429 2245 518 2311 Guyry
530 2244 559 2294 in
571 2243 722 2310 Chamioys,
736 2243 861 2307 clericus,
876 2245 998 2295 notarius
1011 2243 1145 2309 publicus,
1160 2256 1209 2308 pro
1227 2256 1293 2296 vero

60 2336 203 2409 bombus,
222 2344 296 2412 quod
318 2347 395 2396 sexta
414 2342 458 2394 die
479 2343 633 2395 decembris
655 2343 719 2394 anni
739 2343 844 2395 bomini
868 2343 1004 2395 millesimi
1030 2342 1293 2409 quadringentesimi

98 2445 228 2508 nonagesimi
241 2444 333 2509 primi,
346 2442 411 2495 dum
432 2443 604 2508 equipeteret
616 2440 650 2494 dc
668 2441 741 2495 dicto
753 2438 814 2495 loco
836 2442 870 2494 de
888 2444 977 2509 Guyry
989 2441 1023 2494 ad
1036 2443 1172 2494 civitatem
1185 2442 1290 2494 Cabilo-

98 2548 189 2608 ltnseur,
200 2543 312 2610 contigit
323 2543 411 2608 ipsum
424 2555 486 2594 cum
495 2553 545 2594 suo
558 2553 629 2607 eqno
641 2541 676 2593 ad
689 2547 790 2593 terram
803 2542 950 2606 prosterni.
964 2543 1039 2607 liquo
1053 2546 1144 2593 tamen
1157 2541 1288 2603 relevato,

97 2634 210 2694 literram
221 2642 361 2704 remansit,
370 2640 443 2693 ealce
455 2640 619 2705 subpedario
631 2639 780 2705 pendente.
794 2641 837 2692 Sic
849 2654 898 2706 per
909 2639 987 2692 devia
1000 2652 1160 2705 camporum
1173 2639 1290 2693 trahitur

97 2745 232 2809 mmmaquo
251 2741 293 2793 sui
312 2740 433 2806 corporis
446 2738 577 2804 periculo,
591 2750 734 2804 (parcusque
752 2744 846 2791 votum
862 2737 897 2790 ad
915 2744 1041 2791 sanctum
1059 2739 1197 2791 emisisset
1213 2739 1290 2791 Claru-

55 2828 87 2881 ii
96 2830 158 2889 dun.
168 2841 217 2903 Quo
227 2842 338 2902 emisso,
352 2839 441 2892 subito
453 2851 541 2904 equus
553 2837 684 2890 remansit
696 2838 774 2890 volut
796 2838 953 2903 immobilis,
967 2837 1056 2890 donec
1074 2851 1123 2904 pes
1135 2851 1200 2890 suus
1218 2844 1292 2890 esset

95 2937 151 2986 ciba
160 2939 353 3005 subpedorium,
367 2937 525 3003 nullamque
538 2938 567 2988 in
580 2949 695 3001 corpore
708 2937 742 2988 ab
752 2949 823 3003 equo
837 2937 922 2988 sensit
934 2936 1079 2989 laesuram.
1089 2938 1198 3002 Suoque
1210 2937 1288 3003 signo

95 3015 189 3090 mutale
199 3039 264 3090 haec
277 3036 415 3103 praedicta
428 3034 569 3089 certiileat.

321 3134 470 3203 [uma]
494 3138 539 3186 De
559 3133 777 3199 quinquennio
797 3133 1020 3198 febricitante,

274 3233 420 3287 oratioue
438 3233 482 3285 ad
502 3238 651 3284 motum
666 3232 834 3285 Claudium
845 3232 1071 3285 invalescente.

49 3328 80 3383 ³0
115 3328 194 3388 laune
207 3337 234 3387 ln
246 3333 507 3387 comitatut'inisiae
524 3333 582 3383 uiro
601 3333 705 3393 altero,
727 3335 805 3386 l‘ctro
824 3333 959 3399 Gaiqncur
979 3333 1129 3395 nominato,
1148 3331 1184 3384 de
1205 3333 1289 3384 Belle·
1376 3387 1379 3395 ,

90 3439 163 3484 mitre
178 3434 315 3498 oriundus,
329 3433 425 3485 morbo
444 3431 519 3484 lehre
532 3437 643 3496 arrepto
657 3447 663 3482 ε
679 3432 725 3497 qui
739 3433 869 3484 continuo
882 3432 963 3497 huius
984 3431 1078 3485 dolore
1099 3433 1289 3498 compatiatus,
1386 3431 1390 3437 '

89 3538 129 3593 lter
137 3533 340 3600 quinquennium
353 3532 474 3598 quietem
485 3530 606 3597 abstulit,
620 3543 671 3582 nee
691 3529 788 3596 pocula
807 3529 1040 3583 medicamentum
1058 3531 1210 3597 comperire
1229 3544 1289 3595 pro·

85 3625 147 3681 siliit.
158 3633 212 3686 Post
223 3634 300 3698 cnjus
321 3631 554 3683 contumationem
572 3629 658 3682 orarit
670 3628 768 3681 debilis
787 3630 873 3694 ipsea
889 3630 968 3683 beato
986 3629 1098 3683 claudio
1111 3629 1244 3689 exaudiri,
1261 3635 1291 3682 ut

84 3726 155 3794 indus
164 3731 284 3796 precibus
296 3730 331 3782 ab
344 3729 395 3781 hac
407 3732 550 3780 curaretur
567 3726 733 3780 infirmitate.
746 3728 894 3780 Confestim
915 3727 1039 3793 invaluit,
1048 3733 1076 3780 et
1090 3727 1190 3781 deinde
1202 3727 1290 3781 libero

39 3832 67 3885 iu*
78 3837 160 3898 gressu
170 3830 326 3896 adoptatum
337 3834 429 3881 votum
451 3826 571 3879 reddens
587 3826 744 3880 ambulavit.
763 3829 833 3878 llaec
851 3831 994 3879 attestatus
1011 3827 1070 3893 ipse
1090 3830 1184 3879 l‘ctrus
1205 3840 1289 3893 popu·

75 3930 128 3983 lum
149 3929 347 3983 multitudinem
367 3927 521 3992 praeseutia
540 3926 710 3992 ecclesiaque
729 3927 816 3991 ipsius
835 3926 921 3977 sancti
940 3939 989 3991 pcr
1008 3932 1100 3979 votum
1119 3927 1289 3978 ambulatum

70 4035 164 4086 etcum
180 4033 350 4082 sacramento
363 4027 494 4094 evangelii
508 4032 588 4085 tacto.
610 4038 683 4079 auno
704 4039 786 4091 supra
806 4026 930 4091 proxime
949 4025 1021 4078 dieto
1039 4031 1066 4077 et
1086 4025 1214 4077 vicesima
1236 4026 1289 4090 pri-

66 4143 109 4187 ma
120 4127 241 4195 dieiulii.
256 4130 285 4179 P.
299 4126 437 4179 Galliardi.
