3136 5482
160 320 204 386 46
505 334 630 384 aaran.
650 334 753 385 coen.
772 332 949 384 naoroon.
968 332 1050 382 ear.

160 508 282 570 nomine,
296 505 385 570 coepit
405 508 516 557 cantare
535 502 589 555 alta
610 515 676 557 noce
698 503 736 555 Tc
754 503 860 555 Dabat.
880 501 1047 554 Mirabantur
1068 508 1160 554 autern
1172 501 1254 554 ceteri
1272 502 1336 567 quia

161 605 252 660 subito
265 606 413 670 inceperat.
426 601 459 656 nt
470 603 505 655 ad
516 615 612 656 rocem
629 602 703 655 iltius
716 602 884 654 unanimiter
901 599 1110 664 concordantes,
1124 600 1201 653 linito
1213 602 1336 666 psalmo«

160 703 332 758 orationibus
360 702 487 768 propriis,
506 701 711 768 interrogabant
732 713 795 753 eum
818 699 959 766 artnendo
980 699 1046 765 quid
1067 699 1118 752 sibi
1139 699 1283 764 acciderat,
1304 704 1336 750 nt

162 806 274 867 repente
286 804 418 852 cantaret.
432 798 578 865 liespondit
592 799 633 851 eis
647 815 654 851 :
667 797 793 852 Domini
811 797 874 850 inci
893 796 1012 863 firdres
1032 796 1202 863 carissimi,
1222 808 1284 850 nera
1303 809 1336 848 m

162 899 243 953 enini
255 917 264 953 .·
275 898 351 966 qnia
371 897 436 951 seio
458 899 559 951 lactan
577 896 632 949 nli
646 896 821 963 reperietur
841 898 970 950 satietas
989 896 1150 963 episcopus
1170 898 1284 949 atester.
1296 896 1336 949 Pr

161 999 321 1053 ciscamar
337 999 366 1050 et
385 1010 534 1049 exeamas
552 997 664 1049 vitlem
682 997 806 1062 secreto,
819 1008 891 1048 cani
910 995 1006 1047 rnalti
1023 994 1089 1048 sint
1109 994 1193 1047 irater·
1211 1006 1336 1048 nasoon

163 1096 257 1166 fidem
277 1098 428 1150 nostram.
451 1096 497 1149 Ne
517 1094 598 1163 forte
614 1109 671 1149 reos
692 1095 825 1148 habeant
846 1095 880 1147 in
904 1096 1112 1162 emetenptnm
1132 1093 1336 1153 deridendos

161 1196 274 1264 parteis
292 1194 477 1249 christianis
488 1196 684 1248 eadamnset
702 1195 883 1248 inadoentn
902 1194 1157 1260 nostrojnennao
1168 1176 1336 1261 reportabir

162 1295 276 1349 ramicis
288 1295 405 1349 nostris
417 1294 659 1349 annotationem
670 1296 700 1347 et
709 1293 864 1360 paediam
875 1293 1037 1347 Altissitno
1050 1292 1239 1360 inspirante.

195 1393 306 1445 Lectio
318 1393 440 1458 quinta.
453 1395 613 1458 -Accepta
625 1393 677 1445 sibi
698 1393 909 1445 christianornm
921 1393 1050 1446 societate
1067 1404 1198 1460 consina.
1212 1392 1332 1445 exientes

165 1494 229 1557 lam,
243 1494 295 1545 iter
307 1506 388 1545 suurn
399 1497 589 1558 properantes,
601 1492 805 1558 interrogabant
815 1491 892 1544 illurn
902 1497 1027 1544 sanctuni
1040 1489 1181 1545 hominem
1191 1491 1240 1556 nni
1253 1491 1291 1544 Te
1301 1491 1336 1543 Dt

165 1590 326 1655 inceperat:
343 1590 405 1648 Ono
422 1589 568 1641 vadimus
579 1601 636 1642 nos
646 1590 658 1642 i
670 1591 702 1641 bt
723 1589 768 1641 ille
780 1588 941 1654 respondit:
959 1587 1104 1641 Narrabo
1122 1587 1206 1641 robis
1223 1567 1336 1655 peace

164 1689 244 1740 Dura
267 1700 355 1741 eram
375 1688 407 1739 in
428 1687 579 1756 aratione,
603 1688 673 1740 licet
695 1687 845 1756 indipnas
875 1701 947 1741 sam
979 1689 1048 1755 Deo,
1069 1687 1155 1741 discit
1172 1686 1254 1740 milti
1274 1701 1332 1742 racc

163 1800 274 1840 arerem
287 1804 295 1840 .·
307 1786 415 1853 lnat‘pe
425 1789 557 1840 coartare
573 1788 611 1840 Te
630 1788 736 1854 Decem,
749 1801 789 1839 esc
806 1800 866 1854 qao
886 1788 967 1840 Dens
985 1786 1041 1839 tibi
1046 1787 1192 1853 procidat
1209 1788 1248 1840 dc
1258 1789 1336 1854 pasl

164 1886 246 1938 Nam
260 1885 293 1936 ln
305 1886 441 1951 lonensi
447 1885 615 1952 provincia
637 1886 776 1939 invenias
788 1887 976 1941 ltestitntum
987 1886 1019 1937 in
1039 1886 1160 1940 deserto
1171 1860 1265 1938 valde
1276 1900 1336 1953 asp

164 1986 202 2039 Et
224 1985 299 2037 ditm
315 1985 496 2051 loqrtebatm·
513 1998 574 2038 reesa
592 1986 661 2052 illo,
678 1999 738 2052 per
749 1999 880 2039 maniam
898 1985 1021 2039 beatam
1039 1986 1228 2040 Restitntum
1248 1985 1336 2039 tenete

170 2085 239 2139 Vidi
258 2098 328 2137 enm
344 2084 605 2153 pulcherrimam,
618 2098 755 2153 annariae
772 2086 956 2139 altitudinis
976 2086 1010 2137 in
1024 2098 1187 2153 persana:
1207 2085 1336 2152 capilli·

164 2184 296 2239 carrdidi
304 2201 313 2249 ,·
332 2182 432 2251 facies
443 2185 589 2249 anpelica
601 2183 784 2252 apparebat,
797 2184 882 2238 ocnli
893 2185 960 2250 eim
972 2187 1181 2238 conmeantes.
1197 2184 1279 2244 Quid
1295 2184 1336 2237 dit

94 2331 98 2339 .
163 2285 203 2337 de
213 2296 246 2336 co
257 2284 270 2335 l
282 2280 360 2334 Mibi
375 2284 457 2335 totas
477 2281 606 2334 dininas
617 2283 780 2350 apparuit.
795 2287 826 2336 Et
837 2283 988 2352 gaudentes
1000 2284 1084 2337 ceteri
1099 2284 1212 2336 aiebant
1222 2299 1229 2336 ε
1239 2285 1336 2350 Erpop

163 2382 347 2451 ficiseamar
354 2381 396 2433 ad
401 2383 512 2447 partes
523 2382 535 2433 i
537 2382 608 2434 llas.
617 2382 770 2435 Dominus
779 2382 974 2435 illuminabit
979 2395 1107 2450 pressas
1115 2384 1239 2436 nostros
1246 2385 1277 2435 et
1286 2383 1336 2434 dir

164 2493 222 2535 nos
234 2481 276 2533 ad
289 2493 361 2533 eum
370 2479 426 2546 qni
433 2479 550 2533 docebit
561 2493 617 2533 nos
630 2481 664 2532 in
675 2480 874 2535 ct'aaetemta.
887 2485 1048 2549 peragentes
1058 2482 1111 2535 iter
1119 2495 1211 2547 suurn,
1219 2487 1282 2548 post
1294 2482 1336 2535 alit

164 2582 223 2634 dies
238 2582 374 2634 intrantes
385 2581 483 2632 urbern
496 2582 663 2646 aquensem,
676 2582 756 2634 beato
770 2582 885 2635 ttaxinro
899 2581 1083 2647 praesidente.
1097 2585 1281 2634 narraverunt
1293 2582 1336 2634 eit

164 2682 232 2743 sisa,
245 2686 320 2749 gesta
342 2681 451 2733 luerent
474 2688 501 2733 et
519 2680 622 2742 audita,
642 2682 714 2734 inter
734 2686 824 2735 cetera
844 2681 1016 2734 notificantes
1038 2687 1221 2751 rogantesque
1241 2687 1272 2733 ut
1291 2680 1336 2735 dot

165 2781 232 2847 quid
254 2781 352 2833 tacturi
374 2785 468 2832 essent
479 2779 513 2832 ad
535 2781 734 2834 inveniendum
756 2781 834 2834 illurn
855 2786 980 2834 sanctum
1001 2781 1141 2835 borninern
1162 2781 1336 2833 Restitutunr.

166 2878 337 2943 respondens
350 2876 418 2929 dixit
430 2877 470 2929 eis
484 2894 490 2929 z
504 2877 621 2931 Audivi
640 2892 660 2931 a
676 2878 826 2946 pleribus
846 2854 927 2946 pund
947 2879 979 2930 in
1002 2880 1137 2946 peronam
1158 2879 1279 2932 deserto
1292 2891 1336 2931 oet

165 2976 315 3030 ariaratem
327 2978 372 3028 est
385 2975 515 3042 quidam
526 2977 657 3029 eremita
667 2977 702 3029 in
712 2989 815 3044 propa
824 2979 857 3042 (t)
869 2977 961 3044 rapa
970 2978 1083 3033 cellam
1100 2990 1192 3030 snam
1211 2976 1336 3045 itabens,

166 3073 256 3142 ferae
268 3073 384 3127 deserti
394 3073 566 3142 oboediunt,
578 3088 651 3128 ares
663 3076 748 3128 aeris
760 3075 821 3128 sibi
832 3075 1017 3129 ministrent
1030 3093 1038 3129 .·
1050 3075 1141 3141 ateias
1153 3088 1261 3128 riorncn
1271 3088 1335 3141 pert

166 3172 288 3241 iprtoro.
307 3174 405 3224 bicunt
425 3174 449 3225 ei
465 3174 641 3241 :depalans
662 3176 699 3242 te,
712 3187 799 3227 serve
819 3173 883 3240 Dei,
905 3176 941 3226 nt
959 3174 1012 3226 des
1025 3173 1114 3227 trabis
1134 3174 1334 3241 coreductum,

165 3272 247 3326 sciat
258 3271 419 3325 ceritatem
439 3272 573 3325 itineris.
593 3272 751 3326 Venientes
771 3287 843 3327 eam
853 3286 897 3340 eo,
904 3285 966 3340 per
980 3276 1009 3326 te
1027 3275 1237 3326 trartseamas.
1252 3274 1336 3338 liespe

168 3373 263 3425 beatus
281 3372 432 3423 unximus:
449 3372 503 3425 list
520 3370 570 3424 bie
587 3385 682 3426 senex
700 3372 830 3439 qnidam
851 3372 907 3441 ani
934 3373 993 3426 scit
1011 3372 1117 3426 arnaria
1139 3372 1173 3425 in
1193 3373 1325 3439 deserto,

166 3470 257 3525 ducet
271 3483 323 3522 aas
335 3470 378 3522 ad
389 3482 470 3522 erent.
484 3471 533 3535 Qui
546 3484 640 3524 senem
653 3478 789 3537 rogantes,
802 3478 981 3538 perrexerunt
994 3472 1068 3533 illue,
1084 3475 1111 3524 et
1129 3477 1188 3538 post
1201 3471 1271 3524 ‘dies
1292 3471 1336 3523 alit

167 3567 348 3621 veneruntad
363 3568 460 3621 cellam
473 3569 501 3619 in
515 3582 569 3635 qua
593 3575 651 3621 erat
671 3570 767 3622 beatus
788 3571 949 3622 Restitutus.
961 3572 992 3621 Et
1005 3568 1183 3635 respicientes
1197 3568 1327 3621 viderunt

169 3666 197 3717 in
214 3664 340 3720 oratione
351 3676 422 3733 genn
444 3666 522 3720 llexo.
536 3669 568 3718 itt
588 3667 760 3734 procidentes
781 3667 967 3720 salutaverunt
987 3681 1060 3731 eunt,
1074 3667 1197 3720 dicentes
1210 3681 1217 3719 ε
1230 3668 1303 3734 Aac,
1316 3680 1336 3721 st

168 3765 233 3819 Dei.
247 3766 297 3829 Qui
310 3764 480 3830 respondens
492 3764 556 3819 cis:
578 3767 637 3825 oni
655 3766 781 3833 apernit
800 3780 882 3820 ineos
902 3768 1007 3820 caelos
1021 3767 1072 3819 det
1092 3765 1176 3819 nobis
1194 3766 1336 3820 vitamet

168 3877 254 3917 nem.
268 3866 330 3916 ltrat
340 3870 432 3917 autern
444 3865 482 3917 ibi
495 3863 614 3918 famulus
626 3866 673 3932 qui
691 3879 754 3918 curn
775 3879 807 3918 eo
819 3872 957 3919 venerata
978 3865 1107 3918 Galilaea.
1122 3867 1327 3932 interrogantes

169 3976 224 4029 quo
243 3963 355 4015 nornine
369 3968 512 4016 vocaretur
524 3964 575 4016 iste
595 3964 700 4016 arnicas
721 3963 778 4027 bei,
792 3963 933 4030 respondit
951 3965 1007 4016 eis:
1033 3964 1207 4018 Restitntus
1226 3966 1275 4016 est
1291 3975 1336 4017 no:

169 4062 246 4127 tiras
261 4064 294 4114 bt
305 4060 343 4114 illi
365 4061 523 4129 gaudentes,
535 4061 719 4130 glorificantes
740 4066 835 4127 bourn,
848 4078 910 4116 cunr
929 4066 1047 4116 maxima
1068 4064 1214 4118 devotione
1233 4070 1336 4131 atqnet

171 4162 257 4214 rentia
279 4162 405 4226 amplexu
425 4162 521 4215 timido
542 4163 711 4229 palpitabant
732 4177 805 4229 eum,
827 4164 949 4216 dicentes
964 4181 970 4215 :
983 4163 1072 4216 Stare
1088 4163 1145 4216 Dal
1164 4163 1326 4229 Restitute,

169 4272 232 4313 non
248 4259 514 4328 reclamassent
534 4262 616 4314 Dares
636 4261 728 4329 clepit
740 4264 777 4330 tc,
785 4262 956 4328 providens
976 4262 1015 4314 (le
1035 4265 1063 4314 te
1079 4261 1166 4315 treats
1187 4261 1220 4313 in
1229 4265 1336 4328 pastor

169 4359 198 4409 et
218 4357 313 4410 clatus
332 4371 365 4410 es
394 4357 481 4411 trabis
501 4358 589 4412 urbis
623 4359 817 4413 Tricastinae
836 4360 1007 4427 episcopas.
1029 4364 1061 4413 At
1083 4361 1128 4413 itte
1149 4360 1319 4426 stupetactus

204 4556 239 4619 tt)
256 4556 294 4608 lta
310 4556 371 4609 eod.
385 4574 393 4624 ;
407 4569 443 4610 an
456 4557 526 4612 torte
539 4558 685 4626 legendnm
696 4570 796 4626 mapa
808 4557 880 4625 (graii.
894 4570 1018 4625 escape,
1032 4555 1051 4609 i.
1065 4570 1090 4610 e.
1103 4557 1226 4619 dorseni,
1239 4562 1336 4621 vertexj
