3136 5482
294 310 360 379 458
645 328 771 379 orum.
790 328 891 380 cono.
910 328 1083 379 usercen.
1102 328 1183 379 nun.

329 501 379 551 14.
394 499 452 552 llio
464 512 574 566 quoque
587 504 709 567 tempore
721 499 833 567 quidam
845 499 1052 568 energuminus,
1061 497 1230 565 nequissimo
1240 494 1339 563 spiritu
1349 495 1515 549 uehementer

297 599 418 663 invasus,
432 598 465 651 ad
486 598 567 665 butus
587 600 672 652 sancti
695 599 909 652 misericordiam
928 600 1031 667 junctis
1052 603 1113 664 post
1124 603 1232 663 tergum
1245 582 1375 649 manibus
1387 595 1421 649 ab
1432 593 1514 648 amicis

295 696 429 751 adductus
450 702 499 751 est.
514 700 562 762 Qui
584 712 646 751 curn
667 712 759 751 coram
772 699 850 752 altari
871 696 1026 751 venerando
1041 702 1158 750 statutus
1176 702 1251 750 esset
1262 699 1318 748 eta
1337 693 1512 761 praesentibus

255 779 258 783 ⁵
295 803 403 865 rogatus
415 797 510 851 suisset
522 804 553 851 ut
564 799 717 852 dominicae
736 799 867 852 orationis
886 798 969 851 rerba
989 796 1102 863 diceret,
1115 795 1260 849 confestim
1281 794 1399 863 nugulas
1419 794 1509 860 ineptas

233 881 236 885 Δ
284 898 385 964 ‘coepit
397 898 518 963 prolerre
531 903 558 951 et
570 899 599 950 in
611 899 796 964 proximorum
818 898 869 950 sibi
889 898 986 950 taciem
1007 901 1088 963 sputa
1100 893 1236 962 proicere.
1249 896 1281 947 ln
1295 895 1344 947 bac
1357 906 1422 946 vcro
1436 892 1532 945 irenei

294 997 348 1049 tica
360 998 469 1051 erronei
482 997 565 1049 animi
587 998 768 1051 obstinatione
789 1010 838 1063 per
850 1001 938 1050 toturn
957 996 1030 1049 diem
1043 995 1153 1060 mansit,
1167 994 1278 1047 vinctus
1291 993 1377 1059 pedes
1393 991 1451 1046 lorti
1461 992 1507 1043 loro

295 1096 330 1149 ad
343 1097 492 1150 asinarium
507 1096 625 1164 lapidem
638 1097 743 1150 fortiter·
755 1097 844 1165 ligato.
857 1100 940 1151 iioctc
951 1109 1017 1149 vcro
1035 1094 1214 1163 subsequenti
1229 1094 1387 1161 suppositus
1396 1098 1506 1145 estense

295 1202 404 1250 sanctas
424 1197 587 1249 sanctissimi
608 1197 713 1251 lionani
735 1197 865 1264 reliquias
884 1197 958 1250 intus
978 1195 1101 1249 habenti.
1115 1196 1147 1247 ln
1168 1194 1321 1247 crastinum
1341 1192 1503 1246 autembono

296 1296 341 1349 ille
355 1311 438 1349 sanus
457 1302 500 1349 est
520 1297 647 1350 inventus
660 1311 691 1351 ac
705 1298 726 1350 si
741 1310 891 1365 numquam
912 1297 1009 1351 fuisset
1021 1295 1197 1350 furibundus.
1210 1298 1265 1349 lieo
1278 1295 1369 1348 solum
1389 1294 1412 1346 is
1422 1291 1502 1344 ibidem

295 1397 471 1450 daemoniaca
483 1397 624 1451 invasione
636 1398 746 1451 liberari
758 1399 867 1464 meruit,
882 1411 977 1450 verum
992 1396 1073 1450 etiam
1090 1396 1202 1463 plurimi
1221 1394 1339 1449 diuersis
1354 1390 1503 1462 aegritudini
1514 1386 1536 1439 lt

295 1495 346 1548 bus
359 1495 494 1548 molestati
506 1500 613 1561 optatae
627 1497 721 1549 salutis
733 1496 807 1550 dono
820 1496 907 1563 potiti,
921 1496 950 1547 in
963 1508 1012 1548 sua
1024 1495 1127 1562 quique
1140 1507 1203 1565 cunr
1213 1493 1315 1563 gaudio
1327 1492 1437 1546 rediere.

329 1594 378 1647 15.
392 1597 436 1647 Est
449 1607 557 1663 quoque
572 1596 613 1646 iris
625 1596 781 1648 addendum
795 1596 869 1649 aliud
881 1596 995 1664 dignum
1007 1595 1140 1649 relatione
1153 1594 1317 1648 miraculum
1329 1592 1402 1661 quod
1415 1592 1502 1645 nortui

296 1695 404 1747 silentio
416 1695 657 1761 praetereundum.
671 1695 792 1758 Quodam
806 1697 926 1763 denique
937 1703 1069 1762 ternpore,
1081 1695 1231 1749 conticinio
1252 1694 1342 1748 noctis
1356 1698 1426 1757 ente,
1436 1686 1501 1757 gutd-

296 1794 359 1847 dnm
380 1793 534 1847 aedilicium
557 1807 606 1860 per
624 1796 747 1848 incuriae.
768 1796 875 1862 culpam
897 1797 925 1848 in
947 1795 1180 1850 nacconltuentia
1202 1795 1265 1862 igne
1286 1806 1444 1847 succensum
1457 1796 1502 1853 cst3

296 1904 414 1960 cumque
425 1894 459 1946 ab
480 1892 575 1946 eodem
596 1893 631 1945 ad
655 1894 770 1947 alterum
791 1900 818 1946 et
829 1894 864 1947 ab
877 1894 923 1947 illo
936 1894 970 1947 ad
984 1894 1076 1961 plures
1096 1893 1221 1947 saeviens
1232 1890 1393 1946 incendium
1404 1894 1503 1957 pennu
1516 1884 1536 1936 ll

296 1992 370 2051 siret,
384 1992 583 2044 concurrebant
595 1992 704 2058 plurimi
718 1999 748 2045 ut
761 1994 851 2061 ignem
863 1994 1078 2061 exstinguerent.
1091 1995 1191 2045 Verum
1209 1992 1265 2044 illis
1276 2004 1377 2058 aquam
1390 1990 1419 2042 iu
1435 1990 1508 2054 ignem

297 2102 395 2159 magno
407 2097 506 2143 conatu
515 2092 690 2158 jacientibus,
704 2092 769 2145 itae
787 2094 926 2146 contrario
938 2093 1046 2147 tlamma
1067 2092 1253 2145 invalescebat
1270 2098 1303 2143 ut
1323 2096 1442 2145 totorum
1457 2090 1509 2140 mn

299 2191 427 2243 tluentiae
439 2190 625 2244 aediliciorum
640 2191 738 2245 minari
760 2192 901 2245 videretur
920 2190 1089 2245 incendium.
1102 2193 1226 2258 Cumque
1235 2192 1294 2257 jam
1311 2183 1512 2244 bumauiamllii

298 2291 367 2343 lacta
379 2289 533 2356 desperatio
553 2292 663 2355 inesset,
677 2293 789 2358 solaque
812 2293 924 2358 superni
939 2292 1087 2358 juvaminis
1104 2290 1204 2359 indago
1223 2296 1394 2357 superesset,
1406 2292 1515 2341 sancum

298 2391 461 2443 sanctissimi
482 2392 587 2444 bononi
608 2405 708 2457 corpus
730 2406 745 2443 a
766 2392 839 2445 clero
861 2393 924 2445 illuc
946 2390 1058 2445 ctiertur
1076 2403 1130 2458 quo
1149 2403 1230 2444 vorax
1252 2389 1365 2443 tiamma
1383 2382 1553 2442 multorum!

298 2488 484 2543 aedificiorum
506 2495 623 2558 stragem
642 2492 744 2544 iecerat
763 2492 945 2559 popularique
966 2490 1121 2543 minabatur
1141 2490 1214 2558 quod
1235 2496 1395 2557 supererat.
1408 2492 1522 2541 nurum

299 2601 352 2641 vox
373 2589 459 2641 oritur
478 2590 600 2642 omnium
621 2591 789 2643 unanimiter
810 2588 1041 2644 conclamantium
1061 2611 1067 2640 :
1085 2590 1195 2643 Sancte
1214 2590 1357 2657 concire,
1379 2586 1431 2658 ser
1449 2597 1525 2655 opem

298 2688 442 2757 famulis,
455 2702 511 2743 noo
532 2689 570 2744 ab
593 2689 641 2743 iris
664 2690 825 2744 liberando
846 2690 1011 2745 incendiis.
1025 2692 1057 2743 ltt
1077 2692 1149 2744 dicto
1170 2690 1250 2743 citius
1272 2690 1329 2742 rirn
1350 2690 1529 2742 virtutissuac

298 2788 399 2841 oblitus
413 2795 454 2841 est
466 2790 547 2854 ignis,
561 2789 662 2843 cedens
684 2791 711 2842 in
732 2796 819 2844 semet
840 2804 888 2844 sua
911 2792 1069 2854 reflexione,
1082 2795 1113 2844 ut
1132 2795 1258 2857 patenter
1276 2790 1413 2844 omnibus
1430 2789 1532 2844 daretur

298 2886 417 2954 intellegi
432 2889 518 2939 sancti
538 2888 644 2941 llonani
668 2890 866 2943 intercessione
887 2895 974 2943 semet
985 2891 1019 2942 ab
1032 2889 1160 2943 incendio
1180 2889 1305 2943 liberari.
1321 2890 1427 2956 Sisque
1439 2888 1533 2941 tactum
1558 2908 1566 2920 ·

299 2991 382 3038 estut
395 2986 502 3038 flamma
515 2988 633 3039 incendii
647 2989 694 3041 illo
707 2990 824 3042 termino
846 2990 981 3041 refrenata
1002 2990 1030 3041 in
1055 2989 1202 3054 semetipsa
1220 2988 1423 3056 refrigesceret
1438 2994 1466 3040 et
1476 2999 1534 3039 ron·

298 3087 405 3152 tingere
417 3087 531 3139 ulterius
544 3088 690 3153 qrricquarn
704 3087 820 3140 aedilicii
839 3102 894 3140 non
915 3088 1037 3155 auderet,
1053 3093 1209 3154 praestante
1222 3088 1343 3141 Domino
1356 3094 1458 3142 nostro
1475 3088 1536 3140 Filio

300 3194 344 3244 bei
359 3194 570 3260 unigenitoqui
585 3198 736 3248 compatre
757 3202 869 3249 aeterno
891 3203 918 3249 et
938 3196 1039 3265 Spiritu
1058 3202 1204 3249 coaeterno
1224 3196 1293 3250 vivit
1306 3201 1336 3248 et
1351 3204 1454 3266 regnat
1474 3199 1537 3250 item

300 3309 349 3361 per
363 3296 454 3348 omnia
467 3297 577 3350 saecula
591 3298 771 3352 saeculorum.
786 3301 881 3351 nmen.

775 3468 1061 3482 ῃ

519 3726 675 3814 court.
699 3728 824 3817 (lodex
845 3728 1031 3838 signatus
1052 3750 1164 3814 num.
1190 3722 1321 3817 5276.

335 3945 404 3997 Olim
417 3943 589 3995 colbertinus
602 3944 676 4005 tilii,
689 3941 789 3993 deinde
802 3941 900 4006 Regius
913 3943 940 3992 tl.
954 3942 1029 3993 18115.
1044 3942 1085 3993 lb.

337 4044 473 4096 Foliorum
488 4044 545 4105 151,
560 4040 634 4093 merl.
647 4041 865 4104 (detruxisti).
879 4040 958 4092 lineis
972 4041 1068 4106 plenis,
1082 4047 1212 4094 exaratus
1225 4053 1302 4094 saec.
1316 4045 1384 4097 iill'.

403 4143 438 4216 l⁰
456 4141 586 4218 Passio
604 4139 726 4217 saneti
745 4139 860 4214 blanci
880 4140 1136 4240 evangelistae
1153 4138 1230 4239 (fol.
1255 4139 1380 4241 ti-t‘).

336 4274 384 4326 Eri.
398 4275 462 4326 Act.
476 4273 533 4335 SS.,
548 4271 581 4324 ad
594 4271 622 4323 d.
637 4271 854 4335 suspiritum.
869 4271 912 4329 lll,
927 4285 952 4336 p.
967 4273 1069 4324 stt-ro.
1083 4274 1141 4324 om.
1156 4283 1234 4322 num.
1249 4273 1261 4323 l
1277 4284 1312 4325 ac
1326 4275 1435 4340 passim
1448 4276 1543 4345 aliquo

305 4386 364 4425 rum
379 4386 557 4425 numerorum
571 4384 668 4438 magna
681 4383 751 4435 pars.

400 4471 438 4545 t⁰
456 4471 587 4547 Passio
615 4478 838 4547 sanctorum
857 4468 1124 4570 apostolorum
1151 4467 1332 4570 Philippi
1353 4481 1395 4550 et
1414 4473 1544 4553 Jacobi

451 4593 527 4693 (for.
548 4594 667 4693 1-1).

339 4731 428 4785 Passio
450 4731 477 4783 S.
498 4730 623 4795 Plrilippi,
644 4729 687 4783 ed.
709 4728 785 4795 ibid,
799 4729 872 4785 add.
896 4732 908 4783 1
931 4728 1081 4794 limitum.
1095 4727 1116 4790 l,
1140 4741 1167 4794 p.
1192 4728 1324 4793 ll·l2,'ct
1346 4732 1446 4789 Passio
1469 4730 1546 4787 511111
