3136 5482
493 357 585 407 eran.
604 359 687 408 nor.
707 358 822 410 roms.
843 380 886 388 -
904 358 981 407 coo.
1000 355 1030 406 ol
1063 358 1098 407 a.
1356 337 1397 403 19

205 526 265 578 vita
277 531 382 578 auctore
396 525 531 585 Lucifero,
545 526 587 578 ed.
598 528 663 579 Aci.
676 526 732 591 SS,
747 526 780 578 ad
798 527 826 579 d.
841 529 951 593 tsept,
965 532 1030 579 tom.
1044 528 1089 590 lll,
1102 540 1129 592 p.
1141 528 1227 580 5258.
1242 524 1399 577 Desideran-

166 636 213 680 tur
225 624 346 692 prologus
358 630 385 678 et
396 624 519 678 clausula
529 626 590 692 Epo
601 624 730 694 Lucifer
741 625 993 680 subdiaconum...

268 729 303 806 Ψ
317 731 547 807 Miraculum
564 725 686 808 sinoti
704 731 856 809 Martini
874 731 950 831 (fol.
973 730 1130 829 ali-38¹).

197 870 343 933 ineditum,
356 876 386 924 ut
398 870 515 925 videtur.
531 870 589 922 l'id.
603 871 725 937 append.

270 976 305 1052 3⁰
323 977 536 1077 {Lectiones
554 975 603 1052 de
623 976 660 1051 S.
683 976 880 1054 Ludouico
907 977 956 1053 lll
974 1000 1064 1098 rege
1088 976 1283 1076 Franciae]
1311 975 1392 1078 (fol.

313 1101 483 1196 loson.
1177 1123 1180 1130 ’

205 1242 286 1295 breve
297 1240 489 1309 compendium
504 1241 577 1294 Vitae
588 1242 613 1293 S.
628 1240 769 1294 ludovici.

671 1426 902 1436 ψ-

484 1656 693 1769 Appendix
724 1656 773 1743 od
805 1655 888 1745 cod.
922 1655 1002 1741 910
1032 1655 1079 1745 A.

562 1889 764 1937 MIRACULUM
790 1889 819 1936 S.
846 1888 999 1935 MARTINI.

224 2054 321 2122 [ustio
331 2064 377 2125 1·].
391 2090 425 2098 -
438 2060 549 2113 Pretiosi
562 2058 735 2123 confessoris,
757 2056 827 2111 beati
841 2057 971 2110 videlicet
992 2055 1101 2108 blartini
1113 2056 1281 2108 Turonensis
1292 2052 1396 2108 archie-

198 2154 287 2222 piscopi,
298 2161 429 2227 quoddam
452 2159 582 2212 memoria
602 2158 717 2225 dignum
739 2170 808 2223 opus
820 2156 922 2210 referre
940 2156 1091 2222 cupientes,
1106 2167 1250 2207 monemus
1262 2153 1393 2221 legentes,

198 2251 218 2303 si
227 2253 330 2317 olilorte
342 2259 431 2326 legere
443 2255 590 2321 voluerint,
603 2262 634 2309 ut
646 2254 796 2308 adhibeant
809 2254 889 2307 iidem
907 2253 1000 2317 dictis,
1018 2253 1159 2320 quoniam,
1174 2253 1245 2306 sicut
1256 2253 1395 2318 Scriptura

198 2352 298 2418 testum
307 2355 367 2408 nisi
378 2353 585 2413 credideritis,
597 2365 660 2406 non
672 2352 862 2418 inteltipetis.
873 2352 1098 2418 Arcbiepisoopus
1107 2349 1242 2417 siquidem
1253 2354 1392 2403 Turonen-

170 2448 186 2496 b
200 2445 232 2498 sis
248 2448 346 2507 donnus
358 2456 445 2520 llugo,
463 2451 511 2519 qui
531 2451 697 2518 temporibus
710 2451 830 2519 Gregorii
843 2453 851 2470 ⁸
865 2453 1001 2504 Romanae
1019 2451 1092 2503 sedis
1113 2451 1213 2503 summi
1235 2449 1390 2515 pontilicis,
1452 2452 1550 2531 'lep'

197 2544 298 2601 tudonci
308 2553 469 2604 Francorum
482 2549 564 2617 regis,
577 2549 760 2616 supradictam
779 2552 967 2603 turonensem
985 2550 1097 2617 regebat
1109 2545 1274 2614 [ecclesiam]
1286 2549 1331 2613 (l),
1341 2547 1393 2600 boc
1411 2518 1562 2572 ¹⁰⁰⁰⁰⁰¹¹¹¹i

197 2642 257 2708 quod
267 2650 396 2704 scribimus
406 2649 567 2703 miraculum
580 2661 629 2701 suo
642 2647 800 2701 testimonio
812 2661 905 2701 verum
919 2649 1005 2702 luisse
1016 2647 1197 2702 confirmavit.

223 2743 329 2818 [ledo]
340 2752 392 2802 n·.
407 2777 439 2787 -
452 2747 625 2802 consuetudo
638 2747 774 2813 siquidem
788 2753 829 2799 est
841 2746 992 2801 inecclesia
1003 2746 1078 2800 beati
1091 2746 1198 2799 llartini
1212 2745 1393 2810 Turonensis,

196 2847 319 2906 ululando
330 2850 387 2902 dies
409 2848 494 2901 festus
514 2847 667 2900 celebrator
687 2846 721 2900 de
738 2847 916 2900 translatione
938 2848 1009 2900 beati
1030 2847 1148 2911 Martini,
1162 2852 1243 2900 noete
1261 2845 1307 2897 illa
1323 2857 1394 2912 quae

153 2945 181 2993 ¹⁰
196 2940 255 2994 diem
265 2950 385 3009 praecedit
397 2963 478 3003 nemo
491 2950 519 3002 in
529 2949 643 3003 ecclesia
657 2948 703 3002 illa
716 2948 889 3015 permittatur
899 2962 1041 3004 remanere
1050 2956 1114 3004 ante
1123 2949 1187 3019 galli
1198 2955 1319 3015 cantum,
1328 2961 1395 3015 quo·

196 3039 264 3105 aian,
273 3052 297 3098 ut
307 3048 412 3114 plurimi
424 3047 569 3108 affirmant,
581 3049 678 3100 beatus
690 3047 821 3100 llartinus
833 3062 895 3102 cum
906 3048 969 3102 aliis
991 3051 1092 3103 sanctis
1105 3049 1310 3103 consessoribus
1322 3048 1392 3101 suis·

194 3151 239 3204 *lle
248 3147 418 3201 annualibus
428 3149 458 3200 in
470 3148 565 3200 eadem
576 3148 690 3200 ecclesia
701 3146 821 3200 odicium
834 3150 996 3202 nocturnale
1008 3150 1147 3204 celebrare
1159 3148 1327 3216 perhibetur.

221 3235 316 3304 [bollo
327 3246 406 3314 111¹i·
419 3274 452 3286 -
463 3245 566 3299 Accidit
577 3252 668 3299 autern
681 3251 712 3298 ut
723 3247 834 3313 quidam
846 3250 855 3266 '
868 3248 999 3301 ecclesiae
1011 3248 1098 3316 ipsios
1109 3249 1258 3302 canonicus
1269 3261 1343 3301 anno
1356 3248 1391 3300 ab
1448 3261 1456 3279 ·
1469 3260 1535 3312 cod.

196 3337 351 3399 ineamationc
360 3346 466 3399 bomini
477 3345 621 3400 millesimo
633 3346 782 3399 centesimo
793 3345 1003 3416 quadragesimo
1026 3348 1114 3414 primo
1137 3360 1153 3400 a
1176 3348 1335 3401 custodibus
1360 3351 1388 3399 et
1432 3324 1553 3391 ‘lumem-

147 3439 177 3490 li
192 3434 380 3498 aediloismultis
392 3444 519 3512 precibus
529 3445 684 3511 impetravit
701 3446 841 3512 quatinus,
854 3459 916 3499 curn
930 3447 1047 3512 populus
1060 3446 1335 3512 postcompletorium
1355 3445 1390 3497 ab

192 3541 286 3596 oratorio
296 3546 485 3613 expelleretur,
498 3546 583 3609 solus,
595 3546 718 3598 accensis
730 3544 914 3599 luminaribus
924 3547 1053 3609 etcercls,
1067 3547 1095 3598 in
1105 3544 1221 3599 ecclesia
1231 3552 1392 3612 pernoctare

196 3637 380 3700 remitteretur.
393 3645 442 3698 llic
452 3651 554 3711 autem,
574 3644 676 3711 dequo
688 3643 830 3711 loquimur
842 3647 861 3704 '.
875 3643 1034 3706 canonicus,
1056 3658 1072 3698 a
1094 3642 1210 3712 pueritia
1227 3643 1347 3697 nutritus
1363 3643 1393 3695 in
1450 3653 1535 3706 wod,

191 3735 268 3792 “dem
277 3744 397 3812 ecclesia,
411 3746 551 3799 bonestam
564 3750 592 3798 et
603 3744 663 3798 sine
674 3746 787 3812 querela
799 3746 882 3797 vitam
896 3746 1019 3799 duxerat.
1426 3719 1559 3784 mmm·

214 3836 305 3896 Ledo
316 3847 400 3898 nnn
422 3845 532 3897 -Cum
555 3855 621 3897 vero
638 3845 694 3910 jam
715 3843 870 3911 decrepitae
882 3850 955 3898 esset
973 3846 1079 3909 aetatis,
1093 3845 1184 3899 omnia
1203 3857 1394 3913 quaecumque

138 3942 169 3996 to
187 3933 268 3990 tabuit
275 3942 301 3995 io
311 3943 481 3997 ornamentis
493 3943 625 3996 ecclesiae
642 3941 715 3996 beati
736 3944 844 3996 llanini
858 3942 1007 3998 distribuit.
1030 3946 1063 3997 Et
1083 3957 1145 3997 cum
1156 3945 1212 4011 jam
1232 3944 1272 3996 nil
1284 3945 1396 4011 penitus

185 4036 290 4107 baberet,
303 4048 473 4108 mortemque
485 4042 537 4097 sibi
549 4041 664 4094 sentiret
675 4043 772 4096 adesse
782 4048 965 4110 praesentem,
978 4048 1007 4097 ut
1017 4045 1074 4111 jam
1087 4043 1289 4110 praemisimus,
1303 4043 1393 4111 uigilia

178 4140 347 4196 translationis
371 4141 444 4196 beati
465 4143 583 4210 lamini,
608 4143 708 4210 populo
731 4142 815 4196 simol
837 4157 899 4196 cum
921 4143 994 4197 clero
1017 4143 1164 4197 recedente
1188 4144 1217 4195 in
1238 4142 1396 4209 supradicta

174 4240 295 4296 remansit
305 4240 432 4293 eeclesia.
445 4241 568 4307 cumque
580 4239 710 4294 caelestes
723 4246 786 4294 ante
806 4253 905 4309 corpus
927 4241 998 4295 beati
1019 4241 1126 4294 llartini
1144 4246 1237 4309 ageret
1254 4241 1394 4306 excubias,

169 4351 230 4396 ecoe
244 4344 353 4393 sanetus
370 4337 512 4404 llarlinus,
534 4338 735 4406 pontificalibus
753 4346 866 4393 ornatus
886 4338 1051 4408 insignibus,
1071 4354 1133 4394 cum
1151 4339 1240 4394 tribus
1258 4340 1396 4409 episeopis

138 4446 155 4498 5
168 4441 281 4497 oboram
292 4436 457 4506 ingreditur,
470 4443 497 4491 et
508 4450 600 4492 coram
612 4438 692 4491 altari
704 4438 780 4492 brevi
793 4439 926 4505 completa
944 4440 1077 4503 oratione,
1097 4440 1155 4506 ipse
1166 4439 1278 4505 quidem
1292 4440 1320 4493 ln
1333 4440 1399 4494 sede

185 4640 226 4706 (a)
243 4639 296 4691 nn.
315 4633 563 4702 rrssrrrrreatt.
580 4634 705 4706 comt,
719 4642 785 4691 tom.
799 4638 862 4706 xlv,
874 4650 900 4704 p.
914 4637 967 4703 oar.
