3136 5482
384 334 479 383 auec.
497 334 580 384 uer.
600 333 716 383 eunus.
737 353 782 363 —
797 333 952 383 nerano.
972 333 1019 383 nn
1036 333 1115 383 con.
1134 332 1195 383 eto.
1364 321 1409 386 43

209 509 320 564 quousque
334 499 422 554 caelos
441 504 655 567 penetraverunt
674 504 805 553 canentes
820 516 826 552 :
840 502 939 564 Beate
950 512 992 566 cs,
1014 499 1101 565 eirpo
1113 502 1142 552 et
1155 503 1278 565 inerim·
1293 499 1409 554 Christi

214 594 317 666 lubrie
334 599 408 665 quia
427 599 462 651 iou
483 598 634 652 thalamis
650 599 812 666 perpetuis
833 600 940 666 lepide
951 599 1038 652 ononi
1044 598 1184 665 pretioso
1202 600 1325 653 ornatis
1337 614 1408 654 cum

208 693 335 758 phodere
345 697 501 764 ineffabili
519 697 679 751 exultabis
698 699 729 751 et
747 699 878 765 nuptias
889 698 998 765 sponsi
1011 698 1059 750 tei
1067 700 1214 752 aeternas
1227 699 1344 752 videbis
1356 698 1410 752 ubi

210 804 255 844 ooro
264 794 368 863 deficiet
377 797 535 862 pendium
546 799 576 849 et
587 797 754 850 exultatio.

184 891 198 939 5
231 892 256 943 ὅ,
265 895 352 960 Corpus
364 895 485 962 denique
498 896 593 948 beatae
606 896 729 948 l'uleriac
742 896 803 948 sine
823 895 922 962 capite,
941 897 998 962 lam
1012 895 1189 959 decollatum,
1202 897 1282 962 quasi
1294 897 1408 961 viveret,

138 988 142 1063 l
204 990 476 1060 protinuscapotsuum
488 995 616 1048 manibus
635 996 753 1061 propriis
773 996 889 1060 accepit,
911 1001 938 1048 et
950 1001 1074 1048 erectum
1096 996 1169 1050 sicut
1187 995 1281 1047 vivens
1303 995 1410 1062 integer

138 1078 141 1127 Ρ
202 1085 264 1142 tomo
273 1089 346 1144 drmis
359 1093 472 1144 incessit
483 1093 620 1158 vestigiis3
634 1099 662 1145 et
672 1106 720 1158 per
734 1092 852 1144 mediam
866 1093 1005 1145 civitatem
1018 1105 1133 1159 pergens
1142 1093 1225 1158 quasi
1235 1092 1269 1144 ad
1279 1098 1410 1158 quattuor

199 1186 274 1256 sbdb,
284 1190 313 1243 ad
327 1189 484 1256 pontificem
497 1191 542 1244 bei
559 1191 707 1244 tlartialem
719 1205 808 1258 usque
820 1192 953 1256 pervenit.
966 1193 1123 1258 Eademque
1141 1193 1208 1244 bora
1219 1193 1334 1244 antistes
1358 1192 1409 1244 iste

197 1282 244 1348 ipse
253 1288 274 1341 in
284 1291 388 1343 basilica
409 1289 484 1343 beati
506 1291 636 1357 Stephani
658 1290 752 1343 divina
772 1291 919 1359 peragebat
938 1290 1065 1356 mysteria
1087 1305 1135 1356 pro
1148 1292 1278 1356 uuurtyrio
1300 1296 1412 1344 sanctae

160 1379 182 1428 ¹⁰
194 1382 297 1451 Valeriae,
309 1391 470 1442 utanimam
488 1391 547 1457 ejus
565 1391 696 1442 Dominus
717 1390 855 1456 suscipere
867 1388 1027 1457 dignaretur
1045 1394 1072 1442 et
1090 1394 1154 1442 uiola
1168 1390 1270 1442 laceret
1293 1392 1405 1457 paganis

194 1483 303 1540 mirabilia
313 1501 362 1541 sua
375 1501 425 1556 per
442 1489 526 1541 illam.
540 1490 658 1542 Veniens
679 1502 744 1556 ergo
758 1493 821 1540 ante
832 1461 1017 1555 'conspectum
1030 1488 1118 1540 sancti
1137 1488 1275 1550 Martialis,
1290 1490 1410 1542 suaviter

191 1592 260 1649 caput
269 1601 339 1640 suum
351 1595 416 1641 aute
428 1588 511 1655 pedes
523 1590 582 1655 ejus
595 1589 732 1655 deposuit,
747 1594 773 1642 et
785 1589 881 1641 leviter
895 1588 1069 1654 postmodum
1090 1587 1192 1640 ibidem
1206 1588 1339 1641 decubuit
1354 1595 1406 1641 ter·

190 1691 240 1734 rae.
250 1687 386 1741 llarumrca
398 1688 456 1740 illic
469 1688 538 1741 torte
547 1689 655 1754 jacebat
665 1688 766 1756 tabula,
780 1694 807 1741 et
819 1702 903 1753 super
913 1701 973 1740 eam
984 1689 1092 1754 plantas
1104 1689 1232 1754 apposuit
1247 1705 1253 1740 ε
1265 1702 1299 1740 ac
1309 1689 1409 1740 virtute

188 1783 267 1844 dirim
276 1808 390 1847 marmor
399 1793 527 1848 ellectum
535 1802 577 1848 est
586 1796 775 1859 tenerrimum,
789 1802 816 1848 et
824 1797 900 1864 signa
910 1796 1011 1861 pedum
1022 1795 1146 1863 ejusdem
1156 1778 1271 1863 vlrpinis
1280 1808 1408 1862 expressa

151 1877 172 1928 ¹5
187 1889 278 1944 suntin
288 1906 318 1946 eo
329 1900 434 1961 aperte,
447 1908 519 1962 quae
531 1908 618 1961 usque
630 1894 711 1948 hodic
724 1896 753 1946 in
767 1897 952 1947 testimonium
966 1895 1103 1947 videntur.
1116 1898 1182 1947 llam
1201 1908 1295 1947 saxum
1316 1896 1404 1960 ipsum

188 1993 351 2046 marmoreum
361 1995 391 2047 in
404 1994 514 2060 publico
527 1994 593 2047 ioris
605 1994 657 2046 sub
669 1994 731 2047 divo
744 2000 855 2060 propter
876 1994 1061 2060 spectaculum
1075 1993 1162 2060 plebis
1176 1994 1311 2060 hodieque
1332 1995 1407 2046 exat·

188 2082 262 2140 ¹³lttu
278 2091 390 2145 uidetur.
410 2095 484 2157 Quae
504 2106 549 2145 res
570 2091 656 2146 mirae
677 2093 746 2146 nulli
765 2092 935 2146 videbuntur
956 2092 1136 2146 incredibiles
1156 2093 1203 2158 qui
1230 2081 1408 2158 perpenderit

187 2186 383 2251 0muipotentem
400 2194 486 2244 lleum
499 2191 584 2244 multa
596 2191 696 2243 similia
709 2196 736 2243 ct
749 2189 792 2243 bis
805 2193 909 2256 majora
920 2197 1062 2257 operatum
1075 2190 1169 2242 luisse.
1181 2192 1254 2253 Quae
1273 2191 1404 2242 miracula

190 2281 259 2335 multi
273 2291 362 2357 pagani
375 2290 510 2358 videntes,
525 2291 590 2344 bora
603 2304 635 2343 ea
647 2289 827 2343 crediderunt
838 2289 867 2342 in
880 2292 1018 2343 christum
1032 2294 1060 2342 et
1078 2289 1203 2356 baptizati
1217 2295 1281 2341 sunt
1301 2289 1408 2342 abeato

147 2362 296 2441 braiao.

225 2460 249 2514 6.
261 2468 363 2537 tueque
376 2471 538 2525 imminente
550 2478 630 2524 nocte
643 2472 761 2539 armiger
775 2471 864 2536 ducis,
877 2471 924 2537 quui
942 2485 1002 2524 eam
1023 2472 1215 2536 decollaverat,
1239 2472 1305 2524 baec
1323 2471 1404 2523 mira·

190 2558 347 2633 eulauioens,
360 2583 426 2624 cum
439 2584 546 2623 summa
558 2570 733 2624 testinatione
746 2570 782 2623 ad
795 2572 945 2637 principem
958 2572 1042 2634 venit,
1056 2583 1172 2623 narrans
1181 2572 1206 2623 ei
1217 2583 1287 2637 quac
1300 2570 1406 2622 viderat

192 2660 222 2706 ‘l
232 2668 419 2726 quaeaudierat
432 2683 482 2734 per
493 2681 564 2721 eom.
580 2672 666 2736 Atque
685 2669 813 2722 ultimum
835 2682 890 2721 non
913 2670 996 2722 tacuit
1014 2671 1176 2721 sententiam
1190 2669 1286 2722 mortis
1299 2681 1363 2720 suae
1376 2669 1405 2719 in

191 2748 245 2816 ipsa
254 2772 329 2832 nocte,
343 2783 427 2835 quam
441 2769 465 2820 ei
479 2775 573 2822 sancta
586 2769 691 2821 Valeria
704 2768 887 2836 praedixerat.
906 2768 982 2832 Quod
1001 2767 1104 2820 dictum
1117 2781 1180 2821 mox
1193 2772 1224 2821 ut
1236 2768 1357 2836 protulit,
1370 2769 1406 2820 ab

149 2849 174 2898 ii
190 2866 274 2929 tnrelo
283 2882 426 2934 percussus
446 2866 545 2920 cecidit
566 2868 600 2921 ad
623 2868 706 2933 pedes
729 2867 806 2920 ducis
824 2872 852 2918 ct
865 2875 988 2920 mortuus
1000 2874 1050 2920 est.
1065 2871 1121 2923 Dux
1134 2868 1226 2933 itaque
1238 2867 1402 2932 Stephanus,

190 2956 257 3016 lanta
267 2967 391 3021 miracula
403 2966 501 3018 videns
512 2972 540 3018 ct
552 2966 680 3031 audiens,
693 2967 790 3019 timore
800 2979 955 3031 percussae,
967 2980 1028 3019 cum
1042 2971 1099 3019 toto
1111 2966 1232 3018 exercitu
1244 2970 1406 3031 prostratus,

190 3061 249 3113 ¹¹lox
259 3065 335 3118 induit
348 3080 378 3118 se
389 3065 490 3126 cilicio,
504 3070 531 3117 ct
543 3079 592 3132 per
604 3065 768 3117 christianos
778 3065 825 3130 qui
844 3063 960 3116 aderant
979 3063 1055 3116 misit
1068 3063 1102 3116 ad
1120 3065 1231 3117 beatum
1243 3063 1404 3126 llartialem,

188 3158 312 3216 botulum
325 3163 522 3230 paenitentiam
535 3179 542 3215 :
557 3164 699 3215 nonenim
713 3176 762 3228 per
781 3163 961 3228 semetipsum
974 3161 1106 3214 accedere
1120 3160 1155 3213 ad
1167 3175 1232 3213 eum
1251 3174 1334 3214 ausus
1352 3166 1404 3218 est,

186 3255 275 3323 ¹1¹tuno
285 3266 385 3316 terrore
396 3265 597 3314 consternatus.
611 3262 687 3313 Tunc
708 3266 819 3312 sanctus
842 3260 950 3327 praesul
963 3260 1058 3312 venire
1078 3259 1112 3312 ad
1136 3273 1200 3312 eum
1213 3265 1254 3311 est
1267 3244 1404 3326 dignutus.

138 3333 164 3381 ω
184 3344 329 3413 Quemcum
342 3367 470 3413 cerneret
490 3359 554 3423 ulux,
577 3358 673 3411 eadem
696 3357 762 3412 bora
782 3373 845 3410 cum
867 3358 987 3410 lacrimis
1009 3359 1083 3409 misit
1103 3370 1132 3409 se
1150 3357 1185 3409 ad
1198 3357 1282 3423 pedes
1294 3358 1364 3423 ojus,
1377 3365 1405 3408 et

179 3449 431 3514 ellttctuseuercitus
445 3473 508 3511 cum
521 3458 683 3525 primatibus
695 3459 834 3510 Romanis.
854 3461 930 3511 Tunc
949 3459 1046 3511 beatus
1059 3458 1189 3510 llartialis
1201 3456 1297 3508 videns
1310 3462 1404 3521 poten·

178 3539 227 3596 ¹&
236 3558 321 3610 sacculi
334 3564 444 3624 paratos
464 3555 497 3607 ad
519 3555 699 3615 credendum,
723 3560 754 3607 ut
776 3556 815 3607 eis
837 3556 980 3608 veritatem
1000 3555 1063 3607 iudei
1076 3555 1288 3615 demonstraret,
1308 3559 1406 3605 tenens

176 3636 291 3710 defuncti
301 3672 413 3711 manuum
426 3659 463 3709 uit
477 3674 483 3709 :
498 3657 668 3712 &suescitei
691 3661 720 3710 te
740 3658 891 3710 Dorainus
911 3671 999 3710 rectis
1011 3660 1041 3710 et
1053 3657 1203 3724 mcopister
1216 3668 1302 3706 naeus
1313 3654 1404 3706 ies-ris

138 3823 157 3838 m
180 3736 319 3825 Quoue,
334 3770 426 3825 queem
437 3756 553 3809 ludaei
572 3757 804 3825 crucifioeeruni
821 3759 851 3809 ct
871 3757 964 3809 tertia
977 3757 1028 3808 dic
1038 3755 1216 3808 resurrexit
1228 3767 1248 3806 a
1261 3752 1403 3815 mortuos,

138 3843 159 3871 *'
176 3845 371 3920 Qiopoaiolo
392 3868 450 3909 auo
470 3855 563 3908 Petro
584 3869 633 3908 nee
653 3856 775 3909 sociare
794 3856 944 3923 clipeatus
957 3859 1002 3908 cst
1013 3857 1043 3907 et
1057 3867 1118 3922 per
1130 3867 1201 3906 erim
1214 3852 1300 3904 misit
1312 3864 1360 3903 irre
1371 3851 1406 3902 irc

177 3928 268 4004 “latu
279 3955 486 4022 provinciam,
509 3957 544 4007 ut
562 3954 701 4022 pieriam
721 3955 788 4019 ejus
805 3953 1036 4020 eoaeifesioret.
1049 3953 1088 4006 Iri
1107 3952 1208 4018 ipsius
1220 3949 1403 4004 noerinesiu

178 4039 367 4119 ‘nauperes
379 4056 459 4107 tuos.
471 4054 522 4117 ‘Qui
536 4053 600 4106 ilico
614 4066 741 4121 surgens,
765 4053 925 4118 provolutus
942 4052 1058 4117 pedibus
1070 4051 1157 4103 sancti
1170 4048 1300 4102 Martialis
1313 4048 1380 4099 dixit
1396 4065 1402 4099 :

188 4126 233 4188 Τὰ
247 4159 273 4198 et
289 4165 356 4205 cere
370 4150 520 4219 pontifex
540 4152 604 4204 Dei.
628 4151 760 4205 Peccavi
771 4151 915 4205 occidens
935 4151 1122 4217 serupuinem
1134 4149 1259 4214 Justum
1272 4164 1282 4213 ,·
1294 4147 1348 4199 scd
1359 4147 1402 4198 du

186 4235 398 4318 ’'titimeecro,
419 4249 608 4316 baptismum
629 4249 886 4316 christianorum,
906 4253 935 4302 et
947 4249 1000 4316 fac
1013 4262 1061 4301 me
1072 4247 1292 4302 christianum.
1307 4249 1403 4299 Beatus

149 4318 177 4367 ω
191 4335 247 4389 '0¹0
256 4345 374 4403 llartialis
386 4356 440 4402 tam
453 4349 505 4416 ipsi
518 4351 564 4415 qui
579 4350 758 4402 resuscitatus
768 4347 831 4416 [cst]
844 4362 927 4415 quam
941 4350 1079 4415 Stephano
1089 4348 1152 4401 duci
1165 4354 1193 4399 et
1204 4346 1321 4412 satrapis
1331 4347 1402 4411 ejus,

199 4438 323 4512 eun<totoue
334 4447 468 4502 exercitui
480 4450 539 4513 ejus
558 4449 671 4502 credero
692 4454 795 4516 parato,
819 4449 1014 4514 paenitentiam
1027 4446 1135 4511 indixit,
1157 4451 1184 4498 et
1195 4445 1341 4511 baptizavit
1353 4457 1400 4498 eos

202 4533 290 4595 lumem
301 4558 336 4599 xv
347 4547 437 4601 mitia.
