3136 5482
198 335 265 400 ‘214
544 353 670 408 ouran.
690 358 794 407 ouon.
813 353 1086 407 reornantur.

196 521 288 577 nibus
312 524 514 579 dominaberis
541 526 576 578 in
602 524 877 595 seinpilernoltbns
905 525 1054 592 flammis.
1079 524 1119 578 Ad
1144 524 1214 579 baec
1241 522 1318 591 iniqui

193 623 278 688 judex
291 623 374 676 :Per
393 625 467 679 deor
487 626 713 694 dearqnejnro
726 625 793 679 nisi
801 624 1034 693 sacrificaveris
1046 625 1107 679 Deo
1119 622 1271 692 Apollini,
1281 635 1318 691 pe

195 722 256 775 nnis
270 724 432 777 tormentis
453 727 483 778 lc
502 723 621 792 faciam
635 725 781 794 interfici.
795 724 918 791 Etjussit
930 738 993 778 eum
1006 726 1159 777 incarcere
1175 720 1313 776 custodiri.

195 834 258 875 cere
271 834 304 875 eo
315 822 437 890 ‹ienique
448 824 548 888 posito,
562 824 709 878 veniebant
729 823 853 891 undique
866 821 969 876 infirmi
981 827 1010 875 et
1021 822 1210 885 sanabantur3
1222 820 1294 874 caeci
1312 833 1318 871 ι

196 923 262 975 bant
273 923 372 985 visum,
386 923 462 975 surdi
475 923 608 990 auditum,
622 923 712 978 claudi
724 937 858 992 gressum.

229 1023 261 1074 o.
274 1020 394 1074 Audiens
414 1022 579 1088 sampricius
600 1027 742 1088 tyrannus,
752 1024 834 1089 jussit
855 1037 919 1075 eum
932 1023 1049 1076 vinculis
1062 1020 1160 1074 terreis
1178 1018 1257 1088 ligari
1268 1023 1294 1073 ct
1304 1020 1318 1071 ir

197 1120 379 1187 praecipitari.
392 1121 450 1183 Quo
471 1123 591 1187 projecto
611 1123 641 1173 in
662 1134 738 1174 mare
758 1135 821 1174 cum
842 1122 950 1175 duobus
970 1120 1143 1185 diaconibus,
1156 1118 1289 1186 psallebat
1307 1115 1318 1170 d

196 1221 301 1274 Deduc
311 1232 369 1286 me,
383 1219 520 1285 Domine,
533 1219 568 1272 in
586 1220 639 1273 oia
657 1223 723 1287 tuo,
736 1222 765 1272 el
788 1220 953 1287 inpredicr
972 1219 1008 1272 in
1027 1218 1162 1273 veritae
1179 1219 1256 1283 tuo,
1269 1216 1318 1270 etit

201 1322 419 1376 Tronsicimna
432 1336 494 1391 per
513 1324 614 1391 ipnem
635 1325 665 1375 et
685 1335 811 1389 noceam,
823 1325 854 1376 cl
876 1321 1035 1374 induciati
1045 1333 1103 1374 nos
1115 1319 1150 1372 in
1170 1315 1318 1386 resriperi·

195 1429 381 1490 peruenerunt
392 1436 480 1491 usque
492 1423 527 1476 ad
539 1423 604 1476 litus
624 1437 708 1490 super
724 1436 810 1490 aquas
827 1421 1000 1475 ambutantes
1017 1420 1114 1473 illaesi.
1127 1421 1186 1472 iioc
1202 1422 1318 1485 compen

196 1523 293 1578 consui
313 1524 347 1576 ad
367 1537 397 1577 se
416 1524 510 1577 venire
527 1524 616 1590 iubet,
628 1523 724 1577 dicens
737 1520 780 1575 cis
794 1538 801 1574 :
818 1520 933 1582 ontbroe
944 1519 1077 1586 manicis
1097 1517 1223 1573 arrone
1233 1516 1318 1571 dmm

195 1622 381 1677 delusistis?
392 1625 489 1676 Beatus
498 1622 599 1676 Paulus
610 1621 772 1689 respondit:
791 1620 911 1675 Virtute
922 1619 1055 1687 Domini,
1061 1619 1247 1688 proconsul,
1257 1615 1310 1672 boc

194 1723 249 1784 ert,
262 1733 325 1775 non
344 1720 490 1788 flamonio
507 1721 609 1772 ollito
623 1718 794 1787 proerlipii
804 1720 823 1771 ·.
836 1721 936 1774 caesos
956 1723 1067 1772 sanctos
1078 1719 1126 1771 bei
1143 1717 1229 1784 jussit
1240 1715 1318 1784 iniqui

198 1817 346 1887 proconsul
365 1819 395 1871 in
415 1831 526 1872 earcere
543 1819 638 1885 recipi,
651 1819 746 1872 dicens
759 1819 842 1872 :Per
859 1817 1082 1873 invictissimos
1096 1816 1170 1870 deor
1190 1816 1318 1870 Merene

199 1921 304 1974 lovem
315 1917 422 1986 ficarol,
432 1918 507 1985 qnia
520 1918 554 1970 in
562 1919 704 1986 exemplo
712 1917 864 1987 crucifici
874 1916 1016 1972 Galiloei
1027 1919 1057 1969 ie
1066 1928 1142 1971 crae
1153 1914 1318 1968 dimetati

198 2017 239 2072 iis
257 2017 378 2086 faciam
399 2018 537 2086 interfici
555 2030 626 2071 olan
646 2016 696 2071 liis
716 2017 940 2084 consimilibus,
952 2017 1056 2071 sinon
1076 2013 1318 2084 sacrificiaredi

196 2118 253 2172 deo
263 2118 414 2186 Apollini.
427 2118 527 2171 Eadem
548 2120 628 2170 nocte
649 2124 736 2171 morte
756 2118 899 2184 repentina
911 2116 1079 2183 Sampricius
1095 2114 1237 2171 occubuit
1249 2117 1318 2167 tune

197 2218 243 2272 bei
256 2232 317 2271 curu
331 2230 440 2270 summo
451 2216 551 2284 gaudio
563 2217 597 2269 ab
609 2217 737 2270 omuibus
749 2217 896 2269 trabuntur
906 2214 941 2269 de
952 2228 1073 2268 earcere.

229 2320 261 2371 'l.
275 2321 307 2371 tn
324 2331 377 2384 qua
398 2322 508 2371 sanctae
530 2318 575 2370 bei
587 2317 727 2384 genitricis
738 2318 847 2371 civitate
866 2317 1011 2371 ecclesiam
1024 2317 1122 2370 beatus
1135 2315 1238 2370 Paulus
1255 2327 1318 2370 cons

196 2417 328 2472 catholica
349 2416 403 2470 flde
424 2416 578 2482 praedicata
590 2417 718 2469 omnibus
729 2423 757 2470 et
767 2416 927 2470 confirmata
939 2416 1061 2470 recessit.
1075 2418 1141 2469 Post
1153 2428 1256 2482 paucos
1267 2420 1318 2469 autc

196 2519 320 2572 Ticinum
341 2518 463 2581 veniens,
476 2518 523 2570 ubi
544 2519 625 2570 etiam
646 2532 728 2585 quani
750 2518 842 2585 piures
862 2517 898 2571 ad
918 2516 1002 2570 iidem
1014 2523 1126 2571 sanctae
1146 2517 1318 2570 Trinitatisa

197 2619 304 2670 interea
317 2617 544 2670 Rbredunenseru
556 2616 704 2670 Galliarum
716 2617 853 2669 civitatem
865 2618 971 2675 adiens,
985 2617 1032 2669 ubi
1049 2617 1170 2683 Neptuni
1184 2616 1288 2670 idolum
1299 2627 1313 2668 a

195 2716 238 2768 dis
250 2716 362 2783 paganis
373 2715 524 2771 colebatur.
537 2715 610 2781 quod
623 2718 632 2734 ·
645 2716 673 2767 in
685 2714 825 2767 Trinitatis
847 2717 959 2767 nomine
972 2714 1135 2781 exsufflavit,
1148 2720 1178 2768 et
1190 2728 1254 2768 mox
1266 2713 1318 2767 adr

193 2812 299 2880 redigit.
313 2815 368 2864 tior
390 2812 514 2865 nomines
525 2813 639 2864 civitatis
651 2812 803 2867 erudientes.
817 2813 985 2865 unanimiter
996 2812 1030 2865 ad
1049 2826 1115 2866 eum
1128 2825 1318 2867 concurrerun‘

195 2913 223 2964 in
236 2912 353 2979 grabatis
365 2912 390 2964 ei
405 2912 474 2963 rnale
488 2911 619 2963 babentes
630 2909 756 2964 offerunt.
771 2913 873 2976 Quibus
886 2914 1015 2966 omnibus
1024 2926 1120 2966 curam
1130 2915 1257 2967 sanitatis
1266 2916 1318 2979 imp

193 3018 219 3063 et
240 3011 369 3063 eeclesias
389 3010 565 3074 benedicens,
578 3011 713 3063 Christum
734 3011 905 3076 praedicans.
926 3014 1064 3066 civitatem
1084 2993 1226 3066 Aurisium
1246 3012 1318 3067 devo

193 3125 254 3162 eum
268 3110 368 3162 famam
381 3111 467 3161 ‘tanti
480 3110 528 3162 siri
548 3110 621 3161 eires
632 3111 683 3162 lori
697 3111 769 3163 illius
782 3111 931 3165 autlissent.
945 3112 978 3164 ud
991 3127 1055 3164 eunt
1067 3112 1169 3167 devoto
1182 3118 1292 3180 pectore
1303 3127 1318 3165 ι·

195 3210 362 3275 postulantes
374 3214 404 3260 ut
422 3208 492 3273 apud
506 3222 553 3261 eos
566 3215 698 3264 maneret.
711 3211 781 3262 siam
803 3225 833 3262 ae
855 3211 943 3279 legem
966 3212 1072 3264 bomini
1095 3214 1229 3266 omnibus
1250 3226 1318 3280 praet

193 3310 295 3374 Quibus
312 3311 380 3361 rotis
397 3309 439 3360 tir
451 3310 555 3362 bomini
569 3310 674 3363 annuit.
688 3310 780 3376 ibique
794 3325 843 3376 per
855 3312 971 3377 spatium
991 3314 1130 3365 mensium
1144 3315 1230 3368 trium
1245 3326 1318 3367 mora

193 3410 224 3459 tn
237 3407 334 3460 eadem
346 3421 455 3474 quoque
468 3409 573 3460 civitate
586 3408 649 3460 fecit
662 3410 804 3461 ecetesiam
826 3419 935 3463 sanetae
957 3411 1003 3463 bei
1024 3413 1168 3479 genitricis
1190 3421 1218 3467 et
1239 3414 1318 3466 saneti

194 3508 283 3558 fratris
299 3508 414 3561 bomini.
427 3508 564 3559 constituit
577 3509 734 3573 episcopum
747 3522 776 3560 ae
790 3510 963 3575 presbyteros
975 3518 1003 3562 et
1015 3509 1157 3565 diaconae.

226 3605 258 3658 0.
271 3609 346 3658 Tunc
359 3607 548 3658 Narbonenses
560 3608 632 3659 cives
644 3620 749 3662 omnes.
760 3608 851 3660 audita
865 3610 935 3661 tama
947 3611 997 3662 riri
1012 3613 1318 3673 bei,unan1mitercon=

193 3704 226 3757 nd
248 3718 321 3759 eum.
343 3704 484 3756 dieentes:
505 3705 558 3757 Vir
576 3706 716 3759 uirorum
738 3708 877 3760 οιιιιιιίιιιι
898 3710 1021 3776 optime,
1042 3711 1117 3764 oeni
1139 3715 1170 3766 el
1191 3716 1318 3768 uler‘es

191 3803 385 3871 furnellorum
400 3806 534 3857 luorum.
548 3804 647 3870 .tnfer
658 3806 728 3870 jam
750 3805 878 3873 filircros
898 3808 984 3876 filios
1004 3810 1044 3863 cle
1059 3811 1211 3878 captione
1227 3814 1318 3867 inimi

98 3916 104 3924 ·
193 3903 333 3955 nostram
351 3903 467 3952 terrain
480 3901 523 3953 nd
536 3901 852 3971 iiibi11·edipeniiion;
864 3906 1091 3975 docefamulos
1104 3908 1238 3978 futuros
1259 3914 1318 3983 leod

192 4001 256 4065 Dei,
268 4002 342 4054 doce
353 4000 548 4057 annunciatum.
561 4014 621 4067 quo
633 4015 754 4070 soirper
764 4003 887 4071 ferireris
896 4008 1154 4074 perorationibus
1170 4012 1318 4068 landetur

193 4099 224 4150 in
239 4098 325 4151 nobis
339 4112 444 4151 nomen
459 4099 592 4152 Domini.
606 4103 680 4152 Tunc
692 4102 781 4154 eiures
793 4104 907 4156 ciuitatis
920 4112 1118 4175 portarumque
1134 4114 1265 4166 omniunt
1279 4127 1318 4181 a1

193 4198 244 4248 bus
264 4197 386 4261 ejusdem
408 4198 521 4250 enitatis
543 4198 655 4251 traditae
675 4209 738 4253 sunt
762 4210 856 4256 sancto
881 4207 1033 4259 consessori
1056 4209 1152 4265 Pauio.
1179 4220 1210 4264 ut
1236 4214 1298 4280 ipse

56 4308 64 4324 ·
100 4306 131 4358 ·‚
192 4308 364 4348 successores
385 4309 416 4347 eu
438 4296 496 4363 leue
518 4296 664 4349 baberetur
685 4300 712 4350 in
725 4301 831 4354 civitate
844 4303 982 4368 praedicta
996 4307 1034 4358 uti
1048 4309 1147 4362 Petrus
1160 4314 1309 4378 apostotus

192 4394 457 4446 omnibusdurisiae
478 4396 591 4447 civitatis
610 4397 775 4453 unledin-ens.
789 4402 927 4464 proiectus
948 4411 998 4457 est.
1012 4405 1072 4460 Alio
1093 4422 1211 4478 quoque
1232 4412 1283 4467 die
1301 4417 1318 4468 i

191 4491 325 4543 civitatem
339 4490 505 4559 ingrediens.
518 4494 565 4545 ubi
577 4495 680 4547 uiribus
692 4500 850 4565 rogantibus
871 4503 1015 4556 eeclesiam
1028 4509 1117 4560 saneti
1131 4511 1208 4563 Petri
1222 4520 1318 4580 aposto

188 4589 266 4653 dixit,
280 4592 419 4644 constituit
432 4594 614 4659 presbpueros.
628 4609 658 4649 uc
671 4598 786 4653 clericos
798 4601 940 4659 ordinans.
955 4607 1078 4660 recessit.
