3136 5482
362 372 453 421 BIBL.
472 371 554 420 Ner.
575 371 689 420 rums.
709 389 755 402 ···
772 370 923 420 APPEND.
945 371 992 419 ni>
1008 370 1085 421 COD.
1105 368 1181 419 sits.

350 541 399 604 Qui
411 539 539 594 veniendi
552 541 625 594 forus
637 541 697 593 sine
709 541 813 594 iumine
826 540 938 593 luminis
951 541 1040 596 horas,

350 641 463 695 Clausus
474 640 564 694 adhuc
576 642 648 705 visit,
662 640 708 707 qui
722 653 773 693 nec
785 639 945 693 discrimina
957 641 1033 692 scivit

350 745 402 796 Nec
415 742 516 796 formas
527 755 629 806 rerum,
643 755 699 795 non
713 745 826 795 ornatus
839 743 1004 808 specierum,

347 843 396 906 Qui
408 842 542 895 mundum
557 854 708 908 numquam
722 854 773 893 nec
785 841 878 894 sicitas
890 842 995 895 viderat
1007 856 1148 908 umquem,

350 942 499 995 inmediata
511 941 623 1008 quidem
635 944 772 995 contraria
785 942 883 994 nesciit
898 941 980 1003 idem,

347 1045 442 1095 Noctes
455 1046 537 1108 atque
549 1041 609 1094 dies
621 1042 666 1094 cui
680 1054 736 1094 non
749 1046 919 1094 successerat
930 1040 1006 1098 aiter.

348 1142 462 1194 Nomine
473 1141 599 1206 discipuli
612 1141 680 1194 scito
692 1141 778 1194 sancti
794 1141 941 1201 Benedicti,

345 1241 420 1306 Quod
430 1243 487 1308 jam
500 1255 550 1308 per
562 1246 650 1295 terras
663 1241 788 1309 vulgarat
800 1242 896 1295 nuntia
909 1243 990 1304 sama,

348 1340 468 1393 Sustinet
479 1343 615 1406 orantem,
628 1339 676 1392 sed
689 1341 803 1393 sustinet
816 1340 1011 1407 egredientem.

347 1443 406 1492 tam
420 1452 502 1505 prece
513 1439 589 1492 tinita
602 1444 713 1492 sendus
726 1440 861 1506 veniaque
873 1439 967 1506 petits,

346 1539 452 1591 Exierat
464 1540 584 1604 Maurus,
597 1552 658 1591 euni
672 1551 771 1591 caecus
784 1539 947 1592 vociferatur
961 1556 966 1588 :

345 1636 462 1705 Maure,
470 1649 533 1705 per
545 1635 626 1691 itanc
637 1639 789 1704 sanctam,
804 1649 897 1703 quam
908 1636 1021 1705 eisteti,
1036 1637 1197 1704 leqionem,

343 1736 463 1804 Perque
475 1738 565 1790 tuum
577 1749 687 1790 carum
701 1748 775 1802 rapo
788 1736 946 1791 doctorem
959 1737 1167 1801 Benedictum,

342 1834 388 1887 Da
399 1833 488 1901 mitti,
506 1833 558 1886 uir
568 1837 684 1901 sancte,
698 1834 779 1899 quad
790 1834 902 1901 nescio,
915 1834 997 1887 scire
1009 1834 1136 1898 videre,-

344 1933 505 1987 Factorem
516 1936 659 2013 monstra
671 1946 779 1988 rerum
786 1947 847 2002 per
859 1934 948 2002 facta
959 1936 1079 1987 natata.

342 2033 464 2087 substitit
477 2047 541 2088 ecce
553 2040 631 2101 pater
641 2048 764 2101 gressum
777 2033 886 2102 figendo
898 2048 1054 2101 parumper.

343 2136 481 2196 Quaerens
493 2139 604 2187 enarret
617 2136 672 2200 jam
686 2140 819 2201 quantum
833 2134 965 2199 temporis
976 2140 1047 2186 essct

344 2233 448 2299 Exque
464 2238 621 2286 sanctorum
635 2234 757 2299 petiisset
769 2234 869 2299 templa
882 2234 1012 2287 virorum.

350 2331 384 2382 ar
396 2343 477 2399 reor,
490 2330 681 2399 undecimus,
692 2334 795 2398 pater,
808 2345 846 2385 en
860 2331 996 2413 elabitur
1008 2344 1119 2393 annus,

343 2436 390 2485 nat
402 2446 500 2486 caecus
511 2437 613 2487 Mauro.
628 2437 676 2487 iiat
688 2437 796 2487 Maurus
809 2435 872 2488 tatia
885 2447 966 2488 caeco
981 2449 987 2485 :

341 2531 510 2600 Numquid,
522 2532 552 2586 si
563 2534 685 2599 retient,
699 2533 758 2587 titi
770 2534 873 2587 tumen
886 2534 1018 2587 reddere
1024 2535 1150 2602 possent

344 2631 401 2689 Oui
407 2645 469 2699 per
480 2633 672 2699 martyrium
684 2645 866 2687 succurrere
874 2635 1129 2700 promeruerunt,

343 2730 470 2799 Quipro
485 2745 539 2800 spe
551 2732 635 2805 vitae
646 2732 746 2786 vitam
759 2733 836 2786 dare
848 2745 911 2785 non
927 2732 1083 2785 timuere?

341 2829 403 2881 Bos
416 2829 517 2897 maqis
529 2830 675 2898 implora,
689 2831 784 2884 sedet
796 2830 849 2885 tros
861 2829 1012 2884 attentius
1023 2843 1090 2884 ora.

342 2928 405 2981 Bac
417 2941 494 2996 opus
510 2930 555 2982 est
568 2928 688 2997 norum,
702 2931 831 2996 nonest,
844 2931 878 2981 ut
891 2941 970 2994 rere,
984 2942 1119 2996 reorum,

346 3028 422 3085 Quos
434 3041 612 3096 emeramus,
626 3029 736 3095 quidus
748 3032 778 3082 et
790 3041 845 3081 nos
857 3041 979 3096 semper
990 3041 1123 3096 epemus.

347 3130 455 3182 intonat
466 3129 510 3181 tric
521 3128 590 3191 dire,
604 3130 667 3196 quia
679 3131 788 3182 Maurus
800 3131 891 3195 coepit
902 3130 987 3195 abire,

344 3231 375 3280 Ut
387 3228 479 3291 miser,
497 3227 634 3282 horrenda
647 3228 783 3296 quaedam
797 3231 967 3296 nimiumque
983 3223 1116 3295 pavenda,

343 3329 431 3380 Donec
441 3328 485 3380 vir
496 3328 625 3394 celebris,
638 3328 719 3381 sociis
731 3329 890 3395 compulsus
903 3329 937 3381 ab
951 3328 1025 3395 ipsis,

344 3429 483 3494 impressit
496 3428 594 3497 digitos
607 3430 693 3482 deuiis
706 3429 825 3482 lacrimis
837 3429 1012 3482 madefactos.

263 3565 268 3572 .
344 3528 433 3581 Edens
445 3530 553 3583 virtutis
565 3531 675 3599 signum
689 3535 854 3596 nostraeque
868 3530 971 3587 salutis,

345 3627 462 3680 intendit
473 3629 548 3682 caele
561 3628 673 3682 caelesti
686 3642 764 3680 mens
778 3630 820 3694 pia
834 3629 902 3684 zeto,

344 3728 515 3795 Extorsitque
527 3728 584 3781 viro
598 3741 659 3781 mox
672 3728 777 3782 lumine
790 3730 884 3782 iumen
897 3730 936 3782 air
948 3732 1006 3795 ipsc

345 3829 463 3882 Fletibus
475 3831 502 3882 et
513 3829 651 3896 precihus,
666 3830 761 3883 dicens
776 3845 781 3881 :
801 3831 847 3897 Te,
866 3829 994 3896 Christe,
1002 3844 1186 3900 precamur,

349 3929 391 3982 Tu
402 3929 469 3997 iux,
482 3941 576 3997 quam
587 3928 731 3983 tenebrae
737 3931 870 3997 possunt
884 3930 1102 3996 comprendere
1113 3932 1231 3997 nuttae,

345 4027 485 4095 Quaeque
497 4029 578 4082 vices
589 4029 697 4094 nescit,
711 4029 829 4094 radiat,
842 4041 1023 4097 semperque
1035 4031 1169 4096 calescit,

342 4126 405 4180 Per
416 4126 564 4181 meritum
575 4130 704 4180 sanctae
714 4130 822 4180 sancto
832 4140 893 4193 pro
905 4129 1031 4181 nomine
1037 4141 1160 4196 passae,

346 4228 427 4285 Quae
439 4225 512 4281 bene
519 4227 697 4295 prmneruit
711 4238 783 4280 nece
800 4226 952 4280 Thebaeas
964 4227 1104 4295 teqionis,

343 4329 441 4393 Atque
448 4327 556 4394 patris
567 4326 670 4378 nostri
680 4327 842 4393 sanctique
854 4327 920 4379 viri
932 4327 1102 4395 Benedicti,

341 4426 452 4480 Lucem
464 4425 605 4493 dipneris
617 4427 704 4494 dare,
718 4427 773 4494 qui
784 4427 844 4480 tua>
856 4439 930 4481 nera
942 4427 1071 4495 videris,

342 4525 423 4580 Huic
433 4516 548 4579 misero
560 4539 658 4595 caeco,
672 4540 731 4601 qua
743 4527 785 4579 sit
792 4539 854 4594 per
866 4530 1006 4595 tempora
1013 4541 1129 4596 praeeo

339 4622 483 4690 Artificis
495 4624 610 4677 summi
616 4638 677 4692 per
689 4627 819 4681 necdum
830 4625 956 4693 capuita
968 4626 1041 4680 visi.

1312 349 1378 416 249
