<?xml version="1.0" encoding="UTF-8"?>
<!DOCTYPE html PUBLIC "-//W3C//DTD XHTML 1.0 Transitional//EN"
    "http://www.w3.org/TR/xhtml1/DTD/xhtml1-transitional.dtd">
<html xmlns="http://www.w3.org/1999/xhtml" xml:lang="en" lang="en">
 <head>
  <title>
</title>
<meta http-equiv="Content-Type" content="text/html;charset=utf-8" />
  <meta name='ocr-system' content='tesseract 3.04.00' />
  <meta name='ocr-capabilities' content='ocr_page ocr_carea ocr_par ocr_line ocrx_word'/>
</head>
<body>
  <div class='ocr_page' id='page_1' title='image "./cataloguscodicu01manugoog_0339.png"; bbox 0 0 3156 5452; ppageno 0'>
   <div class='ocr_carea' id='block_1_1' title="bbox 299 318 1178 383">
    <p class='ocr_par' dir='ltr' id='par_1_1' title="bbox 299 318 1178 383">
     <span class='ocr_line' id='line_1_1' title="bbox 299 318 1178 383; baseline -0.006 0"><span class='ocrx_word' id='word_1_1' title='bbox 299 318 363 383; x_wconf 78' lang='lat'><strong><em>324</em></strong></span> <span class='ocrx_word' id='word_1_2' title='bbox 639 331 764 380; x_wconf 73' lang='lat' dir='ltr'><strong><em>curin.</em></strong></span> <span class='ocrx_word' id='word_1_3' title='bbox 783 330 885 380; x_wconf 84' lang='lat' dir='ltr'><strong><em>cono.</em></strong></span> <span class='ocrx_word' id='word_1_4' title='bbox 904 329 1078 379; x_wconf 71' lang='lat' dir='ltr'><strong><em>meroen.</em></strong></span> <span class='ocrx_word' id='word_1_5' title='bbox 1097 328 1178 379; x_wconf 74' lang='lat' dir='ltr'><strong><em>nur.</em></strong></span> 
     </span>
    </p>
   </div>
   <div class='ocr_carea' id='block_1_2' title="bbox 287 497 1569 4632">
    <p class='ocr_par' dir='ltr' id='par_1_2' title="bbox 289 497 1536 2548">
     <span class='ocr_line' id='line_1_2' title="bbox 300 497 1529 568; baseline -0.001 -13"><span class='ocrx_word' id='word_1_6' title='bbox 300 505 372 557; x_wconf 86' lang='lat' dir='ltr'><strong><em>navit</em></strong></span> <span class='ocrx_word' id='word_1_7' title='bbox 391 513 568 556; x_wconf 89' lang='lat' dir='ltr'><strong><em>sermonem:</em></strong></span> <span class='ocrx_word' id='word_1_8' title='bbox 592 499 726 553; x_wconf 83' lang='lat' dir='ltr'><strong><em>Tardius</em></strong></span> <span class='ocrx_word' id='word_1_9' title='bbox 747 497 802 553; x_wconf 80' lang='lat' dir='ltr'><strong><em>inc</em></strong></span> <span class='ocrx_word' id='word_1_10' title='bbox 822 497 892 566; x_wconf 83' lang='lat' dir='ltr'><strong><em>feci,</em></strong></span> <span class='ocrx_word' id='word_1_11' title='bbox 912 498 1023 552; x_wconf 81' lang='lat' dir='ltr'><strong><em>domne</em></strong></span> <span class='ocrx_word' id='word_1_12' title='bbox 1042 498 1088 551; x_wconf 89' lang='lat' dir='ltr'><strong><em>mi</em></strong></span> <span class='ocrx_word' id='word_1_13' title='bbox 1108 497 1291 568; x_wconf 79' lang='lat' dir='ltr'><strong><em>imperator,</em></strong></span> <span class='ocrx_word' id='word_1_14' title='bbox 1307 512 1410 568; x_wconf 70' lang='lat' dir='ltr'><strong><em>meam</em></strong></span> <span class='ocrx_word' id='word_1_15' title='bbox 1428 498 1529 565; x_wconf 69' lang='lat' dir='ltr'><strong><em>debui·</em></strong></span> 
     </span>
     <span class='ocr_line' id='line_1_3' title="bbox 299 597 1526 669; baseline -0.001 -14"><span class='ocrx_word' id='word_1_16' title='bbox 299 606 412 669; x_wconf 88' lang='lat' dir='ltr'><strong><em>tamea,</em></strong></span> <span class='ocrx_word' id='word_1_17' title='bbox 420 601 588 667; x_wconf 83' lang='lat' dir='ltr'><strong><em>postquam</em></strong></span> <span class='ocrx_word' id='word_1_18' title='bbox 600 597 694 665; x_wconf 81' lang='lat' dir='ltr'><strong><em>coepi,</em></strong></span> <span class='ocrx_word' id='word_1_19' title='bbox 707 597 874 665; x_wconf 78' lang='lat' dir='ltr'><strong><em>ditipenter</em></strong></span> <span class='ocrx_word' id='word_1_20' title='bbox 891 600 1038 665; x_wconf 83' lang='lat' dir='ltr'><strong><em>operatus</em></strong></span> <span class='ocrx_word' id='word_1_21' title='bbox 1058 611 1138 651; x_wconf 88' lang='lat' dir='ltr'><strong><em>sum.</em></strong></span> <span class='ocrx_word' id='word_1_22' title='bbox 1151 598 1262 653; x_wconf 84' lang='lat' dir='ltr'><strong><em>Omnia</em></strong></span> <span class='ocrx_word' id='word_1_23' title='bbox 1273 611 1353 653; x_wconf 86' lang='lat' dir='ltr'><strong><em>nam</em></strong></span> <span class='ocrx_word' id='word_1_24' title='bbox 1365 612 1449 668; x_wconf 84' lang='lat' dir='ltr'><strong><em>quae</em></strong></span> <span class='ocrx_word' id='word_1_25' title='bbox 1461 602 1526 654; x_wconf 87' lang='lat' dir='ltr'><strong><em>ante</em></strong></span> 
     </span>
     <span class='ocr_line' id='line_1_4' title="bbox 300 695 1519 766; baseline -0.002 -12"><span class='ocrx_word' id='word_1_26' title='bbox 300 704 330 754; x_wconf 91' lang='lat' dir='ltr'><strong><em>te</em></strong></span> <span class='ocrx_word' id='word_1_27' title='bbox 345 700 431 753; x_wconf 87' lang='lat' dir='ltr'><strong><em>vides</em></strong></span> <span class='ocrx_word' id='word_1_28' title='bbox 448 696 606 764; x_wconf 74' lang='lat' dir='ltr'><strong><em>aesenpta</em></strong></span> <span class='ocrx_word' id='word_1_29' title='bbox 625 695 728 764; x_wconf 88' lang='lat' dir='ltr'><strong><em>habeo,</em></strong></span> <span class='ocrx_word' id='word_1_30' title='bbox 741 699 777 749; x_wconf 90' lang='lat' dir='ltr'><strong><em>ut</em></strong></span> <span class='ocrx_word' id='word_1_31' title='bbox 788 708 954 764; x_wconf 74' lang='lat' dir='ltr'><strong><em>coqnoscas</em></strong></span> <span class='ocrx_word' id='word_1_32' title='bbox 964 696 1150 764; x_wconf 76' lang='lat' dir='ltr'><strong><em>fidelitatem</em></strong></span> <span class='ocrx_word' id='word_1_33' title='bbox 1166 709 1269 751; x_wconf 90' lang='lat' dir='ltr'><strong><em>meam</em></strong></span> <span class='ocrx_word' id='word_1_34' title='bbox 1285 700 1316 752; x_wconf 89' lang='lat' dir='ltr'><strong><em>et</em></strong></span> <span class='ocrx_word' id='word_1_35' title='bbox 1332 697 1443 752; x_wconf 76' lang='lat' dir='ltr'><strong><em>uineas</em></strong></span> <span class='ocrx_word' id='word_1_36' title='bbox 1462 710 1519 766; x_wconf 86' lang='lat' dir='ltr'><strong><em>quo</em></strong></span> 
     </span>
     <span class='ocr_line' id='line_1_5' title="bbox 299 792 1516 865; baseline -0.002 -13"><span class='ocrx_word' id='word_1_37' title='bbox 299 797 387 852; x_wconf 83' lang='lat' dir='ltr'><strong><em>modo</em></strong></span> <span class='ocrx_word' id='word_1_38' title='bbox 407 808 473 850; x_wconf 93' lang='lat' dir='ltr'><strong><em>meo</em></strong></span> <span class='ocrx_word' id='word_1_39' title='bbox 495 795 599 849; x_wconf 87' lang='lat' dir='ltr'><strong><em>labare</em></strong></span> <span class='ocrx_word' id='word_1_40' title='bbox 620 792 763 850; x_wconf 75' lang='lat' dir='ltr'><strong><em>thesauri</em></strong></span> <span class='ocrx_word' id='word_1_41' title='bbox 781 793 815 846; x_wconf 88' lang='lat' dir='ltr'><strong><em>in</em></strong></span> <span class='ocrx_word' id='word_1_42' title='bbox 837 792 983 848; x_wconf 87' lang='lat' dir='ltr'><strong><em>thesauro</em></strong></span> <span class='ocrx_word' id='word_1_43' title='bbox 1003 798 1056 848; x_wconf 89' lang='lat' dir='ltr'><strong><em>tua</em></strong></span> <span class='ocrx_word' id='word_1_44' title='bbox 1075 794 1270 849; x_wconf 73' lang='lat' dir='ltr'><em>adcrescant.</em></span> <span class='ocrx_word' id='word_1_45' title='bbox 1292 794 1394 849; x_wconf 78' lang='lat' dir='ltr'><strong><em>Illum</em></strong></span> <span class='ocrx_word' id='word_1_46' title='bbox 1413 808 1516 865; x_wconf 75' lang='lat' dir='ltr'><strong><em>quaqua</em></strong></span> 
     </span>
     <span class='ocr_line' id='line_1_6' title="bbox 293 893 1530 965; baseline 0 -15"><span class='ocrx_word' id='word_1_47' title='bbox 293 898 466 964; x_wconf 84' lang='lat' dir='ltr'><strong><em>pessimum</em></strong></span> <span class='ocrx_word' id='word_1_48' title='bbox 483 894 707 960; x_wconf 68' lang='lat' dir='ltr'><strong><em>theodoritum,</em></strong></span> <span class='ocrx_word' id='word_1_49' title='bbox 721 906 810 961; x_wconf 88' lang='lat' dir='ltr'><strong><em>quem</em></strong></span> <span class='ocrx_word' id='word_1_50' title='bbox 829 895 863 947; x_wconf 93' lang='lat' dir='ltr'><strong><em>tu</em></strong></span> <span class='ocrx_word' id='word_1_51' title='bbox 876 894 955 961; x_wconf 79' lang='lat' dir='ltr'><strong><em>pitis</em></strong></span> <span class='ocrx_word' id='word_1_52' title='bbox 975 893 1155 961; x_wconf 74' lang='lat' dir='ltr'><strong><em>requirebas</em></strong></span> <span class='ocrx_word' id='word_1_53' title='bbox 1172 908 1267 962; x_wconf 88' lang='lat' dir='ltr'><strong><em>quam</em></strong></span> <span class='ocrx_word' id='word_1_54' title='bbox 1273 895 1455 965; x_wconf 79' lang='lat' dir='ltr'><strong><em>pecuniam,</em></strong></span> <span class='ocrx_word' id='word_1_55' title='bbox 1466 895 1530 950; x_wconf 80' lang='lat' dir='ltr'><strong><em>disi</em></strong></span> 
     </span>
     <span class='ocr_line' id='line_1_7' title="bbox 298 992 1507 1063; baseline 0.002 -15"><span class='ocrx_word' id='word_1_56' title='bbox 298 995 448 1063; x_wconf 86' lang='lat' dir='ltr'><strong><em>quaesivi,</em></strong></span> <span class='ocrx_word' id='word_1_57' title='bbox 461 996 504 1047; x_wconf 86' lang='lat' dir='ltr'><strong><em>ad</em></strong></span> <span class='ocrx_word' id='word_1_58' title='bbox 524 993 672 1047; x_wconf 89' lang='lat' dir='ltr'><strong><em>ultimum</em></strong></span> <span class='ocrx_word' id='word_1_59' title='bbox 692 992 797 1045; x_wconf 86' lang='lat' dir='ltr'><strong><em>inueni</em></strong></span> <span class='ocrx_word' id='word_1_60' title='bbox 816 1010 824 1047; x_wconf 95' lang='lat'>:</span> <span class='ocrx_word' id='word_1_61' title='bbox 846 1005 935 1059; x_wconf 87' lang='lat' dir='ltr'><strong><em>quem</em></strong></span> <span class='ocrx_word' id='word_1_62' title='bbox 954 992 1077 1046; x_wconf 81' lang='lat' dir='ltr'><strong><em>aiveru</em></strong></span> <span class='ocrx_word' id='word_1_63' title='bbox 1094 1005 1207 1061; x_wconf 78' lang='lat' dir='ltr'><strong><em>qenere</em></strong></span> <span class='ocrx_word' id='word_1_64' title='bbox 1219 1005 1400 1061; x_wconf 80' lang='lat' dir='ltr'><strong><em>poersaram</em></strong></span> <span class='ocrx_word' id='word_1_65' title='bbox 1418 1006 1507 1050; x_wconf 79' lang='lat' dir='ltr'><strong><em>eaeru-</em></strong></span> 
     </span>
     <span class='ocr_line' id='line_1_8' title="bbox 297 1091 1503 1161; baseline 0 -12"><span class='ocrx_word' id='word_1_66' title='bbox 297 1094 382 1150; x_wconf 85' lang='lat' dir='ltr'><strong><em>cinai</em></strong></span> <span class='ocrx_word' id='word_1_67' title='bbox 391 1097 421 1148; x_wconf 96' lang='lat' dir='ltr'><strong><em>et</em></strong></span> <span class='ocrx_word' id='word_1_68' title='bbox 442 1092 566 1147; x_wconf 83' lang='lat' dir='ltr'><strong><em>tandem</em></strong></span> <span class='ocrx_word' id='word_1_69' title='bbox 581 1091 688 1158; x_wconf 78' lang='lat' dir='ltr'><strong><em>plautio</em></strong></span> <span class='ocrx_word' id='word_1_70' title='bbox 701 1092 854 1158; x_wconf 81' lang='lat' dir='ltr'><strong><em>juputari</em></strong></span> <span class='ocrx_word' id='word_1_71' title='bbox 867 1093 1026 1159; x_wconf 83' lang='lat' dir='ltr'><strong><em>praecepi,</em></strong></span> <span class='ocrx_word' id='word_1_72' title='bbox 1048 1095 1082 1145; x_wconf 89' lang='lat' dir='ltr'><strong><em>ut</em></strong></span> <span class='ocrx_word' id='word_1_73' title='bbox 1103 1093 1259 1146; x_wconf 83' lang='lat' dir='ltr'><strong><em>duritiam</em></strong></span> <span class='ocrx_word' id='word_1_74' title='bbox 1276 1094 1434 1149; x_wconf 74' lang='lat' dir='ltr'><strong><em>stultitiae</em></strong></span> <span class='ocrx_word' id='word_1_75' title='bbox 1446 1094 1503 1161; x_wconf 66' lang='lat' dir='ltr'><strong><em>aas,</em></strong></span> 
     </span>
     <span class='ocr_line' id='line_1_9' title="bbox 297 1190 1502 1262; baseline -0.002 -14"><span class='ocrx_word' id='word_1_76' title='bbox 297 1208 392 1262; x_wconf 83' lang='lat' dir='ltr'><strong><em>quam</em></strong></span> <span class='ocrx_word' id='word_1_77' title='bbox 411 1194 487 1246; x_wconf 79' lang='lat' dir='ltr'><strong><em>diem</em></strong></span> <span class='ocrx_word' id='word_1_78' title='bbox 508 1193 622 1245; x_wconf 68' lang='lat' dir='ltr'><strong><em>vianet</em></strong></span> <span class='ocrx_word' id='word_1_79' title='bbox 642 1191 765 1245; x_wconf 78' lang='lat' dir='ltr'><strong><em>virmere</em></strong></span> <span class='ocrx_word' id='word_1_80' title='bbox 784 1203 847 1244; x_wconf 78' lang='lat' dir='ltr'><strong><em>reon</em></strong></span> <span class='ocrx_word' id='word_1_81' title='bbox 861 1193 1016 1259; x_wconf 80' lang='lat' dir='ltr'><strong><em>poteram,</em></strong></span> <span class='ocrx_word' id='word_1_82' title='bbox 1029 1203 1064 1244; x_wconf 91' lang='lat' dir='ltr'><strong><em>eo</em></strong></span> <span class='ocrx_word' id='word_1_83' title='bbox 1075 1191 1225 1245; x_wconf 83' lang='lat' dir='ltr'><strong><em>moriente</em></strong></span> <span class='ocrx_word' id='word_1_84' title='bbox 1241 1190 1502 1261; x_wconf 58' lang='lat' dir='ltr'><strong><em>saumaremquoi</em></strong></span> 
     </span>
     <span class='ocr_line' id='line_1_10' title="bbox 297 1288 1502 1359; baseline 0 -13"><span class='ocrx_word' id='word_1_85' title='bbox 297 1308 359 1347; x_wconf 86' lang='lat' dir='ltr'><strong><em>cum</em></strong></span> <span class='ocrx_word' id='word_1_86' title='bbox 372 1293 521 1359; x_wconf 88' lang='lat' dir='ltr'><strong><em>imperator</em></strong></span> <span class='ocrx_word' id='word_1_87' title='bbox 541 1292 670 1355; x_wconf 82' lang='lat' dir='ltr'><strong><em>audisset,</em></strong></span> <span class='ocrx_word' id='word_1_88' title='bbox 684 1292 825 1356; x_wconf 84' lang='lat' dir='ltr'><strong><em>respondit</em></strong></span> <span class='ocrx_word' id='word_1_89' title='bbox 837 1306 844 1342; x_wconf 92' lang='lat'>:</span> <span class='ocrx_word' id='word_1_90' title='bbox 858 1290 927 1344; x_wconf 88' lang='lat' dir='ltr'><strong><em>Non</em></strong></span> <span class='ocrx_word' id='word_1_91' title='bbox 938 1288 1053 1359; x_wconf 77' lang='lat' dir='ltr'><strong><em>fecisti,</em></strong></span> <span class='ocrx_word' id='word_1_92' title='bbox 1065 1292 1163 1359; x_wconf 85' lang='lat' dir='ltr'><strong><em>inquit,</em></strong></span> <span class='ocrx_word' id='word_1_93' title='bbox 1177 1292 1372 1346; x_wconf 81' lang='lat' dir='ltr'><strong><em>uoluntatem</em></strong></span> <span class='ocrx_word' id='word_1_94' title='bbox 1385 1294 1502 1348; x_wconf 79' lang='lat' dir='ltr'><strong><em>msam</em></strong></span> 
     </span>
     <span class='ocr_line' id='line_1_11' title="bbox 295 1388 1536 1456; baseline -0.006 -10"><span class='ocrx_word' id='word_1_95' title='bbox 295 1396 324 1446; x_wconf 92' lang='lat' dir='ltr'><strong><em>et</em></strong></span> <span class='ocrx_word' id='word_1_96' title='bbox 335 1394 444 1446; x_wconf 85' lang='lat' dir='ltr'><strong><em>contra</em></strong></span> <span class='ocrx_word' id='word_1_97' title='bbox 456 1388 812 1456; x_wconf 86' lang='lat' dir='ltr'><strong><em>mandatumpotestatis</em></strong></span> <span class='ocrx_word' id='word_1_98' title='bbox 823 1389 951 1443; x_wconf 90' lang='lat' dir='ltr'><strong><em>nostrae</em></strong></span> <span class='ocrx_word' id='word_1_99' title='bbox 961 1391 1057 1442; x_wconf 91' lang='lat' dir='ltr'><strong><em>stulte</em></strong></span> <span class='ocrx_word' id='word_1_100' title='bbox 1067 1392 1215 1456; x_wconf 87' lang='lat' dir='ltr'><strong><em>operatus</em></strong></span> <span class='ocrx_word' id='word_1_101' title='bbox 1225 1402 1268 1443; x_wconf 83' lang='lat' dir='ltr'><strong><em>es.</em></strong></span> <span class='ocrx_word' id='word_1_102' title='bbox 1279 1390 1427 1445; x_wconf 84' lang='lat' dir='ltr'><strong><em>Nostrum</em></strong></span> <span class='ocrx_word' id='word_1_103' title='bbox 1435 1390 1500 1444; x_wconf 80' lang='lat' dir='ltr'><strong><em>enit</em></strong></span> <span class='ocrx_word' id='word_1_104' title='bbox 1511 1388 1536 1438; x_wconf 85' lang='lat' dir='ltr'><strong><em>lt</em></strong></span> 
     </span>
     <span class='ocr_line' id='line_1_12' title="bbox 296 1486 1501 1557; baseline -0.003 -13"><span class='ocrx_word' id='word_1_105' title='bbox 296 1493 452 1545; x_wconf 85' lang='lat' dir='ltr'><strong><em>decretum</em></strong></span> <span class='ocrx_word' id='word_1_106' title='bbox 467 1491 530 1543; x_wconf 89' lang='lat' dir='ltr'><strong><em>tale</em></strong></span> <span class='ocrx_word' id='word_1_107' title='bbox 541 1491 586 1542; x_wconf 92' lang='lat' dir='ltr'><strong><em>est</em></strong></span> <span class='ocrx_word' id='word_1_108' title='bbox 599 1491 633 1541; x_wconf 90' lang='lat' dir='ltr'><strong><em>ut</em></strong></span> <span class='ocrx_word' id='word_1_109' title='bbox 645 1488 700 1555; x_wconf 85' lang='lat' dir='ltr'><strong><em>qui</em></strong></span> <span class='ocrx_word' id='word_1_110' title='bbox 712 1488 750 1541; x_wconf 82' lang='lat' dir='ltr'><strong><em>de</em></strong></span> <span class='ocrx_word' id='word_1_111' title='bbox 760 1486 915 1542; x_wconf 86' lang='lat' dir='ltr'><strong><em>nobilibus</em></strong></span> <span class='ocrx_word' id='word_1_112' title='bbox 927 1487 991 1541; x_wconf 87' lang='lat' dir='ltr'><strong><em>atri</em></strong></span> <span class='ocrx_word' id='word_1_113' title='bbox 1002 1487 1172 1542; x_wconf 86' lang='lat' dir='ltr'><strong><em>christiani</em></strong></span> <span class='ocrx_word' id='word_1_114' title='bbox 1183 1489 1304 1543; x_wconf 86' lang='lat' dir='ltr'><strong><em>inventi</em></strong></span> <span class='ocrx_word' id='word_1_115' title='bbox 1319 1487 1446 1557; x_wconf 57' lang='lat' dir='ltr'><strong><em>faeiat,</em></strong></span> <span class='ocrx_word' id='word_1_116' title='bbox 1456 1499 1501 1541; x_wconf 85' lang='lat' dir='ltr'><strong><em>non</em></strong></span> 
     </span>
     <span class='ocr_line' id='line_1_13' title="bbox 289 1584 1501 1658; baseline -0.002 -15"><span class='ocrx_word' id='word_1_117' title='bbox 289 1603 351 1658; x_wconf 82' lang='lat' dir='ltr'><strong><em>per</em></strong></span> <span class='ocrx_word' id='word_1_118' title='bbox 373 1590 515 1644; x_wconf 83' lang='lat' dir='ltr'><strong><em>diversas</em></strong></span> <span class='ocrx_word' id='word_1_119' title='bbox 530 1600 650 1656; x_wconf 87' lang='lat' dir='ltr'><strong><em>poenas</em></strong></span> <span class='ocrx_word' id='word_1_120' title='bbox 675 1585 899 1640; x_wconf 79' lang='lat' dir='ltr'><strong><em>distrahantur</em></strong></span> <span class='ocrx_word' id='word_1_121' title='bbox 919 1590 976 1640; x_wconf 88' lang='lat' dir='ltr'><strong><em>aut</em></strong></span> <span class='ocrx_word' id='word_1_122' title='bbox 997 1587 1106 1655; x_wconf 70' lang='lat' dir='ltr'><strong><em>andin</em></strong></span> <span class='ocrx_word' id='word_1_123' title='bbox 1124 1587 1322 1655; x_wconf 65' lang='lat' dir='ltr'><strong><em>jaculentur,</em></strong></span> <span class='ocrx_word' id='word_1_124' title='bbox 1343 1588 1397 1642; x_wconf 85' lang='lat' dir='ltr'><strong><em>sed</em></strong></span> <span class='ocrx_word' id='word_1_125' title='bbox 1415 1584 1501 1641; x_wconf 62' lang='lat' dir='ltr'><strong><em>muln</em></strong></span> 
     </span>
     <span class='ocr_line' id='line_1_14' title="bbox 294 1685 1501 1755; baseline -0.001 -13"><span class='ocrx_word' id='word_1_126' title='bbox 294 1689 458 1744; x_wconf 86' lang='lat' dir='ltr'><strong><em>uerborum</em></strong></span> <span class='ocrx_word' id='word_1_127' title='bbox 470 1691 499 1742; x_wconf 90' lang='lat' dir='ltr'><strong><em>et</em></strong></span> <span class='ocrx_word' id='word_1_128' title='bbox 511 1700 677 1741; x_wconf 88' lang='lat' dir='ltr'><strong><em>munerum</em></strong></span> <span class='ocrx_word' id='word_1_129' title='bbox 693 1685 925 1740; x_wconf 88' lang='lat' dir='ltr'><strong><em>seductionibus</em></strong></span> <span class='ocrx_word' id='word_1_130' title='bbox 941 1685 1161 1740; x_wconf 79' lang='lat' dir='ltr'><strong><em>retrahantur.</em></strong></span> <span class='ocrx_word' id='word_1_131' title='bbox 1170 1687 1207 1741; x_wconf 77' lang='lat' dir='ltr'><strong><em>at</em></strong></span> <span class='ocrx_word' id='word_1_132' title='bbox 1221 1699 1277 1755; x_wconf 81' lang='lat' dir='ltr'><strong><em>eqo</em></strong></span> <span class='ocrx_word' id='word_1_133' title='bbox 1300 1685 1501 1749; x_wconf 71' lang='lat' dir='ltr'><strong><em>menonem,</em></strong></span> 
     </span>
     <span class='ocr_line' id='line_1_15' title="bbox 295 1783 1501 1856; baseline 0 -15"><span class='ocrx_word' id='word_1_134' title='bbox 295 1789 371 1856; x_wconf 80' lang='lat' dir='ltr'><strong><em>qrcia</em></strong></span> <span class='ocrx_word' id='word_1_135' title='bbox 391 1787 505 1842; x_wconf 88' lang='lat' dir='ltr'><strong><em>nobilis</em></strong></span> <span class='ocrx_word' id='word_1_136' title='bbox 517 1789 596 1855; x_wconf 89' lang='lat' dir='ltr'><strong><em>erat,</em></strong></span> <span class='ocrx_word' id='word_1_137' title='bbox 611 1786 754 1839; x_wconf 80' lang='lat' dir='ltr'><strong><em>reuocari</em></strong></span> <span class='ocrx_word' id='word_1_138' title='bbox 771 1786 942 1852; x_wconf 71' lang='lat' dir='ltr'><strong><em>rotumam,</em></strong></span> <span class='ocrx_word' id='word_1_139' title='bbox 955 1797 1018 1841; x_wconf 86' lang='lat' dir='ltr'><strong><em>non</em></strong></span> <span class='ocrx_word' id='word_1_140' title='bbox 1030 1785 1140 1840; x_wconf 86' lang='lat' dir='ltr'><strong><em>occidi.</em></strong></span> <span class='ocrx_word' id='word_1_141' title='bbox 1153 1785 1218 1839; x_wconf 89' lang='lat' dir='ltr'><strong><em>Pro</em></strong></span> <span class='ocrx_word' id='word_1_142' title='bbox 1233 1786 1299 1840; x_wconf 85' lang='lat' dir='ltr'><strong><em>tuis</em></strong></span> <span class='ocrx_word' id='word_1_143' title='bbox 1311 1787 1410 1855; x_wconf 76' lang='lat' dir='ltr'><strong><em>r&#39;pitsa</em></strong></span> <span class='ocrx_word' id='word_1_144' title='bbox 1426 1783 1501 1854; x_wconf 69' lang='lat' dir='ltr'><strong><em>fadi</em></strong></span> 
     </span>
     <span class='ocr_line' id='line_1_16' title="bbox 294 1879 1534 1948; baseline -0.001 -7"><span class='ocrx_word' id='word_1_145' title='bbox 294 1888 486 1942; x_wconf 83' lang='lat' dir='ltr'><strong><em>occasionem</em></strong></span> <span class='ocrx_word' id='word_1_146' title='bbox 497 1889 607 1941; x_wconf 88' lang='lat' dir='ltr'><strong><em>contra</em></strong></span> <span class='ocrx_word' id='word_1_147' title='bbox 620 1886 802 1938; x_wconf 87' lang='lat' dir='ltr'><strong><em>mesument</em></strong></span> <span class='ocrx_word' id='word_1_148' title='bbox 826 1884 967 1938; x_wconf 87' lang='lat' dir='ltr'><strong><em>Gatitaei</em></strong></span> <span class='ocrx_word' id='word_1_149' title='bbox 986 1888 1021 1939; x_wconf 92' lang='lat' dir='ltr'><strong><em>ut</em></strong></span> <span class='ocrx_word' id='word_1_150' title='bbox 1040 1885 1143 1939; x_wconf 88' lang='lat' dir='ltr'><strong><em>muita</em></strong></span> <span class='ocrx_word' id='word_1_151' title='bbox 1163 1886 1251 1938; x_wconf 89' lang='lat' dir='ltr'><strong><em>mata</em></strong></span> <span class='ocrx_word' id='word_1_152' title='bbox 1263 1884 1498 1948; x_wconf 76' lang='lat' dir='ltr'><strong><em>aemesaibmt.</em></strong></span> <span class='ocrx_word' id='word_1_153' title='bbox 1511 1879 1534 1930; x_wconf 77' lang='lat'><strong><em>¹⁵</em></strong></span> 
     </span>
     <span class='ocr_line' id='line_1_17' title="bbox 296 1980 1502 2054; baseline -0.005 -14"><span class='ocrx_word' id='word_1_154' title='bbox 296 1988 377 2040; x_wconf 87' lang='lat' dir='ltr'><strong><em>sicut</em></strong></span> <span class='ocrx_word' id='word_1_155' title='bbox 389 1986 531 2054; x_wconf 81' lang='lat' dir='ltr'><strong><em>feceruut</em></strong></span> <span class='ocrx_word' id='word_1_156' title='bbox 543 1982 789 2038; x_wconf 81' lang='lat' dir='ltr'><strong><em>antecessoribus</em></strong></span> <span class='ocrx_word' id='word_1_157' title='bbox 797 1982 874 2036; x_wconf 87' lang='lat' dir='ltr'><strong><em>meis</em></strong></span> <span class='ocrx_word' id='word_1_158' title='bbox 884 1981 1135 2051; x_wconf 73' lang='lat' dir='ltr'><strong><em>imperatoribus,</em></strong></span> <span class='ocrx_word' id='word_1_159' title='bbox 1144 1983 1179 2035; x_wconf 88' lang='lat' dir='ltr'><strong><em>in</em></strong></span> <span class='ocrx_word' id='word_1_160' title='bbox 1187 1982 1256 2036; x_wconf 86' lang='lat' dir='ltr'><strong><em>illis</em></strong></span> <span class='ocrx_word' id='word_1_161' title='bbox 1264 1980 1502 2051; x_wconf 61' lang='lat' dir='ltr'><strong><em>mamanibus</em></strong></span> 
     </span>
     <span class='ocr_line' id='line_1_18' title="bbox 296 2080 1500 2154; baseline -0.003 -15"><span class='ocrx_word' id='word_1_162' title='bbox 296 2098 375 2154; x_wconf 87' lang='lat' dir='ltr'><strong><em>quas</em></strong></span> <span class='ocrx_word' id='word_1_163' title='bbox 386 2083 564 2138; x_wconf 83' lang='lat' dir='ltr'><strong><em>nominibus</em></strong></span> <span class='ocrx_word' id='word_1_164' title='bbox 576 2095 705 2137; x_wconf 90' lang='lat' dir='ltr'><strong><em>suorum</em></strong></span> <span class='ocrx_word' id='word_1_165' title='bbox 714 2082 854 2149; x_wconf 82' lang='lat' dir='ltr'><strong><em>titulant,</em></strong></span> <span class='ocrx_word' id='word_1_166' title='bbox 864 2094 972 2136; x_wconf 88' lang='lat' dir='ltr'><strong><em>eorum</em></strong></span> <span class='ocrx_word' id='word_1_167' title='bbox 981 2080 1089 2149; x_wconf 89' lang='lat' dir='ltr'><strong><em>utique</em></strong></span> <span class='ocrx_word' id='word_1_168' title='bbox 1097 2094 1173 2150; x_wconf 88' lang='lat' dir='ltr'><strong><em>quos</em></strong></span> <span class='ocrx_word' id='word_1_169' title='bbox 1182 2084 1342 2149; x_wconf 71' lang='lat' dir='ltr'><strong><em>martum</em></strong></span> <span class='ocrx_word' id='word_1_170' title='bbox 1350 2080 1500 2152; x_wconf 80' lang='lat' dir='ltr'><strong><em>appellen</em></strong></span> 
     </span>
     <span class='ocr_line' id='line_1_19' title="bbox 296 2178 1501 2252; baseline -0.006 -13"><span class='ocrx_word' id='word_1_171' title='bbox 296 2185 433 2252; x_wconf 85' lang='lat' dir='ltr'><strong><em>Denique</em></strong></span> <span class='ocrx_word' id='word_1_172' title='bbox 463 2195 586 2239; x_wconf 90' lang='lat' dir='ltr'><strong><em>cessare</em></strong></span> <span class='ocrx_word' id='word_1_173' title='bbox 614 2181 702 2235; x_wconf 86' lang='lat' dir='ltr'><strong><em>debes</em></strong></span> <span class='ocrx_word' id='word_1_174' title='bbox 732 2194 771 2234; x_wconf 89' lang='lat' dir='ltr'><strong><em>nc</em></strong></span> <span class='ocrx_word' id='word_1_175' title='bbox 805 2180 978 2249; x_wconf 74' lang='lat' dir='ltr'><strong><em>interficias</em></strong></span> <span class='ocrx_word' id='word_1_176' title='bbox 1003 2179 1203 2235; x_wconf 76' lang='lat' dir='ltr'><strong><em>christianos.</em></strong></span> <span class='ocrx_word' id='word_1_177' title='bbox 1227 2180 1353 2237; x_wconf 88' lang='lat' dir='ltr'><strong><em>Poenas</em></strong></span> <span class='ocrx_word' id='word_1_178' title='bbox 1376 2178 1501 2237; x_wconf 68' lang='lat' dir='ltr'><strong><em>enaret</em></strong></span> 
     </span>
     <span class='ocr_line' id='line_1_20' title="bbox 295 2273 1501 2350; baseline -0.004 -14"><span class='ocrx_word' id='word_1_179' title='bbox 295 2283 434 2349; x_wconf 70' lang='lat' dir='ltr'><strong><em>innurias</em></strong></span> <span class='ocrx_word' id='word_1_180' title='bbox 452 2296 531 2350; x_wconf 87' lang='lat' dir='ltr'><strong><em>quas</em></strong></span> <span class='ocrx_word' id='word_1_181' title='bbox 551 2281 818 2335; x_wconf 77' lang='lat' dir='ltr'><strong><em>ritandaueramus</em></strong></span> <span class='ocrx_word' id='word_1_182' title='bbox 834 2279 902 2333; x_wconf 87' lang='lat' dir='ltr'><strong><em>illis</em></strong></span> <span class='ocrx_word' id='word_1_183' title='bbox 914 2278 1027 2347; x_wconf 67' lang='lat' dir='ltr'><strong><em>infligit,</em></strong></span> <span class='ocrx_word' id='word_1_184' title='bbox 1036 2279 1255 2347; x_wconf 81' lang='lat' dir='ltr'><strong><em>praecipimus</em></strong></span> <span class='ocrx_word' id='word_1_185' title='bbox 1274 2294 1317 2335; x_wconf 83' lang='lat' dir='ltr'><strong><em>ne</em></strong></span> <span class='ocrx_word' id='word_1_186' title='bbox 1327 2280 1461 2349; x_wconf 81' lang='lat' dir='ltr'><strong><em>amplius</em></strong></span> <span class='ocrx_word' id='word_1_187' title='bbox 1474 2273 1501 2331; x_wconf 77' lang='lat' dir='ltr'><strong><em>ab</em></strong></span> 
     </span>
     <span class='ocr_line' id='line_1_21' title="bbox 292 2369 1533 2451; baseline -0.001 -16"><span class='ocrx_word' id='word_1_188' title='bbox 292 2384 399 2451; x_wconf 88' lang='lat' dir='ltr'><strong><em>aliquo</em></strong></span> <span class='ocrx_word' id='word_1_189' title='bbox 406 2382 587 2450; x_wconf 79' lang='lat' dir='ltr'><strong><em>pretiantur,</em></strong></span> <span class='ocrx_word' id='word_1_190' title='bbox 600 2381 676 2448; x_wconf 87' lang='lat' dir='ltr'><strong><em>quia</em></strong></span> <span class='ocrx_word' id='word_1_191' title='bbox 687 2380 756 2434; x_wconf 85' lang='lat' dir='ltr'><strong><em>siue</em></strong></span> <span class='ocrx_word' id='word_1_192' title='bbox 767 2379 859 2434; x_wconf 87' lang='lat' dir='ltr'><strong><em>dubio</em></strong></span> <span class='ocrx_word' id='word_1_193' title='bbox 867 2393 929 2447; x_wconf 89' lang='lat' dir='ltr'><strong><em>pro</em></strong></span> <span class='ocrx_word' id='word_1_194' title='bbox 944 2381 1056 2448; x_wconf 83' lang='lat' dir='ltr'><strong><em>poeuis</em></strong></span> <span class='ocrx_word' id='word_1_195' title='bbox 1067 2381 1185 2436; x_wconf 87' lang='lat' dir='ltr'><strong><em>nostris</em></strong></span> <span class='ocrx_word' id='word_1_196' title='bbox 1201 2382 1363 2450; x_wconf 86' lang='lat' dir='ltr'><strong><em>recepturi</em></strong></span> <span class='ocrx_word' id='word_1_197' title='bbox 1373 2369 1533 2449; x_wconf 55' lang='lat' dir='ltr'><strong><em>maioli-w</em></strong></span> 
     </span>
     <span class='ocr_line' id='line_1_22' title="bbox 294 2482 623 2548; baseline -0.009 -12"><span class='ocrx_word' id='word_1_198' title='bbox 294 2482 380 2536; x_wconf 77' lang='lat' dir='ltr'><strong><em>mam</em></strong></span> <span class='ocrx_word' id='word_1_199' title='bbox 392 2482 623 2548; x_wconf 74' lang='lat' dir='ltr'><strong><em>senpiternam.</em></strong></span> 
     </span>
    </p>

    <p class='ocr_par' dir='ltr' id='par_1_3' title="bbox 287 2578 1569 4632">
     <span class='ocr_line' id='line_1_23' title="bbox 326 2578 1504 2651; baseline -0.003 -18"><span class='ocrx_word' id='word_1_200' title='bbox 326 2581 376 2634; x_wconf 83' lang='lat'><strong><em>15.</em></strong></span> <span class='ocrx_word' id='word_1_201' title='bbox 389 2583 462 2645; x_wconf 82' lang='lat' dir='ltr'><strong><em>Quae</em></strong></span> <span class='ocrx_word' id='word_1_202' title='bbox 474 2593 536 2632; x_wconf 91' lang='lat' dir='ltr'><strong><em>cum</em></strong></span> <span class='ocrx_word' id='word_1_203' title='bbox 552 2581 698 2646; x_wconf 84' lang='lat' dir='ltr'><strong><em>imperator</em></strong></span> <span class='ocrx_word' id='word_1_204' title='bbox 711 2580 836 2633; x_wconf 81' lang='lat' dir='ltr'><strong><em>Julianus</em></strong></span> <span class='ocrx_word' id='word_1_205' title='bbox 847 2579 926 2632; x_wconf 88' lang='lat' dir='ltr'><strong><em>alleri</em></strong></span> <span class='ocrx_word' id='word_1_206' title='bbox 937 2578 1045 2633; x_wconf 88' lang='lat' dir='ltr'><strong><em>tuliano</em></strong></span> <span class='ocrx_word' id='word_1_207' title='bbox 1058 2578 1179 2647; x_wconf 82' lang='lat' dir='ltr'><strong><em>dixisset,</em></strong></span> <span class='ocrx_word' id='word_1_208' title='bbox 1192 2584 1220 2633; x_wconf 89' lang='lat' dir='ltr'><strong><em>el</em></strong></span> <span class='ocrx_word' id='word_1_209' title='bbox 1232 2579 1279 2634; x_wconf 90' lang='lat' dir='ltr'><strong><em>ille</em></strong></span> <span class='ocrx_word' id='word_1_210' title='bbox 1289 2579 1367 2634; x_wconf 88' lang='lat' dir='ltr'><strong><em>unde</em></strong></span> <span class='ocrx_word' id='word_1_211' title='bbox 1377 2581 1504 2651; x_wconf 68' lang='lat' dir='ltr'><strong><em>quinum</em></strong></span> 
     </span>
     <span class='ocr_line' id='line_1_24' title="bbox 294 2676 1505 2746; baseline 0.002 -16"><span class='ocrx_word' id='word_1_212' title='bbox 294 2683 322 2732; x_wconf 93' lang='lat' dir='ltr'><strong><em>in</em></strong></span> <span class='ocrx_word' id='word_1_213' title='bbox 334 2686 482 2745; x_wconf 87' lang='lat' dir='ltr'><strong><em>conspectu</em></strong></span> <span class='ocrx_word' id='word_1_214' title='bbox 495 2681 554 2745; x_wconf 73' lang='lat' dir='ltr'><strong><em>eius</em></strong></span> <span class='ocrx_word' id='word_1_215' title='bbox 571 2693 600 2732; x_wconf 90' lang='lat' dir='ltr'><strong><em>se</em></strong></span> <span class='ocrx_word' id='word_1_216' title='bbox 621 2684 760 2746; x_wconf 86' lang='lat' dir='ltr'><strong><em>putaverat</em></strong></span> <span class='ocrx_word' id='word_1_217' title='bbox 777 2693 846 2746; x_wconf 89' lang='lat' dir='ltr'><strong><em>esse,</em></strong></span> <span class='ocrx_word' id='word_1_218' title='bbox 859 2677 965 2732; x_wconf 89' lang='lat' dir='ltr'><strong><em>videret</em></strong></span> <span class='ocrx_word' id='word_1_219' title='bbox 985 2676 1131 2743; x_wconf 77' lang='lat' dir='ltr'><strong><em>offensum,</em></strong></span> <span class='ocrx_word' id='word_1_220' title='bbox 1145 2678 1307 2733; x_wconf 85' lang='lat' dir='ltr'><strong><em>recordatus</em></strong></span> <span class='ocrx_word' id='word_1_221' title='bbox 1324 2686 1367 2734; x_wconf 76' lang='lat' dir='ltr'><strong><em>est</em></strong></span> <span class='ocrx_word' id='word_1_222' title='bbox 1383 2680 1505 2735; x_wconf 85' lang='lat' dir='ltr'><strong><em>illinsssr·</em></strong></span> 
     </span>
     <span class='ocr_line' id='line_1_25' title="bbox 294 2778 1505 2848; baseline -0.001 -17"><span class='ocrx_word' id='word_1_223' title='bbox 294 2779 383 2831; x_wconf 91' lang='lat' dir='ltr'><strong><em>monis</em></strong></span> <span class='ocrx_word' id='word_1_224' title='bbox 409 2791 492 2846; x_wconf 90' lang='lat' dir='ltr'><strong><em>quem</em></strong></span> <span class='ocrx_word' id='word_1_225' title='bbox 517 2779 541 2831; x_wconf 91' lang='lat' dir='ltr'><strong><em>ei</em></strong></span> <span class='ocrx_word' id='word_1_226' title='bbox 563 2779 748 2831; x_wconf 86' lang='lat' dir='ltr'><strong><em>sanctissimus</em></strong></span> <span class='ocrx_word' id='word_1_227' title='bbox 769 2778 952 2832; x_wconf 74' lang='lat' dir='ltr'><strong><em>theodoritus</em></strong></span> <span class='ocrx_word' id='word_1_228' title='bbox 973 2792 1035 2831; x_wconf 90' lang='lat' dir='ltr'><strong><em>eum</em></strong></span> <span class='ocrx_word' id='word_1_229' title='bbox 1054 2779 1251 2845; x_wconf 80' lang='lat' dir='ltr'><strong><em>imprecatione</em></strong></span> <span class='ocrx_word' id='word_1_230' title='bbox 1268 2780 1313 2834; x_wconf 82' lang='lat' dir='ltr'><strong><em>sel</em></strong></span> <span class='ocrx_word' id='word_1_231' title='bbox 1333 2778 1505 2848; x_wconf 84' lang='lat' dir='ltr'><strong><em>prophetando</em></strong></span> 
     </span>
     <span class='ocr_line' id='line_1_26' title="bbox 291 2865 1540 2945; baseline 0.002 -18"><span class='ocrx_word' id='word_1_232' title='bbox 291 2877 406 2930; x_wconf 73' lang='lat' dir='ltr'><strong><em>«linerat.</em></strong></span> <span class='ocrx_word' id='word_1_233' title='bbox 428 2880 543 2930; x_wconf 81' lang='lat' dir='ltr'><strong><em>Tantum</em></strong></span> <span class='ocrx_word' id='word_1_234' title='bbox 563 2891 628 2930; x_wconf 90' lang='lat' dir='ltr'><strong><em>vero</em></strong></span> <span class='ocrx_word' id='word_1_235' title='bbox 650 2890 778 2943; x_wconf 87' lang='lat' dir='ltr'><strong><em>pavorem</em></strong></span> <span class='ocrx_word' id='word_1_236' title='bbox 800 2883 826 2929; x_wconf 88' lang='lat' dir='ltr'><strong><em>ot</em></strong></span> <span class='ocrx_word' id='word_1_237' title='bbox 845 2883 948 2930; x_wconf 86' lang='lat' dir='ltr'><strong><em>tantam</em></strong></span> <span class='ocrx_word' id='word_1_238' title='bbox 970 2878 1133 2930; x_wconf 85' lang='lat' dir='ltr'><strong><em>anxietatem</em></strong></span> <span class='ocrx_word' id='word_1_239' title='bbox 1153 2878 1226 2930; x_wconf 89' lang='lat' dir='ltr'><strong><em>intra</em></strong></span> <span class='ocrx_word' id='word_1_240' title='bbox 1245 2879 1376 2945; x_wconf 84' lang='lat' dir='ltr'><strong><em>concepit</em></strong></span> <span class='ocrx_word' id='word_1_241' title='bbox 1396 2884 1425 2933; x_wconf 91' lang='lat' dir='ltr'><strong><em>nt</em></strong></span> <span class='ocrx_word' id='word_1_242' title='bbox 1443 2865 1540 2932; x_wconf 48' lang='lat' dir='ltr'><strong><em>nullo*</em></strong></span> 
     </span>
     <span class='ocr_line' id='line_1_27' title="bbox 292 2975 1509 3042; baseline 0.002 -16"><span class='ocrx_word' id='word_1_243' title='bbox 292 2978 442 3042; x_wconf 71' lang='lat' dir='ltr'><strong><em>ingeniose</em></strong></span> <span class='ocrx_word' id='word_1_244' title='bbox 455 2975 610 3029; x_wconf 86' lang='lat' dir='ltr'><strong><em>videntibus</em></strong></span> <span class='ocrx_word' id='word_1_245' title='bbox 632 2976 805 3029; x_wconf 87' lang='lat' dir='ltr'><strong><em>dissimulare</em></strong></span> <span class='ocrx_word' id='word_1_246' title='bbox 827 2977 1059 3042; x_wconf 81' lang='lat' dir='ltr'><strong><em>perturbationem</em></strong></span> <span class='ocrx_word' id='word_1_247' title='bbox 1080 2989 1147 3030; x_wconf 88' lang='lat' dir='ltr'><strong><em>suae</em></strong></span> <span class='ocrx_word' id='word_1_248' title='bbox 1159 2977 1259 3030; x_wconf 89' lang='lat' dir='ltr'><strong><em>mentis</em></strong></span> <span class='ocrx_word' id='word_1_249' title='bbox 1280 2977 1394 3033; x_wconf 84' lang='lat' dir='ltr'><strong><em>valeret.</em></strong></span> <span class='ocrx_word' id='word_1_250' title='bbox 1407 2979 1509 3033; x_wconf 84' lang='lat' dir='ltr'><strong><em>intuitus</em></strong></span> 
     </span>
     <span class='ocr_line' id='line_1_28' title="bbox 290 3075 1510 3144; baseline 0.004 -18"><span class='ocrx_word' id='word_1_251' title='bbox 290 3082 380 3128; x_wconf 68' lang='lat' dir='ltr'><strong><em>anilem</em></strong></span> <span class='ocrx_word' id='word_1_252' title='bbox 394 3077 540 3141; x_wconf 84' lang='lat' dir='ltr'><strong><em>imperator</em></strong></span> <span class='ocrx_word' id='word_1_253' title='bbox 553 3082 579 3128; x_wconf 90' lang='lat' dir='ltr'><strong><em>et</em></strong></span> <span class='ocrx_word' id='word_1_254' title='bbox 591 3076 685 3129; x_wconf 84' lang='lat' dir='ltr'><strong><em>ridens</em></strong></span> <span class='ocrx_word' id='word_1_255' title='bbox 695 3077 833 3128; x_wconf 88' lang='lat' dir='ltr'><strong><em>lulianum</em></strong></span> <span class='ocrx_word' id='word_1_256' title='bbox 846 3075 1011 3128; x_wconf 83' lang='lat' dir='ltr'><strong><em>avunculum</em></strong></span> <span class='ocrx_word' id='word_1_257' title='bbox 1025 3089 1105 3127; x_wconf 92' lang='lat' dir='ltr'><strong><em>suum</em></strong></span> <span class='ocrx_word' id='word_1_258' title='bbox 1118 3076 1208 3129; x_wconf 89' lang='lat' dir='ltr'><strong><em>taliter</em></strong></span> <span class='ocrx_word' id='word_1_259' title='bbox 1220 3078 1345 3144; x_wconf 85' lang='lat' dir='ltr'><strong><em>torqueri</em></strong></span> <span class='ocrx_word' id='word_1_260' title='bbox 1359 3078 1510 3131; x_wconf 73' lang='lat' dir='ltr'><strong><em>intrinsecus</em></strong></span> 
     </span>
     <span class='ocr_line' id='line_1_29' title="bbox 291 3174 1510 3245; baseline 0.006 -20"><span class='ocrx_word' id='word_1_261' title='bbox 291 3176 687 3242; x_wconf 85' lang='lat' dir='ltr'><strong><em>inanimo,utaliquanlulum</em></strong></span> <span class='ocrx_word' id='word_1_262' title='bbox 701 3189 763 3228; x_wconf 86' lang='lat' dir='ltr'><strong><em>eum</em></strong></span> <span class='ocrx_word' id='word_1_263' title='bbox 777 3176 974 3239; x_wconf 86' lang='lat' dir='ltr'><strong><em>consolaretur,</em></strong></span> <span class='ocrx_word' id='word_1_264' title='bbox 989 3174 1076 3226; x_wconf 84' lang='lat' dir='ltr'><strong><em>dixit:</em></strong></span> <span class='ocrx_word' id='word_1_265' title='bbox 1091 3175 1208 3229; x_wconf 82' lang='lat' dir='ltr'><strong><em>Eamus</em></strong></span> <span class='ocrx_word' id='word_1_266' title='bbox 1226 3174 1269 3228; x_wconf 80' lang='lat' dir='ltr'><strong><em>ad</em></strong></span> <span class='ocrx_word' id='word_1_267' title='bbox 1287 3179 1439 3245; x_wconf 78' lang='lat' dir='ltr'><strong><em>templum</em></strong></span> <span class='ocrx_word' id='word_1_268' title='bbox 1455 3176 1510 3231; x_wconf 81' lang='lat' dir='ltr'><strong><em>deo</em></strong></span> 
     </span>
     <span class='ocr_line' id='line_1_30' title="bbox 291 3273 1512 3342; baseline 0.002 -18"><span class='ocrx_word' id='word_1_269' title='bbox 291 3287 363 3326; x_wconf 87' lang='lat' dir='ltr'><strong><em>rum</em></strong></span> <span class='ocrx_word' id='word_1_270' title='bbox 374 3276 553 3327; x_wconf 89' lang='lat' dir='ltr'><strong><em>nostrorum</em></strong></span> <span class='ocrx_word' id='word_1_271' title='bbox 574 3277 604 3326; x_wconf 89' lang='lat' dir='ltr'><strong><em>et</em></strong></span> <span class='ocrx_word' id='word_1_272' title='bbox 624 3274 793 3341; x_wconf 74' lang='lat' dir='ltr'><strong><em>offeranucs</em></strong></span> <span class='ocrx_word' id='word_1_273' title='bbox 811 3274 879 3327; x_wconf 86' lang='lat' dir='ltr'><strong><em>iltis</em></strong></span> <span class='ocrx_word' id='word_1_274' title='bbox 891 3273 1062 3342; x_wconf 75' lang='lat' dir='ltr'><strong><em>sacrificia,</em></strong></span> <span class='ocrx_word' id='word_1_275' title='bbox 1076 3276 1112 3326; x_wconf 91' lang='lat' dir='ltr'><strong><em>ut</em></strong></span> <span class='ocrx_word' id='word_1_276' title='bbox 1118 3273 1295 3342; x_wconf 72' lang='lat' dir='ltr'><strong><em>purificent</em></strong></span> <span class='ocrx_word' id='word_1_277' title='bbox 1305 3289 1363 3330; x_wconf 86' lang='lat' dir='ltr'><strong><em>nas</em></strong></span> <span class='ocrx_word' id='word_1_278' title='bbox 1380 3279 1410 3330; x_wconf 89' lang='lat' dir='ltr'><strong><em>et</em></strong></span> <span class='ocrx_word' id='word_1_279' title='bbox 1421 3274 1512 3329; x_wconf 84' lang='lat' dir='ltr'><strong><em>dimit·</em></strong></span> 
     </span>
     <span class='ocr_line' id='line_1_31' title="bbox 293 3366 1546 3439; baseline 0.002 -16"><span class='ocrx_word' id='word_1_280' title='bbox 293 3374 360 3424; x_wconf 86' lang='lat' dir='ltr'><strong><em>tant</em></strong></span> <span class='ocrx_word' id='word_1_281' title='bbox 372 3374 582 3439; x_wconf 74' lang='lat' dir='ltr'><strong><em>neptepentias</em></strong></span> <span class='ocrx_word' id='word_1_282' title='bbox 594 3374 746 3426; x_wconf 87' lang='lat' dir='ltr'><strong><em>scelerum</em></strong></span> <span class='ocrx_word' id='word_1_283' title='bbox 758 3375 946 3426; x_wconf 80' lang='lat' dir='ltr'><strong><em>riostrorum.</em></strong></span> <span class='ocrx_word' id='word_1_284' title='bbox 956 3372 1008 3425; x_wconf 84' lang='lat' dir='ltr'><strong><em>Sed</em></strong></span> <span class='ocrx_word' id='word_1_285' title='bbox 1020 3386 1074 3424; x_wconf 93' lang='lat' dir='ltr'><strong><em>non</em></strong></span> <span class='ocrx_word' id='word_1_286' title='bbox 1085 3372 1136 3427; x_wconf 85' lang='lat' dir='ltr'><strong><em>boc</em></strong></span> <span class='ocrx_word' id='word_1_287' title='bbox 1146 3374 1211 3426; x_wconf 83' lang='lat' dir='ltr'><strong><em>satis</em></strong></span> <span class='ocrx_word' id='word_1_288' title='bbox 1220 3373 1375 3439; x_wconf 74' lang='lat' dir='ltr'><strong><em>pacificavit</em></strong></span> <span class='ocrx_word' id='word_1_289' title='bbox 1386 3366 1546 3429; x_wconf 69' lang='lat' dir='ltr'><strong><em>molestasti</em></strong></span> 
     </span>
     <span class='ocr_line' id='line_1_32' title="bbox 291 3470 1517 3539; baseline 0.002 -19"><span class='ocrx_word' id='word_1_290' title='bbox 291 3470 391 3521; x_wconf 87' lang='lat' dir='ltr'><strong><em>tuliani</em></strong></span> <span class='ocrx_word' id='word_1_291' title='bbox 407 3485 413 3522; x_wconf 93' lang='lat'>:</span> <span class='ocrx_word' id='word_1_292' title='bbox 428 3484 490 3521; x_wconf 87' lang='lat' dir='ltr'><strong><em>nam</em></strong></span> <span class='ocrx_word' id='word_1_293' title='bbox 510 3484 572 3522; x_wconf 86' lang='lat' dir='ltr'><strong><em>caro</em></strong></span> <span class='ocrx_word' id='word_1_294' title='bbox 597 3472 781 3523; x_wconf 82' lang='lat' dir='ltr'><strong><em>membrorum</em></strong></span> <span class='ocrx_word' id='word_1_295' title='bbox 802 3472 861 3537; x_wconf 78' lang='lat' dir='ltr'><strong><em>ojus</em></strong></span> <span class='ocrx_word' id='word_1_296' title='bbox 884 3471 912 3522; x_wconf 91' lang='lat' dir='ltr'><strong><em>in</em></strong></span> <span class='ocrx_word' id='word_1_297' title='bbox 933 3471 1064 3536; x_wconf 91' lang='lat' dir='ltr'><strong><em>pallorem</em></strong></span> <span class='ocrx_word' id='word_1_298' title='bbox 1083 3476 1125 3523; x_wconf 92' lang='lat' dir='ltr'><strong><em>est</em></strong></span> <span class='ocrx_word' id='word_1_299' title='bbox 1145 3476 1200 3523; x_wconf 87' lang='lat' dir='ltr'><strong><em>tota</em></strong></span> <span class='ocrx_word' id='word_1_300' title='bbox 1217 3483 1362 3539; x_wconf 85' lang='lat' dir='ltr'><strong><em>conversa,</em></strong></span> <span class='ocrx_word' id='word_1_301' title='bbox 1376 3472 1448 3527; x_wconf 87' lang='lat' dir='ltr'><strong><em>oculi</em></strong></span> <span class='ocrx_word' id='word_1_302' title='bbox 1464 3472 1517 3539; x_wconf 81' lang='lat' dir='ltr'><strong><em>ejus</em></strong></span> 
     </span>
     <span class='ocr_line' id='line_1_33' title="bbox 293 3570 1517 3637; baseline 0.002 -18"><span class='ocrx_word' id='word_1_303' title='bbox 293 3570 434 3621; x_wconf 90' lang='lat' dir='ltr'><strong><em>morientis</em></strong></span> <span class='ocrx_word' id='word_1_304' title='bbox 453 3571 570 3621; x_wconf 85' lang='lat' dir='ltr'><strong><em>hominis</em></strong></span> <span class='ocrx_word' id='word_1_305' title='bbox 592 3572 686 3623; x_wconf 90' lang='lat' dir='ltr'><strong><em>oculos</em></strong></span> <span class='ocrx_word' id='word_1_306' title='bbox 708 3571 904 3633; x_wconf 83' lang='lat' dir='ltr'><strong><em>monstrabant,</em></strong></span> <span class='ocrx_word' id='word_1_307' title='bbox 918 3571 1010 3637; x_wconf 80' lang='lat' dir='ltr'><strong><em>lingna</em></strong></span> <span class='ocrx_word' id='word_1_308' title='bbox 1029 3572 1087 3636; x_wconf 83' lang='lat' dir='ltr'><strong><em>ejus</em></strong></span> <span class='ocrx_word' id='word_1_309' title='bbox 1104 3571 1183 3636; x_wconf 88' lang='lat' dir='ltr'><strong><em>quasi</em></strong></span> <span class='ocrx_word' id='word_1_310' title='bbox 1196 3582 1212 3622; x_wconf 90' lang='lat' dir='ltr'><strong><em>a</em></strong></span> <span class='ocrx_word' id='word_1_311' title='bbox 1224 3570 1318 3624; x_wconf 88' lang='lat' dir='ltr'><strong><em>radice</em></strong></span> <span class='ocrx_word' id='word_1_312' title='bbox 1335 3573 1461 3626; x_wconf 87' lang='lat' dir='ltr'><strong><em>submota</em></strong></span> <span class='ocrx_word' id='word_1_313' title='bbox 1473 3573 1517 3624; x_wconf 84' lang='lat' dir='ltr'><strong><em>lnc</em></strong></span> 
     </span>
     <span class='ocr_line' id='line_1_34' title="bbox 291 3668 1518 3739; baseline 0.006 -21"><span class='ocrx_word' id='word_1_314' title='bbox 291 3675 318 3719; x_wconf 85' lang='lat' dir='ltr'><strong><em>et</em></strong></span> <span class='ocrx_word' id='word_1_315' title='bbox 340 3668 400 3721; x_wconf 87' lang='lat' dir='ltr'><strong><em>illac</em></strong></span> <span class='ocrx_word' id='word_1_316' title='bbox 422 3682 470 3734; x_wconf 90' lang='lat' dir='ltr'><strong><em>per</em></strong></span> <span class='ocrx_word' id='word_1_317' title='bbox 493 3670 610 3734; x_wconf 86' lang='lat' dir='ltr'><strong><em>palatum</em></strong></span> <span class='ocrx_word' id='word_1_318' title='bbox 634 3671 793 3722; x_wconf 76' lang='lat' dir='ltr'><strong><em>inurebatur</em></strong></span> <span class='ocrx_word' id='word_1_319' title='bbox 815 3677 840 3722; x_wconf 91' lang='lat' dir='ltr'><strong><em>el</em></strong></span> <span class='ocrx_word' id='word_1_320' title='bbox 861 3670 1052 3723; x_wconf 88' lang='lat' dir='ltr'><strong><em>ventilabatur.</em></strong></span> <span class='ocrx_word' id='word_1_321' title='bbox 1067 3669 1120 3722; x_wconf 86' lang='lat' dir='ltr'><strong><em>Sed</em></strong></span> <span class='ocrx_word' id='word_1_322' title='bbox 1142 3676 1173 3724; x_wconf 91' lang='lat' dir='ltr'><strong><em>ul</em></strong></span> <span class='ocrx_word' id='word_1_323' title='bbox 1191 3670 1275 3723; x_wconf 84' lang='lat' dir='ltr'><strong><em>sitam</em></strong></span> <span class='ocrx_word' id='word_1_324' title='bbox 1298 3672 1359 3737; x_wconf 81' lang='lat' dir='ltr'><strong><em>ejus</em></strong></span> <span class='ocrx_word' id='word_1_325' title='bbox 1379 3673 1518 3739; x_wconf 64' lang='lat' dir='ltr'><strong><em>peninum</em></strong></span> 
     </span>
     <span class='ocr_line' id='line_1_35' title="bbox 291 3766 1520 3833; baseline 0.004 -18"><span class='ocrx_word' id='word_1_326' title='bbox 291 3766 377 3817; x_wconf 80' lang='lat' dir='ltr'><strong><em>rnalus</em></strong></span> <span class='ocrx_word' id='word_1_327' title='bbox 390 3766 451 3817; x_wconf 91' lang='lat' dir='ltr'><strong><em>tlnis</em></strong></span> <span class='ocrx_word' id='word_1_328' title='bbox 463 3772 687 3833; x_wconf 87' lang='lat' dir='ltr'><strong><em>consequeretur,</em></strong></span> <span class='ocrx_word' id='word_1_329' title='bbox 700 3768 767 3820; x_wconf 88' lang='lat' dir='ltr'><strong><em>abiit</em></strong></span> <span class='ocrx_word' id='word_1_330' title='bbox 779 3782 841 3819; x_wconf 90' lang='lat' dir='ltr'><strong><em>cum</em></strong></span> <span class='ocrx_word' id='word_1_331' title='bbox 855 3768 1017 3832; x_wconf 87' lang='lat' dir='ltr'><strong><em>imperatore</em></strong></span> <span class='ocrx_word' id='word_1_332' title='bbox 1031 3766 1065 3820; x_wconf 87' lang='lat' dir='ltr'><strong><em>ad</em></strong></span> <span class='ocrx_word' id='word_1_333' title='bbox 1078 3767 1151 3821; x_wconf 89' lang='lat' dir='ltr'><strong><em>idola</em></strong></span> <span class='ocrx_word' id='word_1_334' title='bbox 1164 3773 1191 3820; x_wconf 91' lang='lat' dir='ltr'><strong><em>et</em></strong></span> <span class='ocrx_word' id='word_1_335' title='bbox 1208 3767 1307 3820; x_wconf 87' lang='lat' dir='ltr'><strong><em>obtulit</em></strong></span> <span class='ocrx_word' id='word_1_336' title='bbox 1319 3769 1362 3820; x_wconf 92' lang='lat' dir='ltr'><strong><em>eis</em></strong></span> <span class='ocrx_word' id='word_1_337' title='bbox 1380 3769 1520 3822; x_wconf 85' lang='lat' dir='ltr'><strong><em>inhonesta</em></strong></span> 
     </span>
     <span class='ocr_line' id='line_1_36' title="bbox 293 3865 1559 3935; baseline 0.004 -22"><span class='ocrx_word' id='word_1_338' title='bbox 293 3865 431 3917; x_wconf 85' lang='lat' dir='ltr'><strong><em>libamina.</em></strong></span> <span class='ocrx_word' id='word_1_339' title='bbox 447 3867 508 3917; x_wconf 79' lang='lat' dir='ltr'><strong><em>Erat</em></strong></span> <span class='ocrx_word' id='word_1_340' title='bbox 529 3872 593 3917; x_wconf 89' lang='lat' dir='ltr'><strong><em>tune</em></strong></span> <span class='ocrx_word' id='word_1_341' title='bbox 616 3866 786 3919; x_wconf 85' lang='lat' dir='ltr'><strong><em>consuetudo</em></strong></span> <span class='ocrx_word' id='word_1_342' title='bbox 807 3872 836 3919; x_wconf 89' lang='lat' dir='ltr'><strong><em>ut</em></strong></span> <span class='ocrx_word' id='word_1_343' title='bbox 857 3865 967 3932; x_wconf 91' lang='lat' dir='ltr'><strong><em>quando</em></strong></span> <span class='ocrx_word' id='word_1_344' title='bbox 989 3867 1136 3932; x_wconf 89' lang='lat' dir='ltr'><strong><em>imperator</em></strong></span> <span class='ocrx_word' id='word_1_345' title='bbox 1154 3865 1234 3920; x_wconf 90' lang='lat' dir='ltr'><strong><em>idolis</em></strong></span> <span class='ocrx_word' id='word_1_346' title='bbox 1252 3865 1559 3935; x_wconf 62' lang='lat' dir='ltr'><strong><em>montmercantin</em></strong></span> 
     </span>
     <span class='ocr_line' id='line_1_37' title="bbox 292 3964 1523 4034; baseline 0.005 -19"><span class='ocrx_word' id='word_1_347' title='bbox 292 3965 436 4028; x_wconf 82' lang='lat' dir='ltr'><strong><em>aqunilem</em></strong></span> <span class='ocrx_word' id='word_1_348' title='bbox 458 3964 491 4016; x_wconf 92' lang='lat' dir='ltr'><strong><em>de</em></strong></span> <span class='ocrx_word' id='word_1_349' title='bbox 512 3966 571 4017; x_wconf 80' lang='lat' dir='ltr'><strong><em>Nilo</em></strong></span> <span class='ocrx_word' id='word_1_350' title='bbox 593 3964 715 4034; x_wconf 85' lang='lat' dir='ltr'><strong><em>flumine,</em></strong></span> <span class='ocrx_word' id='word_1_351' title='bbox 729 3964 803 4031; x_wconf 91' lang='lat' dir='ltr'><strong><em>quod</em></strong></span> <span class='ocrx_word' id='word_1_352' title='bbox 824 3979 872 4031; x_wconf 90' lang='lat' dir='ltr'><strong><em>per</em></strong></span> <span class='ocrx_word' id='word_1_353' title='bbox 893 3968 1041 4032; x_wconf 67' lang='lat' dir='ltr'><strong><em>riegyptum</em></strong></span> <span class='ocrx_word' id='word_1_354' title='bbox 1063 3966 1157 4027; x_wconf 88' lang='lat' dir='ltr'><strong><em>currit,</em></strong></span> <span class='ocrx_word' id='word_1_355' title='bbox 1171 3978 1219 4017; x_wconf 90' lang='lat' dir='ltr'><strong><em>seu</em></strong></span> <span class='ocrx_word' id='word_1_356' title='bbox 1239 3964 1275 4018; x_wconf 91' lang='lat' dir='ltr'><strong><em>de</em></strong></span> <span class='ocrx_word' id='word_1_357' title='bbox 1296 3964 1352 4018; x_wconf 89' lang='lat' dir='ltr'><strong><em>illis</em></strong></span> <span class='ocrx_word' id='word_1_358' title='bbox 1367 3965 1523 4020; x_wconf 81' lang='lat' dir='ltr'><strong><em>fluminibus</em></strong></span> 
     </span>
     <span class='ocr_line' id='line_1_38' title="bbox 291 4063 1523 4136; baseline 0.006 -23"><span class='ocrx_word' id='word_1_359' title='bbox 291 4077 361 4127; x_wconf 84' lang='lat' dir='ltr'><strong><em>quae</em></strong></span> <span class='ocrx_word' id='word_1_360' title='bbox 375 4078 423 4128; x_wconf 84' lang='lat' dir='ltr'><strong><em>per</em></strong></span> <span class='ocrx_word' id='word_1_361' title='bbox 436 4065 540 4116; x_wconf 88' lang='lat' dir='ltr'><strong><em>lndlam</em></strong></span> <span class='ocrx_word' id='word_1_362' title='bbox 553 4064 654 4117; x_wconf 82' lang='lat' dir='ltr'><strong><em>vadunt</em></strong></span> <span class='ocrx_word' id='word_1_363' title='bbox 667 4066 778 4118; x_wconf 81' lang='lat' dir='ltr'><strong><em>liaberet</em></strong></span> <span class='ocrx_word' id='word_1_364' title='bbox 791 4083 798 4130; x_wconf 91' lang='lat'>;</span> <span class='ocrx_word' id='word_1_365' title='bbox 813 4071 839 4118; x_wconf 88' lang='lat' dir='ltr'><strong><em>et</em></strong></span> <span class='ocrx_word' id='word_1_366' title='bbox 855 4066 888 4118; x_wconf 91' lang='lat' dir='ltr'><strong><em>de</em></strong></span> <span class='ocrx_word' id='word_1_367' title='bbox 910 4065 956 4119; x_wconf 91' lang='lat' dir='ltr'><strong><em>illa</em></strong></span> <span class='ocrx_word' id='word_1_368' title='bbox 976 4079 1025 4118; x_wconf 84' lang='lat' dir='ltr'><strong><em>ave</em></strong></span> <span class='ocrx_word' id='word_1_369' title='bbox 1046 4067 1150 4119; x_wconf 85' lang='lat' dir='ltr'><strong><em>iaciens</em></strong></span> <span class='ocrx_word' id='word_1_370' title='bbox 1172 4063 1338 4118; x_wconf 79' lang='lat' dir='ltr'><strong><em>sacrificium</em></strong></span> <span class='ocrx_word' id='word_1_371' title='bbox 1351 4078 1480 4136; x_wconf 70' lang='lat' dir='ltr'><strong><em>maguam</em></strong></span> <span class='ocrx_word' id='word_1_372' title='bbox 1495 4078 1523 4120; x_wconf 86' lang='lat' dir='ltr'><strong><em>se</em></strong></span> 
     </span>
     <span class='ocr_line' id='line_1_39' title="bbox 290 4161 1525 4234; baseline 0.008 -25"><span class='ocrx_word' id='word_1_373' title='bbox 290 4161 403 4214; x_wconf 87' lang='lat' dir='ltr'><strong><em>deorum</em></strong></span> <span class='ocrx_word' id='word_1_374' title='bbox 423 4177 535 4216; x_wconf 90' lang='lat' dir='ltr'><strong><em>snorum</em></strong></span> <span class='ocrx_word' id='word_1_375' title='bbox 551 4166 710 4216; x_wconf 87' lang='lat' dir='ltr'><strong><em>aestimabat</em></strong></span> <span class='ocrx_word' id='word_1_376' title='bbox 728 4167 858 4232; x_wconf 87' lang='lat' dir='ltr'><strong><em>consequi</em></strong></span> <span class='ocrx_word' id='word_1_377' title='bbox 878 4166 1001 4232; x_wconf 73' lang='lat' dir='ltr'><strong><em>qratiam.</em></strong></span> <span class='ocrx_word' id='word_1_378' title='bbox 1015 4166 1091 4231; x_wconf 85' lang='lat' dir='ltr'><strong><em>Quod</em></strong></span> <span class='ocrx_word' id='word_1_379' title='bbox 1103 4179 1166 4219; x_wconf 90' lang='lat' dir='ltr'><strong><em>cum</em></strong></span> <span class='ocrx_word' id='word_1_380' title='bbox 1179 4165 1222 4217; x_wconf 87' lang='lat' dir='ltr'><strong><em>isti</em></strong></span> <span class='ocrx_word' id='word_1_381' title='bbox 1234 4164 1378 4229; x_wconf 86' lang='lat' dir='ltr'><strong><em>iecissent,</em></strong></span> <span class='ocrx_word' id='word_1_382' title='bbox 1388 4165 1425 4220; x_wconf 92' lang='lat' dir='ltr'><strong><em>de</em></strong></span> <span class='ocrx_word' id='word_1_383' title='bbox 1433 4168 1525 4234; x_wconf 78' lang='lat' dir='ltr'><strong><em>iecore</em></strong></span> 
     </span>
     <span class='ocr_line' id='line_1_40' title="bbox 290 4262 1527 4331; baseline 0.005 -20"><span class='ocrx_word' id='word_1_384' title='bbox 290 4262 357 4327; x_wconf 79' lang='lat' dir='ltr'><strong><em>aris,</em></strong></span> <span class='ocrx_word' id='word_1_385' title='bbox 370 4262 442 4328; x_wconf 91' lang='lat' dir='ltr'><strong><em>quod</em></strong></span> <span class='ocrx_word' id='word_1_386' title='bbox 457 4277 540 4329; x_wconf 90' lang='lat' dir='ltr'><strong><em>super</em></strong></span> <span class='ocrx_word' id='word_1_387' title='bbox 553 4263 687 4317; x_wconf 83' lang='lat' dir='ltr'><strong><em>carbones</em></strong></span> <span class='ocrx_word' id='word_1_388' title='bbox 698 4265 825 4318; x_wconf 89' lang='lat' dir='ltr'><strong><em>incensos</em></strong></span> <span class='ocrx_word' id='word_1_389' title='bbox 837 4267 954 4330; x_wconf 90' lang='lat' dir='ltr'><strong><em>positum</em></strong></span> <span class='ocrx_word' id='word_1_390' title='bbox 964 4265 1061 4328; x_wconf 86' lang='lat' dir='ltr'><strong><em>iuerat,</em></strong></span> <span class='ocrx_word' id='word_1_391' title='bbox 1071 4263 1206 4331; x_wconf 85' lang='lat' dir='ltr'><strong><em>quaedam</em></strong></span> <span class='ocrx_word' id='word_1_392' title='bbox 1219 4275 1283 4330; x_wconf 86' lang='lat' dir='ltr'><strong><em>pars</em></strong></span> <span class='ocrx_word' id='word_1_393' title='bbox 1299 4278 1414 4319; x_wconf 85' lang='lat' dir='ltr'><strong><em>sursum</em></strong></span> <span class='ocrx_word' id='word_1_394' title='bbox 1424 4265 1527 4321; x_wconf 83' lang='lat' dir='ltr'><strong><em>exilivit</em></strong></span> 
     </span>
     <span class='ocr_line' id='line_1_41' title="bbox 289 4360 1569 4428; baseline 0.006 -21"><span class='ocrx_word' id='word_1_395' title='bbox 289 4365 314 4408; x_wconf 86' lang='lat' dir='ltr'><strong><em>et</em></strong></span> <span class='ocrx_word' id='word_1_396' title='bbox 327 4360 355 4410; x_wconf 93' lang='lat' dir='ltr'><strong><em>in</em></strong></span> <span class='ocrx_word' id='word_1_397' title='bbox 368 4360 480 4413; x_wconf 82' lang='lat' dir='ltr'><strong><em>buccam</em></strong></span> <span class='ocrx_word' id='word_1_398' title='bbox 499 4363 679 4414; x_wconf 86' lang='lat' dir='ltr'><strong><em>miserrimam</em></strong></span> <span class='ocrx_word' id='word_1_399' title='bbox 699 4364 799 4416; x_wconf 86' lang='lat' dir='ltr'><strong><em>iuliani</em></strong></span> <span class='ocrx_word' id='word_1_400' title='bbox 822 4364 941 4416; x_wconf 83' lang='lat' dir='ltr'><strong><em>intravit.</em></strong></span> <span class='ocrx_word' id='word_1_401' title='bbox 956 4366 987 4415; x_wconf 81' lang='lat' dir='ltr'><strong><em>lit</em></strong></span> <span class='ocrx_word' id='word_1_402' title='bbox 1007 4365 1077 4416; x_wconf 86' lang='lat' dir='ltr'><strong><em>bene</em></strong></span> <span class='ocrx_word' id='word_1_403' title='bbox 1098 4368 1126 4416; x_wconf 89' lang='lat' dir='ltr'><strong><em>et</em></strong></span> <span class='ocrx_word' id='word_1_404' title='bbox 1147 4368 1220 4417; x_wconf 85' lang='lat' dir='ltr'><strong><em>reete</em></strong></span> <span class='ocrx_word' id='word_1_405' title='bbox 1234 4377 1241 4415; x_wconf 90' lang='lat'>:</span> <span class='ocrx_word' id='word_1_406' title='bbox 1255 4365 1303 4428; x_wconf 91' lang='lat' dir='ltr'><strong><em>qui</em></strong></span> <span class='ocrx_word' id='word_1_407' title='bbox 1327 4365 1406 4418; x_wconf 90' lang='lat' dir='ltr'><strong><em>enim</em></strong></span> <span class='ocrx_word' id='word_1_408' title='bbox 1428 4364 1527 4420; x_wconf 86' lang='lat' dir='ltr'><strong><em>multos</em></strong></span> <span class='ocrx_word' id='word_1_409' title='bbox 1542 4363 1569 4415; x_wconf 88' lang='lat' dir='ltr'><strong><em>tll</em></strong></span> 
     </span>
     <span class='ocr_line' id='line_1_42' title="bbox 288 4457 1528 4529; baseline 0.009 -22"><span class='ocrx_word' id='word_1_410' title='bbox 288 4457 392 4510; x_wconf 86' lang='lat' dir='ltr'><strong><em>christo</em></strong></span> <span class='ocrx_word' id='word_1_411' title='bbox 405 4459 588 4513; x_wconf 85' lang='lat' dir='ltr'><strong><em>saerillcanlos</em></strong></span> <span class='ocrx_word' id='word_1_412' title='bbox 601 4463 754 4515; x_wconf 87' lang='lat' dir='ltr'><strong><em>sacerdotes</em></strong></span> <span class='ocrx_word' id='word_1_413' title='bbox 764 4463 979 4516; x_wconf 81' lang='lat' dir='ltr'><strong><em>dehonoraverat</em></strong></span> <span class='ocrx_word' id='word_1_414' title='bbox 988 4469 1016 4515; x_wconf 90' lang='lat' dir='ltr'><strong><em>et</em></strong></span> <span class='ocrx_word' id='word_1_415' title='bbox 1029 4464 1155 4529; x_wconf 86' lang='lat' dir='ltr'><strong><em>ejecerat,</em></strong></span> <span class='ocrx_word' id='word_1_416' title='bbox 1166 4463 1255 4528; x_wconf 89' lang='lat' dir='ltr'><strong><em>ipsum</em></strong></span> <span class='ocrx_word' id='word_1_417' title='bbox 1266 4462 1351 4515; x_wconf 83' lang='lat' dir='ltr'><strong><em>etiarn</em></strong></span> <span class='ocrx_word' id='word_1_418' title='bbox 1361 4462 1528 4518; x_wconf 81' lang='lat' dir='ltr'><strong><em>sacrificium</em></strong></span> 
     </span>
     <span class='ocr_line' id='line_1_43' title="bbox 287 4560 1531 4632; baseline 0.008 -26"><span class='ocrx_word' id='word_1_419' title='bbox 287 4569 386 4620; x_wconf 88' lang='lat' dir='ltr'><strong><em>corpus</em></strong></span> <span class='ocrx_word' id='word_1_420' title='bbox 398 4561 597 4626; x_wconf 74' lang='lat' dir='ltr'><strong><em>etsanguinem</em></strong></span> <span class='ocrx_word' id='word_1_421' title='bbox 619 4562 725 4613; x_wconf 84' lang='lat' dir='ltr'><strong><em>bomini</em></strong></span> <span class='ocrx_word' id='word_1_422' title='bbox 747 4574 797 4627; x_wconf 91' lang='lat' dir='ltr'><strong><em>pro</em></strong></span> <span class='ocrx_word' id='word_1_423' title='bbox 819 4562 905 4614; x_wconf 81' lang='lat' dir='ltr'><strong><em>nihilo</em></strong></span> <span class='ocrx_word' id='word_1_424' title='bbox 926 4562 1060 4615; x_wconf 83' lang='lat' dir='ltr'><strong><em>habuerat</em></strong></span> <span class='ocrx_word' id='word_1_425' title='bbox 1080 4567 1108 4615; x_wconf 90' lang='lat' dir='ltr'><strong><em>et</em></strong></span> <span class='ocrx_word' id='word_1_426' title='bbox 1125 4560 1193 4614; x_wconf 88' lang='lat' dir='ltr'><strong><em>nulli</em></strong></span> <span class='ocrx_word' id='word_1_427' title='bbox 1206 4573 1300 4626; x_wconf 87' lang='lat' dir='ltr'><strong><em>neque</em></strong></span> <span class='ocrx_word' id='word_1_428' title='bbox 1319 4562 1531 4632; x_wconf 70' lang='lat' dir='ltr'><strong><em>urendosque</em></strong></span> 
     </span>
    </p>
   </div>
   <div class='ocr_carea' id='block_1_3' title="bbox 0 0 1582 5452">
    <p class='ocr_par' dir='ltr' id='par_1_4' title="bbox 0 0 1582 5452">
     <span class='ocr_line' id='line_1_44' title="bbox 0 0 1582 5452; baseline 0 1"><span class='ocrx_word' id='word_1_429' title='bbox 0 0 1582 5452; x_wconf 95' lang='lat' dir='ltr'><strong><em> </em></strong></span> 
     </span>
    </p>
   </div>
  </div>
 </body>
</html>
