3136 5482
302 353 394 403 amu.
413 355 496 404 nar.
516 354 632 404 ranis.
650 375 696 384 -
711 354 866 404 sermm.
887 356 934 405 ab
952 355 1029 405 con.
1052 354 1108 403 rso.
1322 335 1344 400 9

64 552 69 558 ·
144 523 228 576 testium
242 534 374 575 numeros.
388 524 444 576 lloc
461 521 563 575 etenim
580 523 654 589 quod
673 521 703 575 in
721 523 808 588 prima
826 521 916 575 ironte
928 521 1051 574 dicemus
1064 520 1145 574 nobis
1158 532 1250 574 coram
1267 520 1341 586 posi-

146 623 172 674 tis
179 626 261 688 gestum
270 626 309 674 est
319 637 326 671 :
337 622 410 688 quod
420 626 495 674 tanto
505 621 785 687 certiusproleremus
796 608 899 688 quanto
909 633 957 686 per
967 633 1017 672 nos
1027 620 1100 685 ipsos
1109 618 1180 673 scire
1189 619 1341 684 potuimus.

145 720 272 774 Sandonim
283 722 373 787 itaque
384 721 413 774 in
426 721 569 787 pmvincia
577 728 696 774 castrum
707 721 841 774 Solhisiae
850 721 934 773 situm
944 726 994 779 est,
1002 719 1046 772 cui
1057 717 1146 786 primo
1158 714 1344 771 ordinationis

147 821 203 887 rogis
212 821 315 886 Philippo
327 821 336 839 ⁴
348 833 422 874 anno
434 822 546 887 puppim
558 819 697 887 quandam
709 834 767 873 non
779 819 901 872 minimis
911 819 1149 871 mercimoniamm
1160 817 1245 883 copiis
1256 816 1340 870 reler-
1359 819 1368 836 ⁴
1382 815 1427 868 im
1439 816 1504 870 cod.

116 919 191 970 bum
207 931 234 971 er
250 920 410 972 Brittanniae
423 918 524 972 linibus
545 917 659 986 contigit
677 918 816 984 appulisse
836 920 854 970 ⁶.
870 920 992 984 Cumque
1012 917 1125 984 aliquod
1146 921 1253 981 tempus
1270 915 1342 968 inibi
1400 914 1485 990 'cod

146 1016 239 1082 remiges
254 1018 371 1083 ciusdem
394 1019 471 1071 navis
490 1018 633 1083 explerent
645 1019 805 1085 priusquam
826 1029 873 1070 sua
888 1015 997 1084 negotia
1010 1016 1043 1069 ad
1058 1021 1149 1069 votum
1172 1014 1344 1081 supplerent,
1367 980 1526 1047 appunsm·

144 1115 268 1168 arcessieris
284 1129 330 1168 eos
349 1115 480 1169 dominus
500 1115 604 1183 oppidi,
617 1116 705 1183 coegit
717 1128 810 1168 secum
833 1120 863 1166 ut
875 1115 986 1181 rapinas
998 1127 1030 1167 ac
1051 1113 1177 1166 incendia
1196 1114 1225 1165 in
1245 1118 1345 1166 terram

143 1214 259 1279 cuiusdam
270 1217 309 1268 sui
323 1215 430 1269 inimici
449 1221 617 1278 exercerent,
631 1229 758 1269 asserens
771 1216 844 1282 quod
858 1215 1029 1267 haecomnia
1042 1215 1154 1280 impune
1172 1213 1262 1265 lacere
1279 1225 1346 1277 pos·

142 1318 203 1366 sent.
213 1315 259 1376 Quo
268 1317 373 1381 cognito
386 1316 414 1368 hi
428 1316 529 1382 quibus
541 1314 594 1368 ista
608 1315 848 1381 promittebantur,
865 1326 928 1366 mox
942 1319 972 1366 ut
989 1326 1049 1366 sese
1069 1325 1165 1365 eorum
1187 1311 1346 1377 aspectibus

12 1417 15 1420 ’
96 1412 125 1462 llt
140 1411 293 1467 infunderunt
302 1416 320 1477 ⁴,
336 1420 409 1468 tanta
430 1413 592 1468 fortitudine
603 1427 667 1481 erga
688 1427 735 1467 eos
757 1414 798 1466 usi
811 1419 876 1465 sunt
896 1419 927 1464 ut
949 1412 1074 1478 plurimis
1095 1411 1229 1465 aoerrime
1246 1409 1341 1463 vulne·
1360 1407 1427 1460 'ilci
1440 1407 1510 1463 cod.
1556 1417 1559 1423 ·

139 1511 201 1564 ratis
216 1515 386 1582 omnibusque
406 1513 515 1583 iugatis,
537 1516 571 1567 ad
592 1527 642 1567 sua
663 1527 726 1566 eum
746 1513 844 1581 grandi
870 1513 1006 1565 dedecore
1028 1511 1120 1564 redire
1143 1510 1343 1577 compulerunt.

136 1609 263 1664 interillos
272 1626 333 1666 rero
346 1612 457 1679 quidam
471 1619 538 1678 erat,
551 1618 582 1665 ut
601 1611 751 1675 ferebatur,
765 1610 962 1673 nobilissimus,
976 1611 1023 1677 qul
1044 1611 1141 1678 sagitta
1163 1611 1192 1663 in
1212 1610 1277 1662 alro
1291 1610 1344 1662 lor-

135 1707 229 1764 tissime
237 1711 296 1765 adeo
306 1712 445 1766 sauciatus
455 1719 497 1765 est
509 1718 539 1765 ut
548 1712 655 1765 hastula
665 1713 801 1765 abstracta
812 1711 914 1764 lerrum
927 1711 1041 1776 intimis,
1052 1717 1083 1763 ut
1092 1711 1131 1763 rei
1141 1711 1231 1763 exitus
1241 1709 1344 1772 docuit,

132 1817 276 1864 remaneret.
288 1814 410 1879 Cumque
432 1813 466 1866 ad
489 1811 642 1865 curandum
656 1824 729 1875 eum,
743 1815 838 1877 utpote
850 1811 1089 1876 opulentissimum
1101 1810 1200 1876 virum,
1215 1809 1342 1862 nonnulli

73 1916 116 1968 lsi
133 1907 271 1964 medicinae
288 1913 355 1964 artis
375 1911 459 1978 periti.
473 1912 552 1964 asciti
572 1918 674 1975 essent,
687 1913 727 1963 uti
749 1910 816 1963 illud
836 1924 923 1978 genus
944 1912 1087 1964 hominum
1108 1910 1220 1973 assolet,
1243 1909 1344 1961 lerrum

130 2008 249 2074 indagare
259 2011 331 2062 omni
352 2009 473 2063 sollertia
493 2014 653 2075 coeperunt,
667 2015 695 2062 et
716 2020 773 2061 non
788 2007 908 2071 invento,
924 2009 970 2061 illa
991 2009 1020 2060 in
1041 2007 1148 2061 hastula
1161 2008 1265 2061 serrum
1288 2019 1343 2059 non

127 2109 195 2170 iore,
208 2109 305 2173 quando
317 2109 341 2160 is
352 2109 436 2162 elisus
456 2115 507 2172 est,
521 2109 629 2162 mentiti
649 2113 723 2161 sunt.
737 2091 863 2161 adhibita
875 2108 977 2160 deinde
994 2107 1128 2175 quaedam
1151 2112 1301 2174 unguenta,
1316 2108 1346 2159 in

123 2207 202 2262 brevi
215 2205 357 2260 lorinsecus
368 2215 462 2261 curata
476 2208 524 2260 illa
544 2214 585 2260 est
598 2207 685 2274 plaga.
698 2210 765 2259 Tum
778 2220 843 2260 vero
854 2212 995 2274 aegrotare
1007 2207 1097 2259 aerius
1111 2206 1194 2258 miser
1215 2206 1305 2271 eoepit
1316 2211 1345 2258 et

121 2310 154 2360 in
169 2310 262 2358 tantum
281 2308 500 2376 languescerent
515 2309 604 2361 socios
617 2307 652 2360 de
672 2309 732 2374 ejus
745 2308 798 2359 vita
820 2313 927 2374 cogeret
945 2306 1102 2372 desperare.
1116 2306 1232 2370 Quidam
1254 2306 1348 2371 itaque

62 2409 100 2461 2⁰
119 2404 254 2458 lunaticus
264 2405 356 2470 Britto,
370 2406 535 2472 Aquitanica
555 2405 664 2472 loquela
677 2405 787 2471 penitus
799 2406 921 2472 ignarus,
936 2404 964 2456 in
985 2405 1082 2458 eodem
1095 2405 1207 2457 castello
1222 2404 1349 2457 moraba-

117 2513 167 2560 tur
177 2506 258 2570 perid
270 2512 394 2570 tempus3
407 2506 511 2572 quique
523 2505 558 2558 ad
577 2518 640 2558 eum
653 2507 759 2566 venire,
772 2517 804 2557 ac
818 2506 903 2570 patria
924 2505 1015 2572 lingua
1029 2505 1164 2557 cohortari
1178 2509 1237 2556 erat
1248 2504 1346 2555 solitus

114 2610 158 2668 ut,
171 2604 194 2656 si
206 2604 291 2657 virere
302 2604 394 2670 vellet,
402 2602 436 2656 ad
450 2605 522 2658 beati
534 2605 626 2657 liilarii
640 2605 780 2658 basilicam
793 2603 944 2671 accederet,
958 2616 1029 2670 quae
1041 2617 1097 2656 non
1110 2603 1190 2672 longe
1201 2605 1237 2656 ab
1249 2602 1345 2655 eodem

111 2705 176 2758 rico
197 2705 321 2771 habetur,
340 2705 374 2757 ad
395 2705 531 2771 cujusque
551 2705 706 2770 parochiam
729 2704 805 2757 locus
827 2704 875 2757 ille
897 2705 1033 2770 pertinere
1053 2704 1163 2756 ridetur
1183 2704 1345 2769 antiquitus.

109 2807 238 2868 (ὶωηφιε
249 2803 307 2868 ejus
320 2802 432 2865 monita,
446 2807 541 2868 utpote
556 2803 677 2865 lunatici,
688 2802 771 2854 surda
783 2815 850 2854 aure
863 2803 1032 2868 praeteriret,
1043 2800 1088 2854 die
1100 2801 1219 2868 quadam
1234 2802 1298 2853 dum
1313 2801 1347 2854 de

57 2911 92 2960 ξ»
110 2901 283 2954 monasterio
305 2900 376 2952 beati
390 2900 575 2965 apostolorum
597 2899 729 2966 principis
742 2901 813 2952 Petri
825 2900 960 2952 sociorum
975 2901 1101 2952 manibus
1116 2900 1254 2966 praefatus
1266 2912 1348 2966 aeger

109 3000 307 3065 adveheretur,
318 2999 529 3053 anhelabundus
545 3000 664 3053 occurrit
675 2999 861 3066 phreneticus,
875 3012 1023 3065 coramque
1039 3001 1115 3052 omni
1134 3000 1233 3066 populo
1252 3005 1347 3053 contra

108 3098 205 3154 sancti
215 3100 306 3152 llilarii
316 3101 466 3154 oratorium
475 3101 561 3153 versis
572 3101 645 3153 ulnis
653 3100 788 3153 ambobus
795 3099 918 3161 (dextera
927 3101 1054 3167 equidem
1071 3100 1110 3152 illi
1124 3099 1228 3153 dudum
1242 3101 1349 3154 abscisa

106 3201 204 3254 morat
216 3200 322 3265 manus)
334 3207 361 3253 et
373 3201 466 3253 neseio
477 3200 545 3266 quid
566 3201 714 3253 barbarum
736 3199 877 3265 trendens,
891 3201 943 3253 hoc
963 3213 1049 3252 unum
1074 3200 1225 3267 intelligere
1244 3205 1347 3265 potera·

107 3311 175 3350 mus
188 3313 195 3349 :
209 3296 285 3366 hiat,
297 3297 375 3365 hiat,
393 3300 478 3352 altro
497 3299 654 3365 Hilarius,
673 3300 758 3352 altro
779 3297 936 3351 Hilarius.
951 3300 1066 3363 Vespere
1086 3299 1168 3365 igitur
1190 3299 1345 3363 subsecuto,

52 3404 88 3453 iil
105 3396 145 3450 ad
168 3398 257 3449 sancti
278 3398 418 3451 basilicam
440 3399 538 3464 rogitat
558 3411 587 3450 se
607 3398 707 3450 deierri
729 3397 887 3464 languidus,
909 3398 1087 3463 accensisque
1106 3398 1289 3450 luminaribus
1311 3397 1346 3450 ad

104 3496 304 3550 excubandum
321 3511 351 3550 se
363 3503 506 3563 praeparat
518 3496 641 3550 devotus.
656 3501 709 3550 Nec
729 3497 816 3550 deluit
831 3498 855 3550 ei
877 3497 1029 3550 beatissimi
1050 3497 1247 3563 aquitanorum
1269 3497 1346 3550 dueis

105 3597 208 3664 pietas,
221 3597 288 3662 quin
301 3609 349 3660 per
360 3597 419 3662 ejus
432 3597 528 3648 merila
540 3596 656 3662 pristina
667 3596 696 3647 in
708 3609 741 3649 eo
750 3604 778 3648 et
786 3597 879 3648 forsan
889 3595 1004 3648 validior
1016 3601 1224 3660 recuperaretur
1234 3596 1346 3648 sanitas

104 3698 206 3760 ltaque
217 3695 289 3746 circa
302 3701 415 3747 noctem
430 3693 558 3759 mediam,
572 3695 636 3747 dum
659 3693 683 3746 is
696 3707 778 3760 quem
791 3693 870 3747 dolor
887 3695 1002 3747 vetabat
1014 3694 1146 3762 vigilaret,
1160 3695 1274 3760 reliquis
1289 3694 1350 3746 dor·

103 3793 270 3858 mientibus,
282 3794 445 3847 necessitate
467 3794 606 3860 pulsatus,
619 3794 715 3861 sagitta
729 3795 831 3847 tamdiu
845 3793 875 3846 in
890 3795 1001 3846 homine
1014 3794 1119 3848 reclusa
1132 3808 1188 3846 non
1202 3794 1262 3846 sine
1274 3795 1347 3860 grati

48 3895 84 3946 35
102 3893 208 3947 dolore
222 3895 382 3960 purgatione
402 3894 505 3947 ventris
518 3893 594 3946 exire
617 3893 807 3959 compellitur3
822 3906 853 3946 ac
866 3893 976 3946 demum
998 3895 1046 3960 qni
1059 3894 1140 3958 paulo
1152 3899 1217 3946 ante
1230 3894 1347 3948 aliorum

103 3992 233 4046 humeris
247 3991 335 4045 lucrat
346 3993 455 4056 allatus,
468 3993 608 4059 gressibus
630 3993 746 4058 propriis
758 4005 808 4044 sua
821 3992 933 4057 repedat
945 3993 979 4044 ad
991 3993 1106 4058 hospitia
1120 3994 1293 4046 laetissimus.
1308 3996 1340 4047 nt

102 4091 156 4142 ubi
171 4094 263 4141 tantae
274 4089 314 4141 rei
327 4102 421 4142 rumor
432 4103 513 4142 aures
526 4089 613 4143 tidelis
625 4090 633 4108 '
646 4090 762 4156 perculit
774 4090 877 4156 populi,
891 4091 998 4142 rideres
1016 4091 1159 4157 utriusque
1179 4104 1261 4143 sexus
1279 4105 1343 4157 pan·
1361 4089 1444 4142 ‘coci
1456 4087 1540 4144 fideli.

102 4201 190 4255 peres
211 4200 243 4239 ac
261 4186 369 4255 divites,
379 4187 495 4253 juvenes
513 4199 546 4240 ac
566 4201 657 4253 senes,
671 4186 717 4240 illo
739 4201 770 4240 ac
791 4188 814 4239 si
836 4188 870 4240 ad
892 4188 1025 4254 quaedam
1050 4189 1166 4254 insignia
1188 4191 1343 4256 spectacula

102 4288 275 4352 [accurrere]
292 4293 319 4339 ct
340 4287 424 4338 ileum
445 4285 633 4339 benedicendo
653 4287 729 4340 omni
745 4284 844 4339 alsectu
861 4287 1028 4353 praedicare,
1047 4289 1093 4354 qui
1117 4295 1242 4341 sanctum
1261 4304 1342 4344 suum

48 4390 82 4440 lo
100 4388 176 4442 tanti
191 4387 311 4440 novitate
322 4387 448 4440 miraculi
460 4388 587 4455 dignatus
600 4387 688 4440 luerat
700 4388 844 4441 honorare.
860 4388 944 4454 liujus
962 4401 1029 4440 sanc
1041 4388 1104 4441 iacti
1122 4402 1177 4443 non
1190 4404 1276 4445 unum
1290 4406 1340 4461 ego

99 4492 207 4540 testem
218 4484 349 4551 adhibeo,
366 4486 414 4539 sed
428 4486 585 4552 omnesqui
599 4492 655 4538 tum
668 4485 697 4537 in
711 4485 806 4538 eodem
820 4486 957 4553 degebant
968 4486 1077 4552 oppido.

135 4584 632 4651 x1.ltiomrsustemporequidam
646 4584 726 4636 nobis
739 4585 810 4636 bene
820 4563 945 4652 cognitus
959 4587 1119 4650 monachus,
1134 4589 1211 4655 cujus
1226 4592 1344 4643 vocabu·
