3136 5482
127 4460 136 4477 '
148 4459 213 4513 cod.

85 4530 256 4579 vencmntur.

627 304 758 354 dadau.
778 303 880 354 cont).
900 302 1074 353 flautouR.
1094 301 1174 351 LAT.

477 473 600 526 Lacrima
614 472 753 538 pertundit
764 485 836 539 quae
847 472 940 540 lingua
952 472 1110 538 peccamina
1120 467 1221 523 tundit.

476 573 525 625 vir
538 573 590 625 nisi
605 585 660 626 non
672 572 753 639 plena
766 572 875 625 solvunt
884 572 989 639 jejunia
1007 584 1102 624 caena.

476 669 559 722 Pallia
572 674 705 734 ponentes
718 675 745 721 et
757 669 869 735 byssum
881 669 1054 737 proicientes,

474 767 585 820 Talibus
597 773 711 821 utuntur
723 768 785 835 quis
798 767 890 821 mollia
903 768 1025 821 membra
1038 771 1174 820 teruntur.

508 867 540 919 2.
554 867 601 918 llis
614 868 718 920 meritis
731 881 813 934 opum
826 881 942 921 numero
953 871 1081 920 currente
1092 865 1200 919 dierum

475 967 506 1017 Et
519 966 644 1031 precibus
655 967 739 1032 gratis
751 966 886 1020 instanter
898 966 1074 1032 continuatis,

476 1065 613 1130 Respexit,
626 1066 690 1118 iavit
702 1067 787 1131 pietas
807 1079 878 1132 quae
890 1071 988 1119 cuncta
1002 1065 1110 1118 creavit.

474 1165 550 1227 Quod
563 1163 630 1231 petit
641 1164 675 1217 ad
688 1171 779 1219 votum
792 1168 864 1231 capit
877 1165 922 1218 ilia
935 1166 1028 1233 petitio
1040 1171 1137 1220 totum.

443 1258 446 1264 ’
475 1263 606 1331 legitime
618 1265 715 1317 ductus
727 1266 857 1331 genitoris
869 1267 992 1331 germine
1006 1266 1121 1323 tructus,

476 1361 572 1414 Omine
585 1361 656 1415 felici
670 1377 737 1428 puer
749 1365 869 1416 exoritur
880 1365 1015 1431 genitrici.

476 1462 627 1527 suscipitur
639 1463 707 1515 sesto
719 1462 820 1528 studio,
834 1465 954 1516 nutritur
967 1465 1091 1517 honesto.

392 1586 397 1599 ·
472 1561 577 1612 crescit
589 1566 616 1613 et
628 1559 657 1612 in
670 1562 767 1614 melius
781 1563 895 1616 infantia
907 1562 1014 1630 prolicit
1026 1565 1119 1631 liujus.

476 1661 507 1711 tlt
519 1673 583 1713 vero
596 1666 682 1713 metas
695 1663 807 1728 puerilis
818 1664 906 1731 attigit
916 1669 1001 1729 aetas,

473 1758 554 1812 lludit
566 1760 707 1814 doctomm
720 1762 858 1815 doctrinas
870 1764 1049 1831 egregiorum.

473 1858 554 1910 llulta
570 1859 663 1925 legens
676 1859 766 1927 volvit,
779 1865 854 1913 tenet
866 1866 949 1929 artes,
963 1861 1049 1916 ardua
1062 1862 1150 1924 solvit,

473 1958 507 2008 0s
520 1969 610 2010 sermo
623 1964 722 2026 rectus,
738 1958 824 2024 replet
835 1961 967 2025 sapientia
980 1965 1084 2028 pectus.

475 2059 528 2109 Nec
540 2058 632 2124 vigilat
644 2063 749 2111 tantum
762 2073 810 2125 pro
823 2059 950 2127 dogmate
962 2061 1216 2129 philosophantum,

474 2155 527 2208 Sed
540 2155 638 2209 llorere
649 2157 729 2210 bonis
745 2159 854 2211 festinat
866 2159 1015 2227 religionis,

474 2257 511 2306 Ex
523 2256 623 2320 quilius
635 2261 661 2309 et
673 2270 780 2310 morum
792 2257 877 2311 decus
888 2261 988 2312 emicat
1000 2260 1171 2327 ingeniorum

475 2354 589 2407 licitene
600 2355 706 2408 vivendi
719 2357 761 2410 vel
774 2370 804 2410 se
816 2359 920 2412 cautela
934 2358 1056 2427 regendi,

476 2455 507 2504 Et
518 2452 592 2519 quod
604 2454 700 2509 adesse
713 2457 815 2510 malum
828 2459 984 2511 consuescit
995 2464 1102 2512 vertere
1113 2459 1209 2523 talum,

475 2554 605 2619 Quodque
618 2560 692 2607 tenet
704 2560 809 2622 gratum
821 2556 1014 2623 quodcumque
1027 2560 1081 2610 lieo
1093 2557 1128 2609 sit
1139 2563 1274 2625 amatum,

474 2654 512 2705 lid
527 2665 570 2706 res
583 2658 704 2708 terrenas
717 2654 791 2721 quod
804 2669 954 2723 numquam
967 2656 1052 2711 llectit
1063 2657 1193 2721 habenas,

474 2754 531 2814 Quo
544 2752 630 2805 tendit
641 2765 751 2806 cursum
764 2753 867 2808 directo
880 2757 986 2809 immite
999 2770 1117 2810 sursum.

473 2855 544 2906 llaec
556 2854 610 2920 agit
621 2859 648 2906 et
660 2855 729 2906 celat
747 2867 798 2907 nec
811 2856 932 2921 patrinus
945 2862 1003 2909 acta
1015 2857 1116 2910 revelat
1128 2873 1135 2911 ε

471 2951 550 3004 solus
563 2957 721 3005 cunctorum
736 2955 806 3005 lieus
818 2959 860 3006 est
872 2954 924 3006 sibi
936 2955 1064 3008 conscius
1076 2956 1182 3010 horum.

473 3052 504 3101 llt
517 3057 616 3116 patres,
630 3064 695 3103 cura
708 3053 823 3117 permoti
837 3067 893 3107 non
906 3055 1031 3116 valitura,

472 3154 597 3216 Quamuis
610 3154 716 3220 ingrato
728 3160 864 3219 quaerunt
876 3156 1013 3208 connubia
1030 3163 1103 3211 nato.

472 3254 520 3304 llic
533 3267 564 3305 ea
578 3253 697 3321 nolebat,
711 3254 757 3319 qui
770 3256 860 3307 vivere
872 3257 911 3308 sic
921 3257 1049 3322 cupiebat

470 3355 571 3405 seusus
584 3359 613 3405 ut
625 3359 696 3406 esset
707 3355 732 3413 ei
746 3355 848 3409 nullius
861 3357 992 3411 mollitiei.

470 3456 534 3505 Tam
548 3459 639 3506 tamen
652 3456 737 3507 invito
750 3457 884 3521 reperitur
896 3471 995 3523 sponsa
1010 3461 1117 3527 marito,

469 3552 546 3606 (tlara
562 3554 651 3618 puella
665 3553 730 3605 satis
744 3554 777 3606 de
789 3555 909 3608 culmine
922 3557 1084 3612 nobilitatis.

470 3653 541 3713 Quos
553 3656 583 3701 ut
595 3651 730 3704 nubentes
743 3653 771 3703 in
784 3653 885 3718 templo
897 3656 1100 3722 convenientes,

469 3749 590 3814 liartyris
603 3751 701 3817 egregii
714 3751 787 3816 quod
801 3756 859 3802 erat
871 3753 956 3804 sancti
971 3753 1111 3820 Bonilacii,

468 3849 561 3900 iunxit
573 3849 748 3901 honestorum
761 3849 915 3902 benedictio
931 3852 1158 3919 presbyterorum.

468 3950 534 4001 lude
546 3954 690 4002 coronatos
703 3950 828 4015 regaliter
841 3956 867 4002 et
879 3951 1005 4009 sociatos,

468 4052 535 4103 llum
549 4050 767 4114 proficiscuntur,
781 4062 907 4115 proceres
920 4052 1067 4118 populique
1079 4057 1234 4119 sequuntur

467 4155 569 4205 llensos
588 4154 717 4217 primates
731 4152 764 4204 ad
778 4152 860 4204 festos
874 4166 960 4218 usque
973 4161 1094 4218 penates.

467 4249 620 4303 (laudentes
634 4251 730 4303 turbae
743 4257 797 4303 tota
811 4252 975 4304 comitantur
986 4254 1021 4306 al)
1033 4254 1109 4307 urbe.

466 4350 532 4403 Aula
546 4362 645 4403 sonora
658 4351 741 4403 choro
754 4350 883 4415 cultuque
896 4356 1009 4403 venusta
1023 4351 1123 4404 decoro

466 4450 570 4515 Excipit
583 4450 699 4501 infantes
712 4456 738 4501 et
750 4463 835 4502 ovans
846 4458 990 4504 veneratur
1003 4453 1011 4470 '
1025 4458 1145 4505 ovantes.

467 4549 581 4614 implent
593 4550 660 4601 testa
673 4550 754 4612 lares,
766 4551 886 4617 gaudent
897 4552 988 4603 cuncti
1003 4552 1154 4618 populares.
