3136 5482
645 368 767 418 CATAL.
788 368 889 417 CODD.
909 367 1083 416 Hieroclis.
1101 364 1182 413 Lau.

622 586 832 699 Appendix
862 586 912 673 ad
941 583 1176 674 00015285.

716 820 887 889 0000000001
910 840 939 887 0.
964 838 1110 887 ruamur.

337 1034 362 1084 1.
375 1035 434 1084 lam
447 1037 538 1084 autem
559 1044 630 1098 quae
651 1033 679 1082 in
701 1031 762 1097 eius
783 1029 837 1082 rita
858 1034 886 1082 et
906 1030 978 1082 circa
994 1027 1118 1095 ejusdem
1136 1025 1306 1093 sepulturam
1320 1022 1453 1077 miracula
1464 1022 1520 1074 tacu
1555 1028 1560 1063 ἰ

306 1138 371 1185 sunt
381 1130 545 1184 audivimus.
563 1122 1522 1196 110000ᾱί0000]00001001000100010000010110000,0000001000010010010

301 1232 421 1284 secunda
434 1236 495 1297 post
509 1231 604 1289 Quasi
615 1230 714 1298 modo,
728 1236 846 1295 quantas
859 1242 907 1294 per
924 1227 1002 1281 illum
1015 1228 1147 1280 Dominus
1165 1226 1295 1293 dignatus
1307 1229 1352 1278 est
1363 1223 1471 1290 operari
1480 1222 1524 1274 sir·

300 1336 370 1385 tutes
382 1331 543 1398 supradictis
556 1328 705 1397 adjungere
717 1342 852 1382 curemus.
866 1329 949 1395 igitur
964 1341 1072 1394 pannus
1091 1327 1204 1391 sericus,
1215 1338 1271 1392 quo
1284 1330 1384 1378 sancta
1396 1323 1522 1391 tegebatur

301 1432 388 1496 tbeca,
402 1443 464 1482 cum
477 1429 637 1492 elevaretur,
650 1434 706 1481 tam
718 1441 828 1482 suavem
839 1425 935 1481 effudit
947 1428 1059 1481 odorem
1069 1430 1100 1479 ut
1108 1425 1244 1479 excedere
1253 1424 1397 1478 videretur
1415 1424 1524 1477 0000001000

301 1533 451 1583 aromatum
464 1529 568 1596 species
580 1529 609 1580 in
621 1508 796 1581 immensum.
809 1529 841 1580 ln
853 1528 911 1593 ipsa
927 1533 1017 1580 autem
1031 1525 1219 1579 translationis
1238 1530 1321 1578 nocte
1338 1528 1422 1577 erant
1433 1524 1461 1575 iu
1477 1523 1524 1588 ipsa

299 1629 413 1683 eeclesia
426 1634 480 1682 tam
492 1629 543 1681 viri
561 1640 643 1694 quam
655 1627 785 1680 mulieres
797 1625 955 1693 quindecim
976 1631 1002 1679 et
1019 1626 1137 1693 amplius
1154 1625 1274 1692 graviter
1292 1621 1476 1681 infirmantes,
1488 1620 1524 1674 alii

300 1727 479 1792 daemoniaci,
492 1727 537 1779 aiii
558 1739 635 1780 sacro
653 1727 716 1793 igne
733 1726 867 1780 succensi.
884 1728 1003 1789 Quorum
1017 1724 1161 1778 duodecim
1175 1723 1247 1777 inira
1262 1725 1386 1790 primam
1399 1720 1524 1789 0010000110

301 1825 357 1879 diei
374 1825 515 1880 redierunt
535 1824 687 1879 incolumes
706 1830 734 1878 et
754 1825 822 1879 sani.
845 1825 896 1877 lili
916 1838 981 1877 vero
1003 1824 1165 1891 superstites
1182 1828 1395 1880 remanserunt.
1418 1822 1523 1874 disimu

300 1924 516 1979 misericordiam
527 1929 725 1991 exspectantes,
738 1924 787 1977 sed
800 1924 871 1977 inira
881 1936 982 1989 paucos
997 1923 1056 1977 dies
1069 1923 1186 1976 liberati.
1199 1923 1249 1987 Qui
1260 1928 1290 1975 et
1300 1921 1363 1975 aliis
1375 1920 1525 1988 praecedeu-

300 2024 334 2076 lis
346 2023 509 2077 infirmitatis
520 2029 547 2076 el
558 2023 751 2089 subsequentis
762 2023 931 2076 liberationis
943 2022 1080 2075 laudabile
1091 2021 1280 2075 testimonium
1292 2021 1381 2088 gavisi
1400 2026 1464 2074 suut
1474 2031 1522 2085 per·

295 2122 405 2178 bibere.
419 2123 451 2174 st
462 2123 501 2174 sic
514 2122 542 2174 in
554 2122 668 2175 ecelesia
680 2122 715 2175 de
728 2113 931 2175 infirmintibus
942 2135 999 2175 non
1012 2122 1144 2174 remansit
1155 2134 1241 2174 unus.

212 2219 217 2230 '
237 2259 243 2272 .
337 2219 368 2273 2.
379 2223 519 2273 Praeterea
530 2221 638 2274 cuidam
650 2221 846 2274 mulierculae·
858 2221 893 2274 de
911 2221 1006 2287 ludio,
1024 2234 1095 2288 quae
1112 2221 1210 2274 eodem
1227 2224 1357 2287 tempore
1370 2221 1400 2273 in
1414 2216 1517 2274 eeclesia

303 2319 468 2386 morabatur,
490 2333 571 2373 usum
590 2318 767 2373 brachiorum
788 2327 814 2373 et
835 2334 966 2374 manuum
988 2334 1044 2374 uon
1069 2320 1183 2385 babens,
1202 2320 1317 2387 plenam
1340 2326 1368 2373 et
1392 2320 1523 2386 perfecus

301 2416 401 2484 adepta¹
410 2423 451 2470 est
462 2419 614 2471 sanitatem.
637 2405 703 2471 item
722 2418 757 2471 de
773 2419 879 2472 civitate
891 2419 978 2472 sanati
995 2424 1060 2472 sunt
1074 2419 1139 2485 duo,
1152 2418 1188 2471 de
1202 2419 1303 2482 Quinta
1325 2432 1411 2472 unus.
1424 2417 1523 2472 cuidae

303 2519 382 2570 etiarn
396 2519 514 2581 mulieri,
535 2532 605 2585 quae
622 2533 670 2584 per
687 2519 810 2586 quinque
831 2518 1017 2573 hebdomadas
1035 2518 1167 2586 loquendi
1180 2532 1262 2571 usum
1274 2521 1420 2581 amiserat,
1433 2516 1524 2573 reddita

303 2621 345 2669 001
356 2617 473 2683 loquela.
487 2621 629 2671 Praeterea
642 2618 740 2670 mulier
751 2619 885 2687 quaedam
895 2617 930 2671 de
944 2621 1072 2684 perrona,
1083 2618 1221 2686 sagiensis
1229 2616 1363 2679 diocesis,
1373 2631 1438 2670 cum
1450 2615 1523 2670 renis

303 2723 345 2770 set
356 2717 390 2770 ad
412 2725 533 2771 sanctam
555 2719 761 2771 translationem
782 2725 809 2771 et
830 2719 944 2772 baberet
956 2732 1066 2772 manum
1086 2719 1191 2772 aridam
1204 2724 1231 2772 et
1242 2719 1390 2773 brachium
1403 2714 1522 2786 usquerl

305 2818 438 2886 cubitum,
452 2832 514 2870 oum
535 2831 631 2886 magua
643 2818 788 2871 devotione
806 2832 917 2871 manum
930 2819 1027 2871 obtulit
1039 2831 1155 2884 ceream,
1166 2831 1237 2885 quae
1248 2818 1299 2871 diu
1312 2819 1448 2885 pependit
1458 2827 1524 2882 supet

304 2917 389 2970 altare
400 2918 550 2970 beatissimi
562 2918 672 2970 tuliani.
687 2918 782 2970 lluiier
795 2931 859 2971 0000
871 2919 931 2969 0100
950 2930 1043 2971 morae
1055 2917 1198 2984 dispendio
1212 2919 1354 2983 perfectae
1365 2918 1523 2972 restitutaesl

307 3018 425 3069 sanitati.

339 3117 370 3168 3.
385 3121 465 3168 Fama
478 3118 558 3184 igitur
570 3118 761 3169 crebrescente
776 3122 804 3169 et
816 3118 907 3170 eundo
926 3118 996 3170 vires
1013 3119 1130 3184 amplius
1147 3118 1320 3183 acquirente,
1342 3132 1444 3172 venere
1462 3112 1523 3168 multi

307 3229 419 3268 suorum
440 3216 675 3269 incommodorum
698 3217 819 3268 remedia
839 3218 958 3282 petituri.
978 3218 1072 3270 1101100
1084 3217 1219 3284 quaedam
1229 3218 1382 3282 iuvencula
1394 3218 1429 3271 de
1441 3217 1524 3269 11001ιο

213 3322 219 3334 ·
235 3362 243 3375 ,
304 3317 429 3367 0000101110·
442 3315 475 3367 ad
489 3316 632 3367 0001001οι00
645 3314 795 3380 deportata,
809 3317 910 3381 sparsis
923 3329 970 3382 per
983 3317 1052 3369 00110
1064 3317 1180 3381 capillis,
1191 3315 1298 3368 vultum
1313 3317 1422 3370 babens
1436 3314 1524 3368 terrib'r

303 3415 365 3479 lem,
379 3415 472 3467 oculos
487 3415 607 3466 minaces
621 3420 760 3477 01100000,
773 3416 992 3467 etinbumanum
1006 3428 1119 3479 sonans,
1133 3416 1262 3468 manibus
1284 3414 1410 3469 virorum
1429 3415 1525 3468 sortium

304 3514 347 3565 vix
362 3514 431 3565 trabi
445 3514 531 3578 potuit
543 3513 578 3566 ad
591 3514 675 3565 011000
689 3515 836 3566 beatissimi
855 3515 1028 3567 confessoris.
1048 3514 1223 3567 Postmodum
1242 3528 1320 3578 vero,
1342 3524 1374 3568 ut
1394 3515 1475 3568 moris
1486 3520 1525 3565 est

304 3613 332 3664 in
345 3626 422 3665 00000
445 3614 541 3677 posita,
564 3613 686 3666 0100000000
711 3618 738 3665 01
759 3628 828 3678 quos
849 3619 953 3679 poterat
973 3620 1085 3682 tangere
1104 3615 1277 3679 discerpens,
1298 3616 1412 3668 tandem
1431 3620 1526 3678 arrepta

303 3725 398 3764 somno
411 3711 548 3764 dormivit.
563 3713 594 3762 Et
617 3712 656 3763 sic
677 3713 837 3765 miraculose
858 3714 1001 3765 sanitatem
1023 3714 1135 3778 recepit.
1153 3713 1270 3776 Quidam
1285 3715 1371 3766 etiam
1384 3716 1495 3767 clericus
1505 3711 1527 3760 in

303 3810 383 3863 domo
396 3810 538 3876 cujusdam
553 3810 688 3863 0000000010
702 3824 815 3863 mancus
827 3817 854 3863 et
866 3812 942 3864 febre
955 3819 1087 3877 quartana
1097 3812 1235 3876 laborans,
1257 3813 1430 3865 obdormirit
1442 3814 1467 3864 in
1479 3812 1529 3862 loro
1538 3799 1560 3885 'i

304 3924 385 3976 super
406 3923 488 3975 quem
511 3909 559 3961 diu
583 3910 671 3961 iuerat
693 3915 815 3962 0000010000
836 3924 1018 3977 corpusznee
1040 3909 1338 3977 mora‚1·eliquiteum
1353 3926 1465 3966 somnus
1476 3920 1528 3963 cun
1555 3890 1560 3927 ⁴

304 4010 390 4069 febre,
400 4009 469 4061 01100
482 4009 555 4075 quod
569 4009 673 4061 febrilis
686 4009 850 4061 incommodi
861 4009 972 4077 vestigia
985 4024 1136 4076 numquam
1145 4011 1240 4062 sensit.
1252 4012 1299 4064 Sic
1308 4019 1337 4063 et
1348 4013 1459 4078 quidam
1467 4013 1531 4076 jure

303 4109 354 4174 nis,
369 4108 457 4160 dietus
469 4109 580 4160 liicbael
594 4108 628 4160 de
642 4111 754 4169 Gorran,
769 4109 884 4160 clericus
897 4108 984 4161 nostri
999 4111 1086 4175 ebori,
1104 4115 1131 4162 et
1144 4110 1216 4162 alius
1234 4111 1368 4174 01001000,
1383 4111 1456 4163 lilius
1469 4120 1532 4176 prae

305 4210 383 4273 positi
397 4209 432 4261 ile
445 4213 532 4277 Burgo
546 4210 625 4275 regis,
639 4209 723 4260 010111
737 4210 904 4274 quartanarii
918 4210 1004 4262 sanati
1018 4216 1082 4262 sunt
1095 4211 1181 4262 multi.

337 4309 368 4358 4.
383 4307 518 4360 Paridem
533 4313 638 4372 tempus
651 4308 764 4374 contigit
776 4307 825 4375 [ut]
840 4309 938 4360 milites
951 4320 1006 4360 non
1020 4309 1137 4360 multum
1156 4309 1237 4375 longe
1251 4310 1288 4362 ab
1304 4313 1429 4364 Ebromo
1441 4302 1560 4363 tornea-²

308 4409 390 4459 menti
405 4407 509 4466 ludum,
524 4413 602 4473 prout
615 4407 697 4458 moris
711 4413 759 4469 est,
774 4417 943 4459 exercerent.
957 4409 1030 4459 10100
1042 4421 1111 4474 quos
1125 4409 1165 4458 vir
1178 4408 1282 4460 nobilis
1301 4409 1533 4463 1010000001οιῃί-

308 4520 359 4558 nus
371 4507 456 4568 Tiliei,
471 4511 509 4558 101
521 4511 705 4558 torneatorum
720 4505 913 4557 10000001100001
925 4507 1126 4558 obviationibus
1139 4506 1268 4558 violentis
1282 4509 1453 4562 mirabiliter
1464 4511 1533 4559 inter·

307 4611 411 4671 ceptus,
425 4607 616 4672 praecipitatus
628 4604 734 4669 cecidit,
751 4610 777 4657 et
795 4606 854 4670 ejus
875 4619 961 4671 equus
983 4606 1034 4658 sub
1052 4620 1094 4658 00.
1114 4606 1239 4668 Quicum
1253 4614 1328 4659 esset
1342 4609 1374 4660 in
1389 4618 1462 4662 statu
1473 4605 1534 4674 quod
