3136 5482
331 318 424 368 eran.
443 317 527 369 nar.
546 317 663 369 rents
681 336 727 349 -
743 317 897 369 arrnnn.
915 318 963 369 ab
980 318 1058 370 oon.
1078 314 1152 368 toto.
1293 303 1360 371 393

138 487 273 542 lominum
286 487 377 556 magni
390 486 460 541 servi
473 488 543 555 ejus,
561 487 609 555 qui
622 492 686 542 sunt
697 492 823 554 potentes
840 489 868 541 in
887 501 971 555 opere
989 493 1016 542 et
1026 502 1163 556 sermone,
1179 492 1207 544 et
1217 494 1248 543 ut
1262 489 1359 544 verita·

138 600 181 640 ern
191 587 352 652 praedicent
360 593 387 639 et
396 587 488 640 dicant
498 591 524 640 et
533 588 606 653 justa
616 585 797 640 nihilominus
806 600 889 653 opera
900 588 1069 641 meditentur
1079 593 1107 642 et
1116 587 1227 642 faciant.
1238 590 1361 643 Laudent

138 688 209 740 etiam
221 688 368 741 bominum
380 701 477 741 omnes
499 688 569 741 servi
589 689 648 754 ejus
666 687 770 754 pusilli,
784 688 847 754 quia
868 689 1033 754 complacuit
1050 689 1119 755 patri
1141 689 1201 754 ejus
1220 686 1287 741 dare
1306 683 1360 737 illis

138 800 247 854 regnum
257 791 387 840 aeternae
399 787 543 853 felicitatis,
554 788 575 839 si
587 800 643 840 non
653 788 708 840 sint
717 787 824 855 parvuli
837 800 921 840 sensu
931 789 980 841 sed
990 787 1157 856 malignitate
1169 791 1196 840 et
1208 783 1361 840 calliditatis

138 889 199 937 astu.
212 884 369 938 Laudemus
381 899 492 953 quoque
504 885 582 938 illum
596 891 623 938 et
635 899 686 939 nos
705 884 791 938 infimi
810 890 837 938 et
854 885 958 953 indigni
981 885 1066 952 ipsius
1086 885 1191 947 famuli,
1204 884 1251 951 qui
1264 884 1286 936 si
1304 894 1360 935 non

138 996 269 1037 ueremur
282 983 316 1036 ad
329 985 591 1038 mensam·caelestis
603 998 687 1038 cenae
701 998 763 1038 cum
776 985 899 1051 patribus
914 984 1037 1038 residere
1054 984 1097 1038 rel
1110 985 1132 1037 si
1146 997 1202 1038 non
1215 994 1361 1049 possumus

138 1082 208 1148 requi
220 1083 333 1151 uestigia
345 1083 407 1151 agni
419 1096 594 1150 quocumque
606 1083 669 1137 ierit
680 1097 743 1137 curn
756 1083 948 1138 innocentibus
960 1083 1091 1150 parvulis,
1105 1087 1258 1151 satagamus
1271 1087 1362 1134 tamen

138 1195 192 1234 rum
204 1181 303 1235 catulis
315 1182 443 1250 colligere
457 1184 540 1236 micas
552 1184 641 1249 panis,
656 1183 683 1235 id
696 1190 736 1237 est
754 1184 883 1237 alimonia
901 1183 1006 1249 salutis,
1025 1185 1076 1237 sub
1094 1197 1189 1237 mensa
1207 1182 1313 1248 ferculi,
1334 1181 1361 1233 id

138 1285 172 1333 cst
182 1280 329 1333 clementia
350 1280 459 1334 divinae
481 1281 598 1347 pietatis,
614 1282 741 1347 Proinde,
754 1283 776 1334 si
790 1294 845 1335 non
859 1295 1005 1348 possumus
1029 1295 1092 1335 cum
1112 1295 1175 1350 rege
1193 1286 1220 1334 et
1231 1281 1363 1347 propheta

138 1379 243 1432 laudare
257 1379 402 1433 bominum
415 1381 443 1432 in
456 1384 584 1447 tympano
596 1384 623 1434 et
635 1382 728 1443 choro,
740 1380 770 1433 in
780 1380 889 1434 chordis
898 1387 926 1434 et
936 1394 1039 1449 organo
1048 1381 1089 1435 vel
1102 1379 1132 1433 in
1142 1379 1272 1446 cymbalis
1281 1379 1362 1432 bene

138 1477 305 1544 sonantibus,
316 1483 363 1531 aut
375 1480 396 1531 sl
416 1478 564 1546 nequimus
581 1480 700 1546 psallere
711 1479 779 1533 illud
801 1480 938 1533 canticum
959 1494 1060 1534 novum
1080 1479 1154 1547 quod
1176 1492 1257 1532 nemo
1275 1482 1364 1544 potest

138 1576 290 1630 dicerenisi
304 1578 343 1631 illi
356 1582 459 1631 tantum
474 1579 631 1645 inquorum
651 1592 698 1632 ore
717 1593 773 1632 non
789 1585 831 1632 cst
848 1580 990 1634 inventum
1007 1579 1191 1645 mendacium,
1212 1590 1268 1632 non
1281 1578 1362 1630 inter·

138 1674 274 1730 mittamus
286 1682 378 1730 tamen
390 1679 491 1744 passim
504 1676 603 1732 offerre
616 1677 655 1731 illi
669 1692 765 1745 puram
777 1679 951 1733 devotionem
965 1679 1063 1732 mentis
1076 1692 1139 1751 curn
1151 1676 1363 1732 mansuetudine

138 1773 224 1827 cordis
235 1781 264 1828 et
276 1776 385 1830 assidua
399 1778 573 1831 confessione
586 1779 669 1841 vocis,
682 1778 824 1831 laudantes
840 1778 918 1831 illum
937 1779 965 1831 in
984 1783 1141 1832 sanctorum
1160 1778 1246 1844 ipsius
1259 1776 1363 1829 meritis

138 1872 269 1938 gloriosis,
283 1880 312 1927 ut
325 1876 391 1941 ipsis
406 1874 616 1945 suffragantibus
635 1877 681 1930 illo
702 1878 847 1943 pervenire
865 1891 1021 1931 mereamur
1041 1891 1096 1945 quo
1118 1877 1226 1931 canitur
1245 1876 1359 1929 trinitati

138 1972 251 2039 simplici
264 1974 388 2027 beolaus
401 1974 563 2029 indeficiens
583 1980 610 2029 et
626 1977 673 2029 ubi
692 1975 765 2045 viget
781 1977 912 2045 gaudium
927 1979 992 2045 juge
1010 1981 1038 2030 et
1055 1976 1156 2030 laetitia
1173 1977 1233 2029 sine
1246 1975 1310 2028 fine.
1324 1974 1362 2028 ld
1459 2013 1462 2019 ·

138 2070 232 2124 trorum
243 2085 308 2140 ergo
321 2071 478 2142 suffragium
492 2076 674 2141 expetendum
687 2080 744 2130 toto
757 2077 857 2129 mentis
875 2077 937 2129 nisu
955 2076 1124 2142 anhelemus,
1144 2075 1211 2142 ipsis
1223 2088 1272 2141 pro
1285 2087 1364 2142 posse

138 2167 215 2236 digna
227 2172 329 2224 servitii
343 2175 437 2227 munia
449 2175 579 2228 exhibere
588 2175 757 2242 studeamus,
770 2183 800 2230 ut
812 2177 878 2244 ipsis
891 2190 939 2243 pro
952 2177 1043 2243 nobis,
1056 2177 1126 2230 sicut
1134 2177 1190 2243 jam
1201 2174 1304 2228 dictum
1313 2180 1363 2237 est,

138 2267 389 2336 interuenientibus,
403 2273 475 2339 quod
490 2274 589 2326 nostris
601 2287 658 2328 non
670 2276 792 2329 valemus
809 2276 934 2329 obtinere
951 2275 1055 2329 meritis
1073 2275 1195 2342 ipsorum
1209 2286 1364 2328 mereamur

138 2366 270 2438 suffragiis
282 2370 406 2437 adipisci.

168 2468 199 2521 2.
212 2471 251 2522 Ex
263 2483 382 2537 quorum
394 2473 507 2541 collegio
521 2474 708 2542 gloriosissimi
721 2476 879 2541 iustiniani,
893 2480 948 2529 lteo
960 2476 1039 2529 electi
1048 2473 1188 2540 infantuli,
1199 2475 1270 2527 ritae
1287 2477 1364 2527 actus

138 2566 291 2623 describere
302 2569 458 2639 adgressus,
480 2574 593 2627 obsecro
614 2574 736 2642 legentes
758 2580 848 2628 mente
869 2573 985 2642 supplici
1005 2588 1040 2627 ne
1060 2573 1206 2628 temeritati
1218 2573 1364 2640 adsignent

138 2666 291 2733 hujusmodi
304 2676 433 2724 conatum
454 2672 503 2725 sed
525 2671 672 2738 devotioni,
694 2673 821 2727 videlicet
839 2675 886 2740 qui
899 2687 968 2740 opus
990 2673 1193 2740 aperitioribus
1207 2671 1364 2740 quibusque

138 2766 199 2818 olim
211 2767 399 2822 intermissum
412 2770 526 2824 audeam
540 2783 679 2837 enarrare,
692 2771 778 2826 veluti
791 2773 884 2840 aliqua
896 2773 1024 2827 facundia
1036 2771 1220 2840 praepollens,
1233 2783 1297 2823 cum
1309 2770 1363 2822 sim

138 2862 237 2917 testula
249 2870 361 2931 torpens
373 2872 455 2934 atque
468 2881 563 2922 revera
574 2882 666 2923 socors
678 2876 704 2923 et
717 2871 802 2924 iners.
814 2874 869 2924 Nec
881 2870 954 2923 enim
968 2871 1019 2923 hoo
1033 2871 1101 2924 meis
1113 2881 1286 2937 praesumam
1299 2867 1363 2921 viri·

138 2964 195 3027 bus,
207 2962 257 3016 sed
270 2964 299 3017 in
310 2964 358 3019 illo
374 2965 494 3021 confisus
515 2969 562 3035 qui
580 2969 691 3022 brutum
711 2969 813 3022 animal
833 2969 983 3030 articulata,
1006 2968 1071 3022 dum
1084 2968 1182 3035 voluit,
1194 2967 1275 3035 jussit
1287 2964 1363 3019 effari

138 3061 236 3129 fngua,
257 3065 378 3119 conabor
397 3067 501 3122 referre
521 3082 578 3122 non
599 3070 657 3122 visa
678 3069 725 3122 sed
747 3067 848 3134 audita,
872 3069 975 3122 scilicet
994 3069 1064 3121 sicut
1081 3068 1176 3121 relatio
1188 3067 1364 3133 antiquorum

138 3161 212 3215 solita
224 3169 267 3215 est
282 3164 385 3219 inferre
405 3171 480 3234 gesta
498 3169 651 3234 priscorum
672 3169 700 3221 in
722 3167 835 3221 auribus
859 3173 1043 3234 posterorum.
1056 3166 1132 3232 Quod
1145 3167 1168 3219 si
1181 3179 1238 3220 non
1250 3166 1364 3234 quivero

138 3265 261 3327 neptum
271 3275 340 3330 opus
352 3268 479 3334 congruis
491 3268 584 3321 uerbis
598 3268 755 3333 enucleare,
769 3268 885 3320 obsecro
899 3280 933 3320 ne
947 3272 1058 3333 propter
1077 3265 1203 3318 inertiam
1216 3265 1283 3317 fatui
1296 3263 1363 3316 rela-

138 3360 201 3413 ¹oris
213 3369 381 3427 spernantur
392 3370 469 3418 actus
482 3371 510 3418 et
521 3367 633 3420 virtutes
645 3366 808 3420 sanctissimi
818 3372 844 3420 et
856 3365 1024 3419 admirabilis
1033 3365 1083 3419 viri
1095 3380 1102 3416 ε
1113 3363 1211 3417 stultus
1221 3365 1295 3417 enim
1305 3375 1365 3416 esse

138 3464 219 3513 ,ector
229 3461 361 3525 creditur,
375 3463 398 3515 sl
411 3469 523 3530 propter
537 3466 645 3531 nigrum
661 3470 843 3518 atramentum
855 3479 910 3532 quo
923 3465 992 3518 liber
1010 3464 1139 3518 scribitur
1157 3463 1261 3529 respuit
1273 3461 1365 3515 lectio·

138 3559 178 3612 nis
190 3559 388 3616 saluberrimos
400 3563 514 3617 fructus.
528 3565 555 3617 Si
568 3577 632 3618 vero
648 3565 748 3632 aliquis
769 3564 869 3618 sciolus
888 3566 939 3617 troc
953 3564 1047 3632 legens
1063 3563 1233 3616 subsannare
1249 3561 1366 3615 uoluerit

138 3668 213 3725 opus,
225 3661 355 3728 recogitet
366 3662 441 3728 quod
454 3663 519 3715 mibi
533 3664 562 3716 in
575 3663 663 3730 pretio
675 3664 709 3716 sit
728 3676 761 3716 ex
779 3663 963 3716 mediocribus
976 3675 1037 3717 esse
1049 3663 1146 3730 poetis,
1159 3661 1224 3714 dum
1244 3659 1282 3713 illi
1300 3659 1365 3712 satis

138 3756 167 3808 sit
178 3757 281 3811 dixisse
300 3775 307 3811 ι
325 3762 388 3826 Ego
410 3763 495 3815 mira
507 3764 655 3830 poemata
669 3775 787 3830 pango.
806 3763 853 3816 llis
871 3775 935 3830 ergo
953 3761 1061 3815 omissis
1078 3758 1364 3825 commentationibus,

138 3858 191 3909 tuto
203 3870 297 3911 reruni
309 3859 404 3912 arbitri
416 3862 519 3915 auxilio
533 3861 609 3927 fisus,
622 3867 749 3928 coeptum
763 3861 890 3915 exordiar
902 3875 1032 3930 peragere
1044 3874 1122 3928 opus.
1141 3860 1217 3912 Adsit
1228 3857 1294 3911 mibi
1307 3863 1363 3920 tua,

138 3968 151 4008 o
163 3958 321 4024 praeclarae
334 3958 437 4013 indolis
447 3961 609 4026 iustinianc,
623 3963 720 4028 oratio,
734 3969 761 4014 et
772 3974 854 4028 quem
866 3973 882 4014 a
894 3961 1020 4028 plurimis
1030 3959 1187 4026 saepissimo
1197 3959 1225 4010 in
1235 3956 1363 4010 tirocinio

138 4055 288 4110 litterarum
298 4058 392 4111 eruisti
404 4058 573 4123 verberibus,
596 4060 694 4127 adjuva
716 4073 790 4112 nuno
811 4060 981 4114 laborantem
1002 4060 1031 4111 in
1052 4059 1105 4111 tuis
1123 4056 1260 4121 laudibus,
1273 4059 1304 4108 ut
1315 4054 1363 4106 tibi

138 4156 213 4226 ligna
231 4157 337 4210 taleam
352 4159 507 4223 persolvere
520 4160 666 4225 praeconia
678 4164 704 4213 at
725 4160 914 4227 ignorantibus
931 4172 1031 4228 queam
1049 4159 1176 4212 decenter
1192 4162 1266 4209 tuam
1284 4166 1364 4207 rene·

138 4259 248 4315 abilem
261 4256 393 4313 intimare
405 4259 573 4313 memoriam.
