3136 5482
266 329 270 338 '
343 343 436 392 sisu.
457 341 538 392 uer.
559 341 675 392 renis.
696 363 739 373 —
756 343 910 392 nerano.
931 343 978 392 an
994 342 1071 391 oon.
1090 338 1165 391 atre.
1296 325 1365 390 247·

336 515 440 566 Diceret
453 513 517 565 bule
529 513 644 564 miserae
657 512 774 578 suspiria
786 486 888 578 quanta
901 511 977 563 luere

333 612 438 665 Turbae
452 625 500 677 pro
513 612 605 664 fratris
616 611 700 664 ltauri
715 612 854 677 patrisque
867 612 949 664 futuri

335 713 467 775 Discessu,
481 723 546 763 eura
559 710 644 776 patris
656 710 690 763 ad
703 723 833 777 praesens
846 711 965 763 caritura

332 816 405 876 Quae
417 810 597 878 praestolatur
609 824 679 878 quae
692 813 783 864 ltauro
797 816 872 877 patre
886 812 1015 876 regatur?

334 914 410 964 llunc
423 911 486 978 quia
499 910 620 976 dimittit,
635 923 685 964 nee
698 913 808 964 sanetus
822 910 886 963 llere
899 908 1025 977 quiescit,

334 1012 495 1078 solaturque
507 1024 571 1064 suos
583 1017 660 1078 paler
673 1011 724 1065 boc
736 1007 863 1064 affamine
876 1016 963 1072 natos,

334 1115 364 1166 ut
378 1114 457 1180 quasi
470 1110 504 1164 sit
516 1110 603 1165 iaetus
616 1129 623 1163 ε
641 1109 804 1179 ofretres,
817 1109 998 1178 compescite
1009 1109 1109 1176 (tetes.

334 1209 403 1263 Dicit
414 1210 515 1263 debere
528 1211 623 1277 magis,
637 1209 689 1263 boc
701 1210 829 1274 abeunte,
844 1208 938 1262 dolere

334 1311 441 1363 >lullum
454 1322 536 1377 quarn
549 1323 609 1362 sese
620 1327 627 1372 ς
638 1309 687 1362 sed
702 1321 752 1362 nec
765 1310 864 1362 mentis
877 1309 956 1376 quasi
969 1309 1058 1361 laesae

329 1411 451 1462 Testatur
464 1424 470 1461 :
485 1408 575 1474 debet,
589 1409 718 1474 quoniam
732 1408 841 1461 dileetio
854 1408 976 1475 praebet,

334 1510 409 1572 Quod
422 1510 507 1577 magis
518 1514 561 1562 est
572 1523 676 1570 earum,
690 1508 764 1576 quod
777 1515 805 1562 et
816 1508 893 1569 utile,
907 1507 981 1575 quod
993 1508 1142 1574 pretiosum
1158 1525 1165 1573 ς

330 1611 386 1662 Non
405 1621 465 1674 sua,
478 1609 526 1662 sed
539 1609 636 1662 Christi
649 1622 720 1676 quae
732 1614 806 1674 sunt,
820 1608 978 1675 quaerenda
991 1604 1064 1660 ildeli
1075 1625 1082 1670 3

330 1710 456 1773 Quamvis
468 1710 590 1762 solamen
604 1708 680 1762 tieret
692 1710 766 1762 senis
779 1713 861 1776 atque
873 1708 1006 1771 levamen,

331 1811 364 1861 se
376 1807 477 1861 debere
490 1812 581 1860 tanton
594 1808 692 1859 christi
705 1808 832 1874 gregibus
844 1807 910 1860 dare
922 1820 1044 1875 gramen.

212 1910 258 1960 14
271 1909 333 1972 (iti).
367 1908 411 1960 Sic
423 1907 544 1974 loquitur
557 1906 710 1971 lacrimans,
725 1907 800 1959 tratri
813 1906 856 1958 bis
867 1905 959 1959 oscula
969 1906 1100 1973 jungens,

329 2005 470 2073 verbaque
483 2006 530 2058 dat
541 2006 631 2069 vitae;
646 2005 773 2058 manibus
785 2017 855 2070 quae
868 2005 971 2057 iecerat
982 2005 1051 2071 ipse,

330 2104 487 2156 batlibram
501 2105 588 2170 panis,
602 2103 650 2155 sed
663 2109 690 2156 et
702 2103 777 2155 addit
788 2103 910 2169 pondera
923 2102 988 2155 uini.

329 2206 405 2257 Tunc
417 2205 456 2257 sie
467 2203 572 2256 dimisit
584 2204 745 2256 Benedictus
758 2210 784 2256 et
796 2204 845 2256 bos
859 2202 1009 2256 benedixit.

156 2308 199 2360 15
211 2307 324 2370 (til-20).
362 2304 488 2357 Protinus
501 2304 648 2369 hospitium
663 2302 714 2356 luit
727 2304 769 2355 bis
781 2304 910 2355 Euchelia
924 2303 1052 2369 primuni.

322 2405 392 2456 Eece
403 2416 509 2458 memor
520 2405 605 2455 ltauri
617 2402 713 2456 doctor
722 2403 887 2455 uenerabilis
901 2399 976 2461 almi,

324 2502 425 2556 Nolens
437 2504 471 2556 ad
484 2509 575 2570 partes
586 2503 653 2556 alias
666 2504 796 2555 immunis
807 2503 905 2567 abiret,

324 2601 401 2653 ltittit
411 2615 473 2654 eunt
486 2602 580 2654 charta
593 2615 656 2655 caro
669 2602 720 2654 sibi
734 2614 849 2654 munera
862 2613 924 2654 cara
939 2617 945 2652 :

322 2703 389 2753 Tres
402 2705 493 2767 partes
505 2702 581 2768 ligni,
595 2715 649 2768 quo
662 2702 727 2755 vivit
739 2702 831 2764 bomo,
844 2701 975 2767 pretiosi:

322 2799 472 2866 llelliquias
484 2805 595 2852 sanotae
607 2800 747 2867 genitricis
759 2806 785 2852 et
797 2801 985 2861 intemeratae,

327 2899 433 2950 Partem
446 2898 556 2965 pallioli,
571 2900 641 2951 sieut
654 2899 760 2966 legitur,
773 2898 909 2952 lilcbaelis
921 2900 939 2963 ',
1386 2922 1393 2938 ν
1406 2931 1529 2972 „mum

323 2998 445 3063 ltartyris
456 3002 483 3049 et
493 2997 633 3063 stephani,
647 2997 752 3051 ltartini
767 2997 887 3063 denique
899 2996 995 3049 saneti.
1363 2990 1364 2993 ’
1406 2997 1464 3037 om.
1478 2988 1502 3038 Ξ.
1521 2980 1526 2992 “

324 3099 435 3150 Munera
450 3104 505 3150 tarn
518 3110 616 3165 inagna
629 3097 754 3150 servabat
766 3098 888 3149 eburnea
902 3108 993 3161 capsa.

323 3196 395 3246 llaec
408 3207 501 3247 seeum
515 3195 608 3260 terret,
621 3193 743 3248 doctoris
759 3194 833 3262 quod
845 3206 950 3246 mernor
963 3201 1043 3259 esset,

321 3297 450 3350 Scribens
461 3296 496 3351 de
508 3299 572 3362 vita,
586 3297 621 3350 de
633 3297 712 3363 tacto,
727 3302 826 3349 cuncta
840 3297 940 3348 lutura.

191 3400 236 3451 18
251 3397 322 3461 (et).
360 3396 468 3461 llospita
481 3396 609 3449 Vercellis
623 3395 674 3448 luit
685 3396 727 3447 his
739 3392 851 3447 suffusio
864 3394 944 3446 tellis.

322 3495 368 3544 l'ir
379 3495 490 3560 quidam
503 3500 605 3547 turrem
618 3493 808 3547 conscendens
822 3493 920 3545 nobilis
932 3492 1024 3554 allatu,

322 3595 372 3657 Qui
384 3607 476 3648 eomes
487 3596 516 3647 in
530 3595 630 3657 reditu,
642 3595 697 3647 dux
708 3607 789 3648 eausa
800 3597 913 3646 uenerat
924 3593 1014 3657 bujus.

321 3694 429 3746 corruit
441 3709 474 3746 ex
486 3695 551 3757 alto,
564 3695 658 3747 oolliso
671 3707 785 3760 corpore
799 3697 872 3757 toto;

321 3796 375 3845 Nec
387 3793 475 3858 potuit
487 3793 543 3846 tolli
558 3795 609 3846 nisi
623 3806 685 3846 curn
696 3792 836 3860 juvamine
848 3794 942 3859 panni.

323 3896 389 3957 spes
402 3899 460 3945 erat
473 3894 500 3944 in
515 3900 611 3955 morte,
625 3894 689 3961 quia
701 3894 854 3959 desperatio
868 3893 946 3946 uitae.

321 3995 421 4046 Omnes
433 3994 585 4058 tristantur,
599 4007 648 4059 per
661 3999 782 4058 tempora
794 3994 875 4060 longa
888 4000 1040 4046 morantur.

321 4093 435 4157 Semper
447 4093 523 4158 pejor
536 4099 576 4145 est
589 4093 798 4159 necquicquam
811 4091 936 4144 convalet
947 4104 1038 4157 aeger.

320 4191 427 4243 Accitur
439 4191 570 4256 inedieus,
585 4205 726 4258 perquem
741 4198 830 4245 tumor
842 4191 887 4243 ille
900 4197 1017 4245 secetur.

186 4296 232 4346 17
248 4288 327 4358 liii(
356 4292 412 4341 llux
424 4294 452 4342 et
461 4289 565 4357 legatus
578 4291 628 4342 luit
641 4289 849 4344 archidiaconus
860 4303 943 4351 unus,

320 4387 384 4440 Plus
395 4389 456 4441 allis
467 4389 561 4456 tristis,
575 4389 635 4454 plus
647 4395 766 4442 maestus
778 4389 886 4442 casibus
898 4389 965 4441 istis.

319 4488 370 4550 Qui
384 4501 439 4541 non
453 4486 512 4539 leue
525 4488 615 4540 terens
628 4487 727 4540 infirmi
741 4488 840 4540 uulnus
852 4491 878 4540 el
891 4489 991 4556 ignem.

317 4589 440 4640 accurrit
453 4599 579 4652 propere,
593 4590 714 4640 Maurum
727 4600 781 4653 quo
795 4593 907 4640 noverat
920 4600 979 4640 esso
