3136 5482
271 384 364 434 oran.
382 381 466 434 uer.
485 381 600 435 ruam.
621 401 664 414 -
681 381 835 434 monuo.
854 382 902 433 uu
918 379 995 432 coo.
1015 377 1089 432 saco.
1230 364 1296 431 533

99 556 154 608 14.
170 554 209 608 lbi
222 555 287 607 baut
299 554 403 622 ingrata
424 554 504 607 nobis
526 553 598 606 tama
620 552 771 617 nuntiatur,
793 551 920 605 videlicet
932 549 1006 618 quod
1018 551 1167 617 imperator
1178 548 1297 617 quodam

61 657 189 723 eorporis
201 654 394 709 immedicabili
408 654 502 708 morbo
527 653 597 707 adeo
617 654 772 720 tenebatur,
793 656 824 704 ut
844 650 986 717 desperata
998 663 1042 703 ars
1055 650 1223 704 medicorum
1232 650 1295 703 nul·

61 759 122 815 lum
134 757 170 811 ad
184 758 267 811 vitam
287 758 328 809 illi
345 762 436 823 posset
452 755 578 809 conterre
596 755 758 809 remedium.
777 754 837 819 Qui,
856 753 1062 807 convalescente
1081 753 1176 806 morbo
1193 751 1297 805 crebris

61 855 200 926 pulsibus,
212 870 274 909 cum
286 855 365 910 dolor
376 855 411 908 ad
423 855 514 909 vitalia
525 855 699 921 irrumperet,
712 854 807 906 mortis
822 858 896 906 metu
909 849 1044 905 contritus
1055 851 1210 917 hujusmodi
1220 851 1296 903 lacri-

32 957 159 1013 limabili
170 968 237 1010 voce
249 956 413 1008 exclamasse
422 954 542 1008 dieitur:
563 954 638 1007 lesu
659 953 795 1019 Domine,
815 952 870 1020 qui
889 964 921 1004 es
943 952 1105 1017 lapsorum
1122 949 1293 1017 reparatio,

60 1057 242 1111 errantium
251 1055 351 1123 venia,
362 1053 418 1122 qui
429 1053 527 1107 donas
538 1053 639 1107 caecis
650 1051 803 1106 mentibus
812 1053 981 1119 aspectum,
1000 1049 1055 1118 qui
1070 1062 1119 1104 me
1130 1061 1295 1103 erroneum

60 1156 295 1222 etpeccatorem
306 1153 457 1207 adversm
469 1154 613 1206 sanctum
624 1164 736 1210 nomm
747 1153 838 1203 tuum
850 1149 992 1217 usquein
1003 1148 1188 1203 boetianum
1199 1148 1294 1202 saeui-

61 1255 113 1310 re·
120 1267 241 1322 possets
251 1266 293 1319 es,
304 1253 358 1308 cui
369 1253 413 1306 ad
432 1253 588 1320 cupienda
609 1265 737 1321 operum
764 1251 1038 1306 malarum-studia
1049 1250 1133 1304 nihil
1143 1252 1293 1318 superest,
1350 1252 1359 1272 ·

59 1354 127 1409 nisi
138 1354 374 1422 quodpeccator
391 1355 421 1406 et
438 1355 535 1407 Deum
556 1354 707 1421 iquorans
727 1356 863 1407 meretur
875 1370 885 1419 ‚·
896 1353 979 1420 Iesu,
997 1352 1135 1419 iuquam,
1154 1350 1291 1418 Domine,

13 1455 44 1509 to
58 1455 211 1508 miserere
229 1451 308 1507 mibi
327 1452 447 1507 bomini
463 1452 712 1521 peccatumque·
729 1453 800 1507 ticet
811 1464 893 1520 prae
912 1451 1130 1520 maqnitudine
1141 1451 1294 1504 scelerum

56 1553 185 1608 ueniam
204 1565 401 1621 nequaquam
423 1564 555 1619 merem,
572 1552 721 1620 confiteor
738 1554 842 1605 tamen
862 1551 937 1619 quia
956 1550 1103 1618 quicquid
1118 1548 1293 1616 desperatio

55 1653 163 1719 nequi,
179 1653 234 1705 tua
239 1654 409 1718 praestare
414 1652 518 1718 potest
536 1650 726 1717 omnipotens
744 1649 952 1718 induiqeutia,
976 1649 1041 1703 Tibi
1053 1650 1235 1716 promptum
1247 1649 1292 1701 est

55 1764 187 1806 sursum
208 1762 319 1805 vocare
338 1750 377 1803 de
396 1748 520 1818 inferis,
539 1752 568 1803 et
589 1749 745 1804 sciscitare
756 1750 795 1804 de
806 1751 948 1817 putrere,
967 1749 1132 1803 restituere
1143 1748 1182 1801 de
1188 1747 1293 1815 perdi

56 1851 151 1907 liorem
170 1851 215 1904 Tu
233 1850 304 1914 scis,
327 1848 464 1916 Domine,
482 1849 559 1916 quia
577 1849 615 1902 de
626 1849 818 1904 conscientia
829 1850 1013 1904 meritorum
1020 1861 1131 1916 preces
1142 1860 1248 1902 coram
1262 1849 1292 1900 te

10 1951 42 2007 ill
55 1963 258 2019 nequaquam
269 1950 374 2017 offero,
387 1949 441 2003 sed
453 1949 528 2017 quia
540 1952 606 2003 tam
612 1950 690 2017 pius
707 1962 739 2004 es
757 1952 793 2003 ut
805 1950 932 2004 assidue
943 1950 1052 2018 roqari
1064 1949 1151 2016 vetis,
1164 1947 1210 2002 sic
1223 1960 1288 2000 mu·

57 2050 177 2119 nifleus
205 2053 241 2102 ut
267 2048 423 2103 nemiuem
452 2049 620 2116 desperare
640 2050 807 2117 patiaris3
832 2050 887 2117 qui
912 2051 1075 2116 peccantes
1103 2048 1291 2101 miseranter

57 2151 215 2217 expectas,
228 2149 395 2203 clementer
403 2160 538 2215 revocas,
551 2149 798 2204 misericorditer
814 2150 977 2203 anundus.
996 2149 1088 2202 Nunc
1100 2159 1180 2215 erqo,
1193 2145 1290 2200 omni-

55 2251 168 2318 potens
180 2248 350 2316 miseratio,
362 2260 456 2314 nunc,
469 2247 651 2302 animarum
667 2235 780 2317 poteras
795 2249 940 2316 salvatio,
959 2261 999 2301 ne
1010 2247 1145 2301 declines
1158 2247 1193 2299 in
1205 2246 1257 2299 ira
1269 2257 1290 2297 a

57 2361 147 2404 servo
160 2351 221 2416 tuo,
231 2349 285 2402 sed
294 2361 412 2402 renova
423 2348 458 2401 in
469 2361 518 2401 me
528 2349 675 2417 quicquid
687 2362 735 2402 me
746 2351 855 2403 contra
867 2349 1029 2403 ueritatem
1040 2350 1069 2401 et
1078 2360 1189 2400 nomen
1201 2348 1290 2399 tuum

10 2448 42 2503 2]
56 2450 205 2503 sanetum
216 2447 313 2515 spisse
324 2450 382 2501 aut
402 2447 584 2515 iqnorantia
595 2448 713 2515 subeqit
725 2450 783 2501 aut
801 2447 895 2516 fraus
914 2447 1072 2501 haeretica
1094 2447 1288 2513 depravavit.

58 2549 97 2601 lta
110 2547 184 2600 latus
196 2547 336 2615 conticuit,
350 2551 378 2599 et
397 2547 528 2600 continuo
549 2548 686 2601 resolutus
707 2548 735 2601 in
752 2547 926 2602 somnovidit
938 2547 989 2600 sibi
1011 2546 1106 2599 illum‘
1124 2545 1288 2598 infirmitatis
1348 2537 1359 2562 ⁶
1394 2539 1400 2551 '

58 2648 197 2700 bumanae
212 2646 349 2714 singulare
372 2646 550 2713 praesidium,
573 2647 711 2699 Christum
731 2646 866 2710 videlicet,
889 2648 1035 2713 assistere;
1059 2646 1105 2713 qui
1127 2646 1248 2699 ostendit
1264 2647 1290 2700 ei

56 2748 147 2802 virum
160 2753 285 2799 sanctum
298 2752 325 2800 et
336 2759 400 2799 vere
422 2747 585 2800 catholicum
604 2747 806 2810 Barsanorium,
823 2753 850 2800 et
867 2748 904 2800 ait
925 2747 964 2798 illi
978 2763 985 2799 :
999 2746 1032 2800 Si
1043 2747 1141 2800 vitam
1154 2747 1291 2814 quaeris,

57 2843 141 2899 bunc
151 2857 278 2898 assume
286 2843 343 2897 tibi
350 2844 433 2898 uitae
442 2844 661 2899 consiliarium
672 2845 720 2912 ,·si
731 2845 901 2899 sanitatem
909 2845 1079 2912 desideras,
1091 2844 1173 2900 bunc
1182 2844 1293 2899 adhibe

10 2942 42 2999 lt
55 2940 113 2996 tibi
128 2940 244 2995 salutis
256 2941 456 3009 interpretem
466 2960 476 3010 ,·
488 2943 517 2994 si
529 2944 658 2996 mortem
676 2943 799 3009 metuis,
813 2941 896 2996 bunc
907 2943 1057 2997 credulus
1069 2943 1156 3011 audi,
1170 2945 1200 2996 et
1211 2955 1291 2997 mor·

56 3044 119 3095 tem
129 3042 293 3094 aeternam
301 3041 421 3095 mades.

89 3141 140 3193 15.
154 3140 364 3211 expergencius
383 3141 530 3208 imperator
548 3143 681 3196 visionem
698 3144 829 3196 continuo
850 3143 985 3196 intimavit
1004 3147 1031 3197 et
1048 3143 1188 3196 bominem
1209 3143 1290 3209 hujus

55 3238 189 3305 nominis,
202 3239 343 3292 bominem
355 3240 437 3306 nujus
449 3241 553 3295 formae
566 3248 593 3294 et
605 3243 724 3306 babitus,
734 3243 878 3296 inventum
891 3243 941 3295 sibi
954 3241 1053 3295 adduci
1063 3243 1192 3308 precepit.
1206 3245 1291 3307 Quem

54 3336 89 3390 ad
113 3338 174 3390 loca
193 3336 380 3390 nundinarum
400 3342 428 3391 et
448 3339 578 3393 stationes
600 3341 711 3393 navium
733 3341 895 3408 quaesitum,
918 3340 984 3392 dum
1003 3353 1139 3407 nusquam
1152 3347 1290 3407 repertum

10 3436 40 3492 io
54 3436 227 3501 renuntiant,
240 3436 398 3504 indignatus
417 3437 452 3490 ad
475 3439 665 3505 quaerendum
685 3453 780 3493 rursus
798 3440 888 3506 mittit,
909 3432 1010 3508 urgens
1021 3444 1049 3493 et
1061 3440 1206 3506 increpans
1218 3441 1289 3495 iner-

53 3536 121 3589 tiam
134 3535 335 3602 quaerentium.
357 3537 478 3590 Tandem
499 3539 527 3590 in
548 3538 662 3592 ecclesia
684 3539 755 3592 beati
770 3543 883 3592 llermae
897 3541 1037 3592 inventum
1050 3539 1084 3592 ad
1097 3539 1228 3606 palatium
1240 3540 1290 3593 les·

53 3637 178 3690 tinenter
189 3635 339 3690 adducunt.
361 3641 446 3703 Quem
467 3640 577 3693 intuens
598 3640 755 3707 imperator,
777 3642 836 3706 ipso
858 3640 955 3694 eodem
967 3641 1055 3709 signo,
1069 3654 1123 3708 quo
1135 3656 1185 3708 por
1201 3642 1288 3694 visum

52 3734 199 3800 didicerat,
221 3735 361 3790 bominem
381 3737 512 3805 agnoscit,
534 3745 561 3792 et
582 3752 645 3793 mox
665 3741 764 3792 annisu
788 3753 842 3807 quo
865 3744 970 3806 poterat
990 3740 1114 3804 exiliens,
1133 3740 1216 3807 pedes
1230 3742 1289 3807 eius

52 3833 248 3903 apprehendit.
271 3836 342 3898 Quos
363 3836 516 3904 astringens
536 3844 619 3905 atque
641 3839 812 3906 deosculans,
837 3839 928 3892 divelli
950 3840 984 3892 ab
1005 3840 1045 3892 eis
1062 3840 1120 3893 solo
1133 3845 1233 3894 stratus
1245 3841 1289 3893 vix

10 3932 38 3988 B
53 3937 174 4002 poterat.
187 3935 245 3987 lion
266 3933 312 3987 ille
334 3936 424 4001 magni
446 3935 565 4002 imperil,
588 3950 643 3991 nou
664 3937 740 4006 regni
759 3938 924 4006 singularem
944 3939 1102 4005 potentiam,
1117 3953 1172 3993 non
1185 3940 1288 4008 regiam

53 4044 207 4100 purpuram
219 4032 372 4102 cogitabat,
385 4034 476 4088 solum
485 4035 601 4102 pedibus
613 4037 663 4090 viri
676 4038 734 4091 solo
747 4042 848 4091 stratus
868 4039 1036 4091 inhaerebat.
1051 4042 1191 4093 Postremo
1204 4041 1290 4105 aperit

53 4142 128 4200 quae
140 4130 192 4183 sibi
204 4130 286 4184 merit
297 4144 379 4185 causo
391 4134 480 4186 virum
493 4139 618 4188 sanctum
631 4148 727 4189 vocare
748 4135 782 4188 ad
801 4136 941 4204 palatium,
956 4137 1082 4190 videlicet
1099 4137 1237 4205 quomodo
1257 4137 1287 4190 in

54 4231 159 4285 lectum
172 4229 350 4298 aegritudinis
362 4230 540 4298 decubuerat,
554 4238 581 4286 ct
593 4238 697 4300 quanto
710 4234 805 4288 mortis
821 4240 895 4287 metu
907 4236 1051 4288 bominum
1070 4236 1249 4304 invocaverat,
1263 4243 1289 4289 et

54 4328 140 4396 quale
152 4326 204 4380 sibi
217 4340 380 4393 responsum
401 4342 536 4396 apparens
558 4331 687 4383 Dominus
709 4331 877 4395 reddiderat,
899 4338 929 4385 ut
940 4333 1028 4385 virum
1040 4333 1120 4385 talem
1132 4339 1286 4399 quaereret,

10 4430 38 4487 0
54 4427 221 4496 promittens
232 4441 283 4494 per
295 4430 368 4481 bunc
380 4429 584 4495 recuperandae
596 4430 691 4483 salutis
704 4431 868 4497 praesidium
877 4436 904 4484 et
916 4432 1125 4485 interminabilis
1134 4433 1203 4484 vitae
1212 4447 1288 4499 prae·

52 4528 143 4581 mium
154 4527 164 4546 '
176 4525 278 4579 sanetis
297 4527 401 4594 legibus
413 4529 586 4594 promissum.
601 4530 649 4582 llic
661 4536 842 4596 opportunum
863 4536 969 4597 tempus
982 4530 1079 4583 videns
1090 4530 1132 4584 vir
1145 4536 1285 4600 strenuus,
1338 4541 1348 4561 ·
1362 4539 1429 4593 cod.

51 4640 110 4696 quo
119 4626 277 4681 inconsulta
288 4628 362 4696 regis
374 4628 460 4682 edicta
474 4629 605 4683 damnare
624 4631 727 4684 utiliter
740 4636 840 4698 posset,
854 4644 925 4698 quae
937 4630 970 4683 ad
989 4633 1209 4698 persecutionem
1225 4646 1286 4686 son·
1300 4605 1475 4671 immissum·
