3156 5452
275 295 365 346 siau.
385 294 470 361 uer.
488 294 605 347 ranis.
624 315 670 327 -·
684 295 838 347 urrunn.
857 295 905 346 un
921 293 998 344 con.
1016 290 1094 344 eaor.
1234 276 1301 345 543

66 462 491 530 sollemnitateconstueratzquo
499 462 649 528 praebente
656 476 768 516 manum
778 462 962 516 infructuosos
970 462 1093 528 corporis
1102 474 1301 528 exsuperemus

66 563 203 635 igniculos
220 563 382 630 animaeque
393 563 561 630 depellamus
577 563 746 631 denigratam
758 563 912 632 caliginem,
925 567 956 615 ut
972 562 1042 616 adici
1059 575 1212 616 mereamur
1225 562 1300 616 illius

64 661 282 728 jucundissimae
292 661 424 715 societati.

101 762 134 814 4.
147 763 211 814 Post
222 757 370 815 ineffabilia
389 760 471 827 igitur
491 760 559 815 caeli
578 760 638 815 visa
658 766 770 829 secreta,
784 761 813 814 in
835 760 1020 827 resumptione
1032 759 1156 826 corporis
1174 760 1299 828 angelico

31 863 51 917 ll
67 860 149 914 discit
159 860 274 926 imperio
286 858 352 927 quid
373 860 510 928 agendum
530 865 601 914 esset
621 861 680 914 viro
697 860 865 926 beatissimo,
879 860 923 913 cui
935 860 988 913 vivi
1001 860 1083 914 fontis
1104 859 1184 914 latice
1204 862 1300 915 revivi-

67 972 150 1014 scens
163 972 263 1025 corpus
274 959 387 1025 jubetur
399 958 573 1026 pertundere,
586 959 696 1026 vitaque
714 959 850 1013 meliorari
863 959 1030 1025 praecipitur
1041 964 1069 1012 et
1080 960 1204 1014 caelestis
1215 961 1302 1030 gloria

66 1059 245 1128 promittitur.
257 1060 343 1125 liujus
355 1059 576 1124 incomparabilis
587 1058 778 1125 promissionis
790 1058 935 1112 securitate
947 1063 1066 1125 recepta,
1074 1060 1225 1115 sanctitatis
1235 1076 1301 1117 suae

66 1158 207 1226 ampliavit
219 1170 342 1223 munera,
355 1157 523 1224 demumque
536 1156 646 1224 majoris
658 1158 844 1227 praerogativa
856 1156 949 1211 lloruit
959 1158 1072 1225 gratiae,
1085 1171 1182 1212 caecos
1193 1162 1300 1216 elclau·

66 1258 118 1313 dos
129 1258 260 1325 omnique
272 1257 402 1326 languore
413 1256 517 1311 dehiles
536 1256 697 1311 meritorum
715 1270 815 1311 sanans
832 1257 970 1320 donativo,
988 1261 1015 1311 et
1026 1271 1075 1323 per
1086 1266 1212 1325 acceptae
1224 1262 1295 1316 vitae

12 1359 50 1413 lo
67 1355 216 1411 duodenne
231 1356 348 1424 spatium
364 1355 571 1409 lliherniensem
584 1355 677 1409 multis
689 1356 772 1424 signis
784 1355 979 1409 miraculorum
988 1368 1131 1411 coruscare
1140 1357 1205 1412 iecit
1214 1360 1301 1427 regio·

67 1469 144 1511 nem.
156 1457 189 1508 ht
205 1455 248 1508 vir
267 1454 401 1524 egregius,
426 1467 507 1521 quem
529 1452 672 1521 multiplex
691 1453 841 1508 sanctitatis
854 1456 956 1510 mundo
981 1455 1140 1522 propalahat
1163 1458 1300 1526 cumulus,

66 1557 166 1611 iterato
177 1568 207 1609 se
227 1554 451 1623 cognoscentium
472 1555 585 1622 cupiens
606 1555 691 1609 vitare
703 1555 794 1608 vultus
806 1561 833 1608 et
844 1560 875 1608 ut
892 1556 951 1623 ejus
963 1556 1051 1611 laudis
1068 1557 1163 1611 notitia
1183 1559 1302 1613 nescire-

65 1660 121 1724 tur,
134 1656 234 1709 avitam
245 1655 375 1723 linquens
387 1655 513 1722 patriam,
526 1667 575 1722 per
587 1654 741 1708 Britannias
760 1659 932 1709 transvectus
949 1660 991 1708 est
1007 1655 1037 1707 in
1048 1657 1203 1710 saxoniam.
1215 1660 1300 1721 Quem

66 1755 224 1824 Sigehertus
240 1767 288 1808 rex
310 1752 460 1808 honorilice
478 1753 608 1819 suscepit,
622 1753 767 1820 omnisque
780 1753 855 1822 regio
867 1754 976 1807 initium
986 1753 1082 1807 salutis
1094 1768 1143 1821 per
1155 1769 1219 1810 eum
1232 1770 1304 1811 suru-

12 1854 50 1909 rs
67 1852 131 1920 psit.
140 1854 222 1919 cujus
233 1851 326 1905 dilecti
339 1852 385 1904 liei
398 1856 501 1918 quanta
513 1858 584 1904 esset
595 1852 680 1920 gratia
692 1852 815 1919 quamvis
826 1853 952 1918 majestas
963 1852 972 1870 ·
985 1853 1103 1905 nesciret
1112 1854 1197 1920 regia,
1206 1858 1298 1910 umen
1353 1856 1450 1934 ὀοά.Ι

65 1956 200 2020 quantum
221 1952 307 2005 felicis
341 1950 463 2005 advenae
491 1951 645 2017 praesentia
672 1950 761 2005 eidem
782 1951 839 2019 regi
859 1951 1014 2018 ceterisque
1034 1951 1155 2005 attulerit
1177 1953 1296 2019 jubilum
1319 1925 1476 1989 majestaus·

65 2050 237 2106 demonstrat
248 2051 337 2105 honor
349 2050 496 2118 exhihitus,
510 2050 574 2117 quia
586 2051 610 2104 ei
624 2050 706 2104 etiam
719 2050 748 2104 in
760 2050 890 2104 omnihus
906 2050 980 2118 regia
999 2050 1146 2105 famulatur
1157 2053 1277 2108 servitus
1290 2068 1298 2107 ι

65 2163 150 2218 quem
161 2150 242 2205 ditari
264 2149 356 2204 multis
380 2150 475 2204 volens
493 2149 601 2217 opinus,
614 2163 696 2204 omne
708 2150 865 2216 speciosum
877 2153 1003 2203 terrenae
1016 2151 1192 2217 supellectilis
1205 2151 1301 2207 libenti

67 2249 167 2305 chtulit
179 2250 283 2305 animo.

17 2349 54 2403 2⁰
106 2348 138 2405 5.
151 2352 223 2415 Quae
234 2350 276 2404 vir
287 2353 408 2415 sanctus,
418 2348 566 2403 laudabilis
573 2349 742 2402 constantiae
751 2347 846 2417 vigens
856 2348 1007 2418 privilegio,
1016 2347 1158 2404 offerentis
1170 2349 1305 2404 extollens

71 2445 250 2514 desiderium,
263 2446 341 2500 duxit
352 2460 400 2513 pro
413 2447 509 2513 nihilo,
522 2451 735 2514 consuetamque
747 2446 837 2501 cordis
849 2447 890 2500 sui
903 2448 1074 2502 sanctitatem
1086 2448 1133 2502 diu
1146 2448 1235 2503 celare
1248 2462 1303 2503 non

71 2546 170 2615 potuit,
182 2546 246 2614 quia
257 2546 332 2600 velut
342 2546 456 2601 lucerna
466 2548 495 2599 iu
507 2546 589 2600 domo
602 2547 648 2600 liei
660 2548 764 2614 positus
777 2547 844 2601 llore
857 2547 1017 2601 meritorum
1029 2549 1144 2613 enituit3
1158 2562 1305 2617 regemque

71 2646 187 2712 supplex
207 2646 286 2712 petiit
296 2658 351 2712 quc
371 2646 397 2699 ei
415 2647 490 2699 locus
511 2647 676 2700 tribueretur
695 2652 774 2713 aptus
794 2647 944 2701 monastico
962 2647 1062 2715 ordini,
1075 2647 1122 2701 uhi
1136 2651 1189 2702 lieo
1201 2648 1305 2702 servire

71 2745 175 2799 valeret
202 2745 332 2798 attentius
360 2746 548 2813 maximusque
575 2745 696 2799 lidelium
719 2747 881 2812 quantocius
907 2752 1119 2814 congregaretur
1142 2753 1303 2801 conventus.

19 2845 54 2900 Β
70 2844 154 2912 &ujus
173 2844 298 2911 petitioni
319 2843 476 2909 praedictus
499 2857 545 2898 rex
566 2858 622 2898 non
647 2844 735 2898 solum
758 2857 900 2898 assensum
920 2845 1055 2912 praebuit,
1074 2846 1264 2899 verumetiam
1276 2852 1306 2900 ut

71 2942 244 3012 lahorisejus
265 2942 429 3011 quantocius
448 2953 591 3010 appareret
608 2945 722 3010 fructus,
742 2957 855 3013 magnos
867 2945 958 3013 regiae
969 2944 1164 3000 consolationis
1177 2946 1305 3013 praebuit

71 3047 209 3111 sumptus,
223 3043 448 3110 desideriumque
459 3043 510 3097 viri
522 3045 568 3097 liei
581 3045 609 3097 in
622 3044 722 3112 quihus
742 3044 827 3097 valuit
844 3044 954 3111 adjuvat
966 3050 993 3098 ct
1004 3048 1163 3099 construere
1175 3044 1204 3098 in
1217 3059 1303 3115 reguo

71 3155 123 3197 suo
134 3143 182 3202 uhi
194 3143 275 3198 vellet
288 3145 437 3197 monastica
448 3144 602 3198 habitacula
614 3146 738 3211 imperat.
761 3147 876 3211 Accepta
898 3145 939 3197 vir
951 3146 998 3199 liei
1010 3146 1092 3212 hujus
1104 3146 1212 3211 imperii
1225 3158 1302 3200 secu·

71 3241 163 3308 ritate,
176 3254 258 3309 quam
271 3240 389 3307 plurima
402 3243 534 3295 construit
545 3242 718 3310 monasteria,
732 3241 918 3309 praedictique
937 3243 1007 3310 regis
1026 3243 1170 3309 imperium
1189 3242 1304 3298 diversis

17 3342 55 3397 dt)
72 3340 197 3395 ccelesiis
210 3341 345 3404 honestat,
359 3354 429 3408 quas
441 3342 644 3408 pretiosissimis
656 3347 813 3395 sanctorum
828 3342 952 3409 reliquiis
972 3347 1113 3396 consecrat
1126 3347 1154 3394 et
1166 3355 1248 3409 super
1260 3355 1307 3396 eas

70 3438 184 3494 sedulus
197 3444 357 3506 procurator
369 3440 498 3507 invigilat.
511 3442 555 3494 Sic
566 3440 697 3507 paulatim
713 3439 852 3494 dilectoris
865 3441 911 3493 liei
924 3441 1013 3507 coepit
1026 3441 1240 3510 circumquaque
1252 3441 1305 3495 cla·

71 3550 180 3593 rescere
192 3537 373 3607 magnitudo:
393 3539 471 3605 cujus
493 3540 643 3592 sanctitatis
663 3538 730 3592 dum
750 3540 833 3592 etiarn
851 3539 954 3606 quique
974 3538 1071 3604 procul
1091 3540 1188 3593 remoti
1207 3539 1306 3593 tamam

70 3637 197 3702 audiunt,
209 3637 312 3703 adeius
324 3637 509 3706 undequaque
521 3638 627 3705 pietatis
640 3642 822 3692 tutamentum
835 3643 1014 3691 concurrunt.
1027 3640 1099 3703 Quos
1113 3649 1209 3693 omnes
1223 3638 1308 3692 divini

70 3736 173 3803 eloquii
185 3736 285 3803 pannio
297 3737 376 3790 satiat
389 3742 417 3790 et
428 3742 483 3791 tam
496 3738 603 3791 animae
614 3751 696 3804 qnam
709 3738 832 3803 corporis
845 3735 1024 3791 incolumitati
1043 3738 1199 3803 consociat3
1214 3742 1241 3791 et
1259 3738 1307 3805 qui

14 3839 54 3892 315
70 3834 211 3903 quondam
222 3834 432 3889 lliherniensem
445 3838 538 3890 multis
551 3837 735 3890 illustraverat
747 3837 944 3890 miraculorum
952 3836 1081 3903 prodigiis
1095 3836 1221 3902 insulam,
1232 3850 1308 3893 nuuc

73 3936 168 3990 iterato
187 3935 233 3990 ille
246 3935 309 3989 felix
328 3936 431 3990 advena
452 3938 646 4004 spatiosissima
667 3938 816 3990 sanctitatis
838 3950 904 3990 suae
927 3948 1042 3988 munera
1062 3949 1155 3989 secum
1169 3935 1305 4000 deferens,

73 4046 131 4089 non
142 4035 228 4089 solam
240 4034 399 4088 saxonicam
414 4037 563 4103 regionem,
579 4051 674 4090 verum
687 4037 767 4104 longe
779 4035 1000 4102 circumjacentia
1009 4047 1083 4098 arra,
1094 4035 1210 4088 mirahili
1221 4036 1307 4103 reple·

72 4139 117 4188 tus
130 4135 245 4201 Spiritus
266 4135 352 4186 sancti
375 4136 470 4201 gratia,
495 4137 691 4202 omnipotentis
713 4136 759 4188 liei
781 4137 920 4201 suscipere
939 4134 1003 4186 lacit
1023 4134 1151 4187 salutaria
1164 4134 1246 4188 dona.
1261 4136 1307 4189 llis

14 4296 18 4303 ,
72 4233 216 4288 cotidianis
235 4234 367 4288 virtutum
389 4235 566 4288 incrementis
584 4237 683 4289 athleta
702 4237 807 4289 homini
828 4234 980 4302 invigilans,
998 4235 1223 4300 peregrinationis
1242 4247 1307 4287 suae

15 4338 55 4392 40
72 4333 191 4401 bajulos.
204 4333 315 4386 beatum
328 4332 479 4385 Foillanum
492 4339 518 4386 et
531 4335 682 4401 liltanum·,
698 4336 725 4387 in
738 4333 900 4387 constructis
912 4346 927 4384 a
940 4344 969 4384 se
984 4332 1111 4396 praefecit
1124 4331 1306 4386 monasteriis.
1359 4330 1372 4405 ᾗ
1385 4328 1449 4381 cod.

72 4431 123 4497 Qui
133 4430 236 4485 eisdem
248 4445 357 4497 semper
374 4432 563 4500 adhaerentes,
578 4434 751 4501 longissimos
762 4436 939 4498 susceperant
948 4431 1175 4497 peregrinationis
1184 4432 1301 4498 labores,
1335 4397 1472 4448 manum·

73 4530 188 4600 parique
199 4531 320 4585 coronati
332 4530 427 4598 gloria,
441 4531 512 4584 haud
525 4532 667 4586 dissimilia
680 4539 840 4588 meruerunt
858 4531 977 4597 assequi,
991 4534 1022 4582 ut
1033 4529 1181 4594 credimus,
1194 4531 1302 4599 gaudia.
