3136 5482
394 300 487 352 111111.
508 302 592 352 uir.
612 301 728 352 riuis.
748 323 793 333 -
809 302 887 353 con.
907 299 981 352 nisi.
1235 286 1298 352 501

167 472 208 549 6⁰
223 470 408 574 [Iuventio
427 470 465 547 S.
487 418 685 548 Barnubae
704 471 882 572 apostoli]
901 471 978 571 (iol.
999 471 1083 572 23‘).

98 606 238 661 Passionis
256 605 359 658 scilicet
379 604 430 657 sub
452 604 563 657 nomine
580 604 694 658 loannis
706 604 786 657 Marci
800 604 888 658 editae
901 618 963 671 pars
975 610 1094 659 extrema
1107 605 1181 666 (Act.
1194 603 1252 670 Ei„
1266 602 1299 657 ad

64 705 94 759 u.
106 709 136 759 ii
149 708 225 771 lum,
238 709 302 757 tom.
315 705 349 768 li,
362 718 389 770 p.
402 705 461 769 isit,
475 717 551 756 num.
564 704 616 771 iti),
630 704 672 755 bis
685 704 775 756 verbis
788 703 951 769 compendio
964 703 1073 757 redacta
1087 703 1236 756 :Interim
1246 715 1300 769 epo

59 804 236 874 praetatus
247 802 413 870 lohannes,
426 803 482 870 qui
499 805 529 856 et
548 803 684 869 Marcus,
705 815 772 868 una
789 814 860 856 cum
867 802 1044 869 praedictis
1061 803 1192 868 Tumone
1202 804 1232 855 et
1246 801 1299 856 lio-

63 903 146 958 doue
166 901 284 956 occulte
302 899 467 954 nocturnis
493 898 578 953 horis
599 899 733 952 tulimus
749 898 833 952 illud
851 901 880 952 et
901 899 1123 953 collocavimus
1141 899 1175 951 in
1187 899 1300 965 crypta

63 1014 147 1070 quae
167 1000 242 1055 olim
254 998 362 1067 fuerat
382 998 533 1053 habitatio
551 997 780 1067 Jebmceorum,
794 998 884 1052 tertio
897 998 970 1052 idus
976 998 1074 1066 junii,
1085 998 1140 1053 hoc
1152 1000 1198 1052 est
1207 998 1300 1052 uude·

63 1102 149 1159 cima
161 1101 326 1169 dicipulus
337 1099 462 1154 morosis.
476 1102 508 1153 m
519 1100 644 1167 sequitur
658 1116 664 1151 :
678 1099 811 1167 Propter
831 1098 912 1153 baruc
924 1100 1030 1167 itaque
1041 1100 1196 1154 occultam
1208 1099 1299 1153 collo·

62 1201 220 1256 rationem
234 1199 389 1268 plurimis
408 1211 567 1254 annorum
582 1198 755 1253 curriculis
775 1197 951 1252 venerabile
970 1211 1084 1266 corpus
1100 1199 1191 1252 illius
1205 1199 1299 1251 tatuit

60 1313 120 1355 nec
132 1299 270 1354 inveniri
280 1312 301 1352 α
313 1298 505 1354 christicolis
516 1298 629 1353 ualuit.
642 1299 699 1352 Sed
714 1299 795 1352 Deus
812 1298 1014 1366 omnipotens,
1033 1298 1089 1366 qui
1102 1311 1164 1353 nou
1171 1297 1299 1365 politur

62 1401 225 1457 occultare
233 1400 370 1468 plurium
390 1402 571 1454 samiorum
591 1411 731 1460 suornm,
752 1400 887 1466 tempore
906 1399 1037 1453 Zenonis
1057 1397 1257 1466 imperatoris
1268 1399 1298 1451 el

61 1500 169 1556 sancti
183 1500 303 1555 Gelasii
308 1512 424 1568 papae,
434 1499 538 1554 eodem
550 1500 688 1567 apostolo
700 1500 866 1567 reuelante,
873 1511 986 1566 corpus
998 1498 1065 1564 eius
1078 1498 1239 1552 inventum
1252 1499 1298 1551 est

59 1602 238 1668 alquccum
259 1599 383 1666 hymnis
402 1602 432 1653 et
456 1599 601 1653 laudibus
620 1600 655 1652 in
673 1599 738 1652 alio
758 1599 822 1653 loco
842 1598 978 1666 mirifice
988 1598 1174 1652 collocutum
1185 1600 1240 1664 est,
1253 1597 1297 1651 acl

60 1699 398 1768 hummetploriam
415 1702 450 1754 u.
464 1701 502 1754 u.
515 1701 543 1753 J.
561 1700 646 1754 c...

55 1793 60 1799 ’
163 1798 203 1873 7⁰
220 1796 305 1875 vita
323 1799 445 1877 suncti
464 1797 637 1877 Silvestri
656 1820 779 1899 papae
793 1795 869 1898 (fol.
892 1795 1054 1896 uirum).

95 1930 145 1984 Ed.
158 1943 202 1997 ap.
215 1931 408 1998 mombritium,
420 1937 486 1985 tom.
500 1933 533 1984 11.

162 2029 202 2106 8⁰
218 2028 303 2108 vita
321 2040 475 2109 sanotae
494 2029 771 2132 Euphrosynae
789 2030 868 2126 (iol.
889 2029 1065 2118 (ΜΨ).

95 2160 144 2213 Ed.
157 2175 191 2214 ex
200 2162 342 2230 Rosweydi
362 2162 418 2216 Vit.
432 2163 506 2232 PP.,
520 2166 548 2216 Ρ.
562 2166 603 2226 Β..
616 2168 682 2217 tom.
696 2164 807 2228 Exilii,
821 2176 847 2228 p.
860 2162 963 2215 olibi.

162 2259 202 2336 9⁰
218 2260 303 2340 vita
316 2263 438 2341 sancti
457 2262 588 2341 Basilii
608 2261 891 2364 archiepiscopi
909 2260 986 2361 (iol.
1007 2259 1177 2360 isium.

95 2394 189 2447 versio
198 2394 251 2448 alia
264 2396 337 2448 Vitae
349 2394 501 2462 adscriptae
513 2396 541 2450 S.
555 2396 752 2462 Amphilocbim
766 2394 810 2448 ed.
823 2396 888 2449 Act.
902 2395 958 2461 SS„
972 2393 1042 2447 add.
1055 2395 1086 2448 il
1097 2395 1171 2459 lun,
1182 2396 1247 2446 tom.
1259 2395 1291 2456 11,

59 2507 88 2560 p.
101 2495 205 2547 owse.

167 2594 229 2670 10ο
245 2594 417 2696 Epistola
436 2594 627 2673 Odonis...
645 2594 721 2694 (iol.
744 2594 910 2691 siv-ou),
932 2593 1103 2694 Epistola
1116 2591 1290 2671 Fausti...

213 2719 291 2819 (fol.
302 2718 471 2820 (iiiiii),
491 2720 576 2799 Vita
593 2720 715 2799 sancti
734 2720 853 2797 Mauri
869 2718 1021 2797 abbatis
1034 2717 1110 2818 (fol.
1122 2716 1291 2816 sir-im,

211 2843 383 2923 Libellus
405 2845 545 2922 seriem
569 2844 849 2922 miraculorum
867 2842 1081 2945 praesentis
1106 2842 1295 2942 temporis

212 2967 467 3047 decurrens...
486 2968 563 3070 (fol.
584 2968 748 3068 lusor).

95 3101 217 3155 omnino
230 3102 300 3154 sicut
312 3102 341 3154 in
352 3103 446 3156 codice
460 3105 580 3168 itsupru
592 3118 618 3170 p.
634 3104 695 3167 bi),
710 3106 745 3168 1⁰,
759 3104 794 3169 2⁰,
808 3105 835 3154 5⁰
846 3108 874 3154 ei
885 3104 923 3154 50.

164 3197 227 3272 ii⁰
242 3197 325 3277 Vita
342 3199 464 3277 sancti
484 3199 636 3278 Martini
655 3198 940 3300 archiepiscopi
958 3198 1035 3297 (fol.
1057 3197 1222 3299 8iii-98i).
1281 3210 1286 3225 ·'

93 3335 212 3386 Auctore
225 3332 344 3398 Sulpicio
356 3335 465 3395 Severo,
478 3333 521 3386 eo.
535 3336 563 3386 P.
577 3335 618 3398 L„
629 3340 695 3386 tom.
716 3335 767 3396 xx,
781 3348 808 3400 p.
824 3333 922 3385 libii.
936 3332 1054 3408 Epistola
1072 3336 1162 3384 autem
1176 3331 1209 3385 ad
1224 3334 1296 3386 besi-

56 3431 179 3496 derium,
192 3443 262 3497 quae
276 3430 378 3484 ibidem
391 3432 466 3484 Vitae
478 3432 627 3497 praemissa
640 3435 690 3494 est,
702 3430 800 3498 legitur
810 3430 838 3481 in
848 3429 942 3483 codiee
953 3429 1015 3494 (sub
1025 3443 1106 3496 prava
1116 3431 1293 3498 inscriptione

54 3531 102 3585 ad
113 3529 290 3595 melium)
300 3531 415 3584 interius
427 3531 475 3584 sol.
492 3533 631 3585 lois-ibor.

163 3628 224 3705 m>
242 3629 415 3732 Epistola
434 3630 563 3709 Severi
583 3630 633 3708 ad
647 3630 860 3708 Eusebium
873 3630 1147 3731 presbyterum
1160 3641 1295 3732 postea

210 3763 440 3864 episcopum
453 3762 531 3864 (iol.
551 3763 724 3864 98i-99Vi
743 3762 908 3864 epistola
923 3762 1100 3863 ejusdem
1114 3762 1165 3840 ad
1177 3765 1295 3843 Aure-

210 3894 360 3973 lianum
379 3893 590 3973 diaconum
607 3894 684 3996 (fol.
701 3892 893 3994 99l-100l),
911 3894 1076 3996 epistola
1095 3894 1224 3974 Severi
1244 3897 1294 3974 ad

209 4049 366 4105 socrum
383 4050 495 4106 suam
513 4026 737 4107 Basulam...
760 4026 836 4127 (fol.
862 4026 1079 4127 ilii-ioli).

84 4161 186 4216 licitae
199 4159 277 4220 1111..
291 4175 317 4226 p.
334 4161 436 4214 11111.

161 4257 224 4335 130
237 4256 412 4337 Narratio
431 4258 606 4360 Gregorii
625 4259 860 4338 Turonensis
875 4258 924 4336 de
938 4259 1049 4337 obitu
1063 4259 1184 4337 sancii
1199 4259 1293 4336 Mar·
1373 4237 1376 4243 ³

211 4388 281 4466 tini
300 4387 377 4487 ((01.
402 4387 627 4489 iou-ioum
649 4389 754 4467 Visio
784 4388 887 4466 beuti
916 4387 1089 4466 Severini
1116 4390 1289 4491 episcopi

208 4520 257 4597 de
275 4519 386 4598 obitu
404 4520 526 4597 sancti
545 4520 696 4598 Martini
711 4519 787 4619 (fol.
801 4518 1009 4615 (ΟΨ-103(
1018 4549 1028 4613 ;
1050 4520 1154 4598 Visio
1167 4521 1289 4599 sancti
