3136 5482
518 361 647 413 caaaL.
666 363 767 413 cebo.
788 361 961 412 nnotooit.
981 360 1059 411 Lau.

366 533 478 584 Praeses
489 535 517 583 et
531 532 697 599 aequivocus
709 537 835 598 praeerat
846 531 889 583 bis
901 530 1024 597 partibus
1035 530 1106 595 ejus,

368 632 451 697 Cujus
463 632 501 683 sic
514 631 608 684 feritas
619 632 695 685 vetut
707 633 745 684 illi
759 644 859 685 nomen
872 635 930 684 crat
942 643 1000 697 par.

366 731 481 784 iunctus
492 731 646 785 Alexandro
659 732 733 784 serus
745 731 898 784 Alexander
910 729 1015 797 iniquo,

364 831 438 883 inter
449 831 493 885 iric
505 832 666 886 innumeros
678 845 749 900 quos
762 831 844 886 afficit
860 831 985 898 undique
996 835 1116 891 sanctos,

365 934 445 995 Quos,
459 933 581 1000 inquam,
594 934 676 987 variis
688 933 815 987 crucibus
829 931 880 986 scd
893 936 919 986 ct
930 932 1079 1000 exagitatis,

365 1032 496 1085 Mortibus
509 1036 535 1085 et
546 1033 642 1098 poenis
655 1035 764 1086 vexarat
775 1038 817 1086 sat
829 1030 1001 1098 truculentis,

362 1132 447 1185 tussit
460 1138 612 1187 matronam
624 1133 746 1186 tuiittanr
759 1133 872 1186 nomine
884 1131 1022 1200 quandam

363 1233 401 1286 tid
414 1233 552 1299 propriam
565 1234 658 1287 sedem
670 1234 769 1287 deduci
779 1232 947 1299 judicialem,
1070 1212 1074 1222 ⁸

364 1332 471 1385 Arbiter
483 1333 600 1399 injustus
613 1347 666 1400 qua
679 1334 752 1388 venit
764 1332 829 1386 sede
840 1332 983 1386 locandus.

365 1433 438 1485 itanc
451 1433 479 1484 in
492 1431 550 1500 lege
564 1432 610 1485 bei
623 1430 798 1485 meditantem
809 1432 920 1500 jugibus
933 1432 1041 1498 hymnis

363 1532 443 1582 Fama
456 1530 522 1583 boni
535 1530 641 1583 cunctis
653 1530 791 1583 celebrem
805 1528 936 1583 recidebat
947 1529 1050 1593 odoris,

364 1632 430 1682 dum
444 1643 512 1696 pura
525 1634 616 1683 mente
629 1634 755 1696 perstans
768 1635 899 1697 castoque
912 1630 1019 1687 timore,

363 1728 524 1783 assiduabat
537 1742 566 1782 se
578 1728 800 1782 mandaminibus
814 1728 973 1782 reverendis

364 1827 493 1881 caelestis
507 1830 587 1897 regis,
601 1830 660 1896 ejus
671 1827 839 1882 validissima
852 1826 961 1892 cultrix,

365 1930 435 1982 Abra
448 1928 493 1980 bei
509 1928 583 1981 cultu
596 1928 704 1994 penitus
718 1926 767 1980 sed
779 1927 880 1981 nobilis
891 1932 963 1980 ortu.

363 2030 435 2090 Quae
450 2026 559 2079 sibimet
570 2038 684 2092 parrum
697 2024 834 2079 refovebat
846 2025 880 2078 ab
894 2024 979 2078 ubere
991 2029 1096 2078 natum.

364 2128 429 2177 Nam
443 2129 504 2190 post
517 2124 557 2177 tac
569 2124 660 2177 carnis
671 2122 751 2178 divae
762 2122 939 2177 mandamina
950 2123 1018 2192 legis

364 2223 497 2283 tradens,
512 2223 575 2276 binc
588 2236 670 2276 carne
682 2223 821 2276 nutriebat
832 2229 859 2276 ct
871 2221 936 2276 binc
947 2221 1058 2279 deitate.

363 2326 422 2376 Non
436 2328 465 2374 ut
477 2323 502 2375 ci
514 2321 600 2374 deitas
614 2316 692 2385 soret',
705 2326 732 2375 at
744 2322 834 2375 cultus
845 2321 963 2386 deitatis,

365 2420 481 2489 infigens
493 2420 534 2471 illi
547 2418 706 2485 complexus
718 2424 744 2474 et
756 2421 864 2487 pietatis

366 2519 460 2573 oscula
475 2523 623 2586 maternae,
637 2517 783 2584 praebebat
794 2517 920 2587 dogmata
933 2519 1012 2572 vitae.

365 2624 396 2674 ln
409 2623 556 2673 tironatum
569 2620 715 2672 caelestem
728 2623 822 2672 sancto
835 2619 909 2672 iente
922 2624 1046 2673 renatum
1059 2621 1068 2639 ·

366 2724 500 2786 lacteque
512 2720 657 2772 lactentem
670 2719 773 2771 lactans
784 2719 849 2771 dum
865 2718 964 2772 mulcet
976 2719 1073 2781 benite,

367 2824 434 2872 Pura
448 2823 569 2872 sacratae
582 2821 653 2872 iovet
665 2818 739 2871 bunc
754 2815 818 2871 tidei
831 2818 939 2883 pietate.

364 2924 467 2972 Nomen
480 2924 507 2970 et
520 2919 582 2970 huic
595 2919 716 2983 cyricus,
729 2930 795 2969 aevo
809 2916 926 2969 necdum
939 2930 1050 2984 quoque
1064 2916 1174 2970 trimus.

365 3023 423 3071 ⁴ion
436 3018 518 3070 habet
531 3019 574 3070 bic
588 3029 703 3069 naevum
716 3018 762 3083 qui
776 3017 865 3069 taliter
878 3017 930 3070 boc
942 3016 996 3084 agit
1007 3028 1115 3068 aevum.

320 3120 360 3170 11.
396 3119 464 3181 Ergo
477 3116 527 3167 sibi
542 3117 621 3169 turba
633 3116 704 3168 male
717 3122 899 3183 consurgente
911 3116 1005 3169 dolosa

367 3220 470 3284 Perque
483 3221 637 3268 secutorum
651 3217 732 3268 nimis
744 3217 881 3282 impietate
896 3216 1016 3270 ferorum

277 3365 281 3371 .
364 3319 523 3383 insurgente
535 3315 586 3366 sibi
599 3315 706 3366 bomini
720 3315 747 3366 in
761 3314 851 3367 verbis
863 3314 1019 3377 meditanti,

360 3419 470 3467 Summa
483 3427 548 3466 soce
561 3426 673 3479 precum
687 3427 777 3481 regem
789 3414 915 3467 clamavit
927 3414 961 3468 ad
973 3413 1052 3467 illum

360 3515 407 3566 dui
420 3525 529 3578 semper
540 3526 622 3565 curae
633 3512 739 3566 cunctis
751 3511 900 3567 fidentibus
912 3514 940 3565 in
954 3526 992 3571 sc.

360 3612 457 3666 auxilii
472 3613 551 3664 citius
564 3611 690 3680 suffragia
703 3612 775 3665 serre
787 3612 907 3679 benigni.

358 3715 435 3765 iiunc
448 3711 497 3764 sibi
514 3723 577 3762 cum
590 3725 674 3778 puero
688 3711 816 3778 poscebat
828 3711 924 3766 adesse
938 3712 1050 3777 tenelio,

365 3815 490 3881 ipseque,
504 3825 610 3865 summa
622 3811 696 3863 salus
708 3813 751 3864 cui
764 3815 866 3878 perstat
879 3824 1040 3879 summaque
1051 3812 1150 3871 uirtus,

358 3912 440 3964 xenia
452 3909 609 3976 multiplicis
621 3910 756 3964 concessit
768 3911 807 3962 eis
820 3910 936 3976 pietatis,

360 4009 416 4061 t'im
429 4009 498 4061 dans
512 4007 553 4059 bis
566 4007 649 4059 animi
662 4012 756 4060 contra
770 4006 872 4061 ferulas
884 4008 998 4062 inimici.

301 4110 358 4160 111.
394 4107 527 4160 Praesidis
539 4112 582 4159 est
593 4105 721 4173 equidem
736 4119 796 4159 mox
810 4111 981 4173 praesentata
992 4108 1088 4161 Julitta

360 4207 494 4272 vultibus,
508 4211 535 4260 et
547 4204 648 4259 blando
660 4205 778 4271 primum
790 4204 915 4259 blandita
927 4220 1049 4269 susurro,

361 4308 478 4373 Postque
493 4305 573 4357 minis
587 4305 668 4356 variis
681 4309 773 4357 manet
784 4305 942 4370 increpitam
956 4306 1052 4360 virilis.

358 4404 424 4457 inde
436 4405 565 4471 requisita
577 4402 678 4469 quibus
690 4408 763 4455 esset
774 4404 897 4468 partibus
908 4408 978 4469 orta,

359 4506 426 4555 Tum
439 4516 548 4569 quoque
560 4502 656 4568 cujatis
670 4506 793 4554 narraret
805 4514 834 4554 se
846 4502 905 4555 iore
918 4501 1020 4570 gentis,

360 4604 447 4667 itque
461 4600 541 4653 simui
554 4599 632 4666 cuius
644 4610 706 4651 sese
719 4598 806 4652 ciuem
819 4600 896 4652 daret
910 4600 996 4668 urbis,
