3136 5482
510 323 635 373 cautu.
656 323 756 374 coni).
776 322 952 373 duumuir.
971 322 1056 373 Lau.

358 495 429 556 Quos
443 493 483 544 sic
494 493 606 560 castigat
617 495 749 559 tantoque
760 491 853 544 durure
871 491 974 559 fatigat,

357 591 406 643 tlni
418 590 492 658 quod
506 592 629 643 meritam
642 589 701 644 fieri
714 592 775 643 sine
787 603 903 657 corpore
914 591 997 643 vitam

358 692 417 743 llox
429 695 613 756 extorqueret,
627 691 747 757 reliquos
759 691 881 744 vexando
893 694 1008 742 teneret.

356 791 442 841 Causa
454 797 594 855 comperta
606 790 649 855 pia
660 802 739 843 mens
751 796 778 843 et
789 789 899 842 uindice
911 800 1008 855 poena,

356 889 489 941 continuo
502 895 597 941 tencre
610 888 702 954 coepit
714 902 764 955 pro
776 889 891 943 erimine
904 888 980 940 flere.

355 987 514 1055 ingrediens
526 989 625 1041 iterum
637 988 789 1053 praelatum
803 981 925 1040 carmine
939 986 1084 1052 templum,

357 1089 496 1139 {retractus
508 1087 604 1152 plorat,
618 1098 667 1153 pro
678 1087 879 1140 detractoribus
891 1090 969 1151 orat;

254 1175 257 1179 ’
357 1187 387 1236 Et
399 1190 490 1238 tamen
501 1186 628 1253 ignorant
640 1186 686 1253 qui
700 1198 751 1252 pru
763 1199 890 1239 sermone
903 1185 1039 1251 laborant,

358 1287 408 1337 Pro
420 1297 474 1350 ouo
487 1291 619 1338 vexantur
631 1298 680 1351 per
692 1285 812 1338 eundem
825 1284 899 1352 quod
913 1288 1085 1352 reparantur.

355 1381 486 1436 Redditur
497 1385 548 1438 hoc
560 1385 633 1438 dictu
647 1383 823 1438 benedictum
836 1397 884 1451 pro
898 1384 1053 1439 maledicto.

355 1485 409 1535 ltac
420 1484 479 1537 rice
490 1483 598 1537 diuersa
610 1497 661 1550 pro
673 1484 787 1538 vulnere
799 1497 865 1537 eura
878 1496 988 1538 reversa

356 1584 406 1635 Pro
418 1584 548 1635 necesita
559 1583 649 1643 datur.
660 1597 709 1650 pro
721 1585 813 1638 derisu
826 1583 995 1637 lacrimatur.

356 1681 400 1735 Sic
411 1694 471 1750 age,
484 1683 532 1746 sic,
546 1684 648 1744 doure,
660 1682 726 1750 quia
738 1696 795 1737 uon
806 1680 915 1751 diffugit
930 1682 965 1736 ab
977 1694 1056 1746 aure,

355 1783 537 1847 compensare
551 1783 629 1835 malis
642 1784 715 1836 bona
726 1783 769 1836 lex
782 1789 823 1835 est
835 1781 994 1848 spiritualis.

357 1882 407 1933 Per
418 1886 474 1933 trcs
486 1884 631 1935 continuas
644 1888 705 1936 orat
717 1896 780 1935 cum
794 1881 903 1935 fletibus
914 1882 1005 1934 boras.

356 1982 421 2033 Sese
435 1982 592 2035 scindentes
605 1983 744 2048 posthaec
756 1981 828 2035 redit
840 1979 875 2033 ad
888 1981 1033 2048 patientes.

354 2081 439 2143 iuste,
452 2081 525 2147 quod
539 2082 640 2148 injuste
651 2082 751 2135 lactum
765 2083 813 2135 tibi
826 2080 965 2146 scindere,
973 2079 1060 2146 juste,

356 2180 474 2247 Contigit
482 2182 591 2247 injustis
603 2195 633 2233 se
645 2181 776 2235 dentibus
789 2182 932 2245 clacerari,

354 2282 391 2331 b'c
403 2279 514 2334 sibimet
525 2280 622 2336 dentes
634 2289 747 2350 parcant
759 2286 883 2336 llaurum
895 2280 1084 2334 comedentes.

354 2381 469 2434 sanetus
481 2384 612 2437 uexillum
623 2390 735 2436 sanctae
747 2384 838 2436 crucis
850 2382 930 2450 erigit
942 2380 1020 2434 illum

356 2480 491 2534 ¹idrersus
503 2484 618 2546 bostem,
633 2484 691 2545 tibi,
704 2485 806 2548 llaurc,
820 2487 883 2535 tuos
893 2482 1061 2548 quatientem
1078 2496 1084 2531 :

354 2582 399 2631 Est
411 2588 502 2634 umen
514 2584 638 2650 ingratus
648 2590 713 2635 tuus
725 2584 811 2636 bostis
824 2583 853 2635 in
866 2582 943 2635 noste
955 2586 1056 2634 reatus.

354 2684 416 2733 Post
427 2684 517 2734 crucis
529 2683 651 2736 oblatum
664 2682 716 2736 luit
728 2686 793 2735 baec
806 2684 894 2735 oratio
906 2681 1016 2749 signum
1032 2697 1039 2731 :

353 2782 493 2835 &mutere
502 2786 668 2850 perpendes,
681 2783 798 2836 ctcmmi
808 2782 919 2835 Patria
929 2781 1045 2834 urticm
1056 2777 1159 2845 iteres,

351 2879 475 2932 Necnon
488 2880 617 2934 oirdtciec
630 2881 753 2934 im'rnici
763 2883 818 2947 qui
829 2880 916 2933 dedit
926 2891 1032 2932 omnes

355 2975 494 3030 Christum
508 2979 683 3046 discipulis,
698 2978 831 3031 terrebris
843 2991 895 3032 cor
907 2979 1008 3031 soleat
1020 2976 1059 3028 ab
1077 2977 1158 3029 catis.

352 3080 417 3127 dum
432 3078 503 3130 velut
517 3078 654 3137 audacter,
670 3084 811 3144 postquam
825 3079 876 3129 luit
888 3077 934 3129 ille
945 3077 1089 3129 character

356 3176 510 3239 Appositns,
525 3176 652 3228 frondent
663 3184 688 3227 ct
701 3176 791 3229 adbuc
803 3177 855 3227 sub
867 3176 983 3227 crimine
996 3172 1128 3240 pendent,

354 3277 410 3326 Non
423 3273 529 3328 dubitat
542 3278 654 3342 propius
666 3276 763 3328 sollcrs
775 3275 906 3328 accedere
919 3277 1028 3326 llaurus
1043 3290 1049 3325 :

354 3377 374 3425 lt
386 3374 566 3429 conliduntur.
580 3389 635 3442 quo
648 3381 780 3428 rorantur
792 3376 979 3426 venementer.

353 3474 420 3534 Quid
435 3477 545 3527 nrorcr?
556 3476 660 3540 absque
673 3488 760 3528 irrora.
772 3474 872 3541 digitos
885 3478 915 3525 ut
928 3472 1001 3523 misit
1015 3472 1104 3524 incra

353 3575 406 3624 ,icc
420 3577 514 3626 metuit
527 3587 665 3639 praescus.
679 3587 805 3627 corrosus
818 3572 947 3625 dentibus
959 3570 1072 3625 absens.

354 3673 505 3724 lrnnrnndis·
518 3675 607 3738 porcis
619 3674 777 3725 immundus
790 3673 902 3738 spiritus
915 3673 979 3731 etit,

353 3773 485 3826 foedatus
498 3775 614 3840 lugiens
628 3776 737 3840 vestigia
751 3772 836 3825 letida
847 3772 988 3838 linquens.

235 3871 279 3922 39
292 3874 350 3933 [45).
389 3875 506 3923 iunctus
518 3873 545 3923 in
559 3873 671 3925 introitu
683 3872 777 3936 templi
788 3872 866 3937 jubet
878 3870 944 3922 inde
958 3869 1070 3922 seratur.

355 3975 457 4029 Fertur,
470 3979 497 4024 ct
507 3974 611 4038 absque
624 3973 685 4024 cibo
698 3977 806 4023 noctem
821 3971 881 4036 pius
894 3976 920 4021 et
932 3970 993 4021 sine
1005 3981 1104 4020 somno

353 4074 446 4122 Totam
456 4072 593 4123 continuis
606 4071 733 4136 precibus
746 4082 807 4122 cum
821 4067 930 4121 llctibus
940 4067 1006 4134 egit.

351 4172 437 4222 Omns
448 4172 477 4221 in
492 4182 592 4234 corpus
603 4169 724 4221 defuncti
737 4170 791 4221 rita
804 4168 918 4221 locetur.

351 4274 431 4322 Sacra
441 4271 520 4337 jubet
533 4282 613 4321 manc
625 4282 674 4334 pro
686 4268 815 4321 destructo
827 4269 969 4321 celebrare
981 4285 988 4319 :

351 4369 506 4435 Simplicius
519 4369 598 4421 uelox
611 4369 729 4433 complet
741 4369 867 4421 mandata
879 4364 1016 4421 sacerdus.

352 4473 418 4523 curn
431 4483 487 4537 quo
500 4474 559 4534 post
573 4470 683 4520 missam
698 4470 770 4520 uenit
783 4474 859 4533 pater
871 4466 905 4519 ad
917 4467 1054 4519 libitinam
1068 4480 1075 4516 :

352 4570 492 4635 Porripc.
510 4567 638 4623 Christe,
653 4580 790 4625 titurium,
804 4568 857 4633 qui
870 4564 959 4620 cerdo
971 4563 1230 4631 quatriduanum
