3136 5482
513 347 638 395 chnL.
658 347 761 395 com).
780 344 956 395 flnulodtt.
976 343 1058 394 buu.

367 522 500 571 strenuus
510 519 538 570 in
551 518 634 572 rebus
645 518 719 585 quod
732 518 826 584 paucis
838 517 884 571 ille
896 517 995 572 diebus

368 621 465 673 serum
478 619 623 672 mansisset
634 631 696 671 eum
706 617 765 685 jam
779 633 827 673 rex
838 617 1013 681 obtinuisset,

368 722 404 771 lio
416 718 528 773 doctore
541 717 603 784 pius
615 732 671 783 rex,
684 718 720 772 de
732 719 878 771 virtutibus
891 720 960 785 ojus,

369 819 400 869 Et
412 817 525 870 fratrum
540 830 695 877 numerum,
709 817 806 869 didicit
818 829 929 884 quoque
946 816 1058 870 nomina
1072 829 1181 868 rerum.

371 918 438 968 llicit
450 930 523 981 eum,
537 918 617 969 sciret
629 918 652 968 si
665 916 744 977 uelle,
759 916 875 969 libenter
886 916 982 981 adiret,

369 1016 470 1081 cuique
479 1014 557 1079 plura
570 1014 656 1077 daret,
668 1014 768 1082 regalia
781 1014 853 1068 dona
869 1018 984 1079 pararet.

372 1114 514 1165 Primum
525 1115 709 1181 quaeratur,
716 1115 787 1180 post
797 1113 874 1166 velle
881 1111 987 1180 putris
1001 1110 1178 1178 reseratur,

372 1209 523 1276 Respondit
535 1211 647 1276 Florus3
661 1211 733 1277 quod
747 1224 795 1264 rex
808 1211 933 1263 concedit
946 1209 1079 1263 honorus.

207 1311 253 1363 42
263 1311 366 1375 (teto).
402 1313 469 1363 cum
481 1310 638 1376 dimisisset,
652 1311 702 1364 sed
714 1316 742 1363 et
755 1311 847 1365 oscula
860 1323 924 1364 cara
936 1309 1068 1375 dedisset,

372 1409 398 1461 Si
415 1408 494 1462 deret
504 1414 605 1475 certus,
620 1424 667 1463 rex
680 1407 754 1463 addit
767 1409 982 1471 theodebertus,

370 1511 437 1561 cum
450 1510 608 1562 tonderetur
619 1508 715 1574 eapitis
727 1521 815 1573 coma,
829 1508 900 1561 scire
911 1507 1023 1562 daretur
1037 1524 1044 1559 :

371 1608 399 1660 si
414 1614 489 1674 pater
500 1613 644 1673 annueret,
659 1606 757 1661 devota
772 1613 865 1660 mente
876 1607 990 1661 videret.

373 1709 467 1762 Florus
475 1707 509 1760 ad
522 1707 678 1773 exemplum
689 1709 699 1727 ²
711 1708 781 1761 vitae
793 1708 860 1774 petit
871 1707 934 1761 ilico
946 1706 1090 1775 templum.

371 1804 450 1873 ltrgis
461 1806 531 1859 velle
543 1806 613 1872 patri
627 1806 793 1859 manifestat.
807 1806 855 1857 cui
867 1810 945 1872 pater
957 1806 1046 1873 inquit

370 1904 447 1969 Quod
458 1904 515 1958 rult
527 1919 557 1958 se
569 1904 647 1958 velle.
661 1906 694 1958 Se
711 1904 780 1958 velle
793 1905 931 1958 renuntiat
943 1903 998 1958 ille.

294 2024 298 2037 ·
367 2006 445 2058 l'enit
457 2009 484 2058 et
495 2006 642 2072 excipitur,
655 2006 770 2059 tbatrum
782 2011 935 2060 conventus
945 2004 1055 2071 aditur3

367 2108 400 2157 Se
414 2118 462 2157 rex
474 2105 599 2158 sublimis
612 2106 697 2158 llauri
710 2105 827 2171 pedibus
838 2103 914 2159 dedit
924 2105 994 2169 imis,

368 2206 403 2255 lc
416 2205 567 2257 obtestatur
577 2203 651 2270 quod
664 2206 698 2257 ab
711 2203 765 2256 illis
777 2203 953 2269 suscipiatur,

367 2304 398 2352 Et
410 2301 482 2368 quod
495 2302 629 2355 scribatur
640 2315 703 2355 oum
715 2302 847 2355 iratribus
856 2302 921 2355 inde
933 2305 1069 2368 pretatur.

367 2402 415 2451 Fit.
430 2401 514 2453 Sociis
526 2401 591 2454 risis
602 2402 686 2455 llauri
700 2414 763 2454 cum
774 2401 898 2470 germine
911 2400 992 2464 Flori,

365 2502 396 2550 Et
407 2500 578 2564 perlustratis
591 2501 718 2555 domibus
732 2500 905 2567 multumque
916 2500 1048 2566 probatis,

307 2622 310 2630 ·
364 2601 416 2651 ilex
430 2598 501 2651 redit
512 2599 546 2651 ad
560 2600 691 2666 templum
704 2601 774 2653 Petri
788 2601 840 2652 sub
853 2599 958 2653 honore
971 2597 1095 2653 dicatum

364 2699 546 2764 obproprium
559 2698 655 2751 liscum
668 2699 764 2752 tribuit
776 2704 817 2752 sat
830 2700 941 2753 nomine
955 2705 1069 2763 uotum;
1170 2750 1176 2760 ,

364 2800 429 2850 cum
443 2810 522 2851 cruce
535 2804 670 2866 gemmata
683 2798 729 2851 dat
740 2799 822 2865 pallia
835 2813 882 2852 rex
895 2799 1025 2867 pretiosa.

243 2896 289 2950 48
301 2896 362 2961 (δι).
397 2895 506 2948 decedit
518 2897 622 2962 Florus,
636 2910 699 2948 oum
711 2898 800 2951 lruotu
813 2897 881 2951 llore
892 2898 1019 2963 decorus,

364 3000 474 3048 Munera
488 3010 543 3049 non
556 3010 638 3061 parra
651 2998 728 3049 villas
743 3000 789 3064 qui
803 2997 883 3064 liquit
896 3003 923 3052 et
934 3011 1007 3064 arra,

370 3099 525 3165 Argentum,
539 3102 639 3149 vestem
652 3096 700 3149 dal
711 3101 738 3149 et
749 3111 856 3165 aurum,
871 3112 899 3151 se
912 3112 1021 3165 quoque
1033 3104 1135 3154 testem

371 3196 438 3259 Lege
450 3194 600 3259 complesse
613 3195 726 3247 liomino
740 3196 777 3246 nil
790 3196 880 3248 carius
891 3208 968 3261 esse;

370 3295 462 3345 Plures
474 3307 508 3345 ex
521 3295 607 3346 servis
619 3309 680 3346 curn
695 3295 780 3348 multo
793 3308 907 3347 munere
921 3294 1009 3348 soluit.

370 3394 412 3442 l'ir
425 3399 592 3459 pugnaturus
604 3394 655 3445 sub
668 3394 790 3459 pondere
803 3408 859 3448 non
872 3396 1001 3461 ruiturus,

369 3494 515 3557 Tamquam
529 3505 642 3544 securus
655 3493 740 3545 vietor
752 3498 813 3558 post
824 3493 895 3546 bella
907 3495 1024 3548 futurus.

366 3589 459 3641 ¹ludus
471 3604 533 3642 oum
546 3591 620 3643 nudo
633 3591 779 3645 luctabitur
791 3593 868 3646 boste
882 3593 963 3646 leudo
976 3596 993 3645 '.

368 3689 482 3756 (lingula
494 3692 619 3744 Caesarei
632 3693 743 3759 deponit
756 3697 783 3744 et
795 3705 870 3744 arma
883 3692 1017 3759 trophaei,

368 3793 447 3841 Arma
459 3790 635 3842 tenebrarum
648 3792 777 3857 quoniam
791 3796 856 3843 sunt
868 3791 989 3844 Caesaris
1001 3791 1101 3844 barum
1114 3811 1122 3853 ;

368 3888 458 3939 induit
469 3902 544 3941 arma
557 3890 614 3952 liei,
627 3891 757 3956 quoniam
770 3897 835 3942 sunt
847 3902 924 3942 arma
935 3889 988 3942 diei
1003 3904 1011 3940 ε

368 3989 437 4038 llaec
450 3991 586 4038 armatura
600 4000 655 4039 non
668 3991 709 4039 esi
721 3988 827 4040 hostem
840 3987 968 4040 veritum.

367 4090 488 4152 (irimque
499 4098 605 4137 cernam
618 4086 712 4151 capitis
724 4085 801 4138 daret
814 4087 857 4138 liic
870 4099 957 4153 agnus
968 4086 1046 4152 quasi
1061 4088 1152 4156 mitis,

366 4192 432 4239 llum
445 4190 548 4252 primus
558 4190 630 4253 juste
644 4202 701 4252 rex,
717 4191 809 4241 Mauro
822 4188 1007 4254 praecipiente

366 4296 499 4359 Sumeret,
513 4296 576 4348 bine
589 4299 707 4359 llaurus,
722 4298 785 4350 binc
797 4297 922 4364 quilibet,
935 4302 1017 4362 atque
1031 4296 1134 4351 boatus

367 4393 495 4446 indueret
507 4407 621 4459 pannos,
635 4396 735 4461 quibus
748 4402 788 4448 est
801 4409 852 4461 pax
865 4407 972 4448 summe
984 4408 1033 4459 per
1045 4407 1141 4450 annos

366 4496 466 4546 Omnes
477 4494 556 4546 allata
569 4493 671 4561 qulbus
684 4501 724 4547 est
736 4495 799 4548 duta
812 4495 866 4547 rita
879 4494 968 4560 beata,

367 4598 385 4643 tt
399 4600 515 4657 quantos
527 4594 606 4646 lletus
618 4594 695 4646 dedit
708 4594 750 4645 liic
764 4607 813 4659 per
828 4594 928 4661 gaudia
940 4595 1044 4646 laetus!
1071 4592 1076 4600 '
