3136 5482
188 307 254 373 426
380 376 382 381 ,
532 325 659 376 carun.
679 326 781 377 cono.
801 326 974 377 nnuman.
994 325 1075 377 nar.

184 493 262 547 iudit.
276 495 342 547 inde
362 508 517 562 resurgens,
531 509 679 549 conversus
699 496 733 550 ad
752 501 909 562 serpentem
929 495 1016 548 dixit:
1030 497 1069 549 In
1079 496 1205 551 nomine
1215 495 1329 551 Donum
1339 496 1385 548 mei

183 597 256 650 ioan
270 595 384 652 Christi
386 598 550 664 praecipio
560 598 615 651 tibi
626 600 662 651 nt
673 599 813 665 deposito
822 598 908 652 omni
916 597 1105 651 crudelitate
1110 597 1248 665 pectoris
1256 596 1384 651 tniednu

184 697 292 751 vesties
304 710 375 751 enm
396 697 575 752 hnmilitate
595 699 850 765 tranquillitatis.
873 699 923 764 Qui
940 699 1032 751 statim
1044 697 1171 752 diuinum
1183 699 1311 765 persensit
1318 698 1382 762 impe

186 797 257 848 rium
270 803 296 849 et
307 810 339 849 ae
351 798 372 848 si
386 796 487 850 domita
500 797 586 850 bestia
599 798 718 850 cucurrit
731 796 765 849 ad
778 797 825 850 bei
838 797 981 850 famulum.
996 795 1160 863 dtrjuseoilo
1170 796 1242 850 idem
1253 796 1383 849 tirsauttus

186 895 282 948 stolam
294 909 376 961 quarn
389 909 481 949 seeum
494 897 599 949 serebat
616 896 791 963 superposuit
802 902 829 949 et
841 896 880 949 ait
893 911 899 948 :
913 896 1042 963 Sequere
1058 908 1117 948 tate.
1134 898 1249 949 Secutus
1264 900 1301 948 est
1313 892 1403 946 annui

187 1008 250 1047 eum
262 1007 350 1061 usque
363 995 396 1047 ad
409 1008 472 1048 eum
494 997 583 1049 iocum
603 997 631 1049 in
652 1009 706 1062 quo
727 1002 861 1062 perpetuo
881 995 1026 1049 damnatus
1045 999 1089 1048 est
1105 994 1200 1061 exilio,
1212 992 1381 1061 atqueabejts

186 1094 290 1160 impetu
302 1100 395 1161 erepta
407 1099 448 1149 est
459 1096 548 1148 omnis
561 1096 606 1148 illa
619 1097 702 1162 regio.

219 1194 274 1246 22.
288 1198 362 1247 Tune
375 1195 445 1262 regis
456 1194 567 1248 ‹leereto
580 1196 644 1247 exiit
656 1194 775 1248 edietum
785 1196 814 1247 in
827 1208 909 1248 omne
922 1195 1028 1260 imperii
1039 1196 1081 1248 sui
1092 1207 1217 1263 regnum
1226 1196 1256 1247 ut
1265 1191 1380 1246 umine

186 1307 282 1347 omnes
294 1294 356 1348 iana
369 1308 415 1347 sua
435 1295 610 1348 destruerent
627 1301 654 1346 et
673 1295 807 1347 culturam
824 1295 939 1348 deorum
959 1296 987 1347 in
1005 1295 1167 1362 religionem
1185 1297 1313 1346 mutarent
1328 1289 1379 1342 eltn'·

185 1394 335 1447 stianorum
348 1400 375 1448 et
386 1394 535 1449 doctrinam
548 1370 632 1460 mam
650 1395 823 1460 praedicabat
844 1395 939 1447 beatus
958 1393 1088 1447 irnultbs
1109 1395 1262 1460 reciperent
1275 1396 1344 1458 aque
1358 1387 1412 1441 adit

187 1493 312 1559 baptismi
324 1493 435 1561 gratiam
449 1492 628 1545 continerent.
649 1494 754 1545 Primus
770 1493 894 1546 omnium
910 1506 959 1546 rex
977 1506 1040 1545 eum
1063 1506 1152 1547 uxore
1165 1504 1222 1557 sua,
1235 1490 1293 1542 tiliis
1302 1496 1325 1543 et
1333 1486 1381 1540 ilia·

186 1593 248 1657 bus,
261 1592 410 1658 baptizatus
422 1598 472 1644 est.
486 1595 550 1644 Post
561 1592 639 1643 illum
651 1605 747 1645 omnes
760 1593 951 1658 Hispaniarum
961 1605 1098 1657 proceres,
1112 1591 1218 1645 nobiles
1224 1596 1300 1657 atque
1312 1592 1381 1655 potet

188 1697 236 1757 tes,
251 1692 396 1744 novissime
409 1697 498 1743 autem
510 1691 614 1757 reliqua
625 1692 718 1757 popuii
729 1690 966 1756 multitudo,velut
976 1704 1060 1744 arena
1070 1696 1192 1758 quaeest
1201 1690 1230 1743 in
1240 1684 1381 1742 bunnam

36 1798 94 1862 ’(ι),
108 1797 145 1860 o.)
189 1791 315 1857 plurima,
340 1791 472 1857 baptizata
484 1792 549 1842 est'.
569 1791 737 1856 Ubicumque
756 1790 827 1844 idola
845 1790 1066 1854 destruebantur,
1090 1785 1380 1843 ecelesiaeaediitabar

8 1933 16 1952 ,
30 1865 169 1982 dffssgsssffi
190 1894 243 1953 tur,
256 1888 396 1955 inquibus
410 1890 505 1941 beatus
517 1889 657 1941 consessor
668 1888 751 1940 <lirini
764 1888 887 1942 ‘ordinis
896 1901 1027 1955 personas
1035 1889 1171 1943 statuebat
1179 1901 1211 1941 ao
1219 1884 1380 1940 eecleuaetiw
1390 1878 1410 1929 ¹⁵

188 1987 394 2043 consuetudinis
407 1989 493 2055 legem
510 1987 648 2040 edocebat.
672 1990 709 2040 bo
729 1988 829 2054 quibus
846 1989 959 2055 singulis
980 1987 1138 2040 mercedem
1159 1986 1252 2053 recipit
1270 1983 1337 2038 motio
1350 1979 1379 2033 stri

12 2107 135 2163 quosque
146 2096 172 2147 2.
185 2088 358 2152 laborisque
371 2067 484 2153 usque:
494 2080 556 2139 eum
567 2087 696 2139 bominus
705 2088 738 2140 ad
746 2086 879 2153 judicium
890 2087 1004 2151 uenerit,
1015 2087 1089 2140 bono
1099 2086 1199 2153 pastori
1208 2083 1377 2150 reconsignans,

188 2186 280 2240 audiet
292 2187 366 2239 illam
379 2188 453 2253 piam
465 2199 559 2239 vocem
570 2187 636 2252 justi
645 2186 745 2253 judicis
758 2202 764 2237 :
778 2188 870 2254 Euge,
883 2200 970 2240 serve
981 2182 1057 2240 ione
1067 2184 1217 2255 cludetis,
1229 2183 1297 2252 quia
1308 2189 1378 2248 ηψπ

183 2299 288 2353 panea
296 2285 389 2354 fuisti
397 2287 509 2355 fidelis,
521 2299 620 2353 snpra
630 2288 731 2340 milita
740 2289 768 2339 te
776 2287 974 2353 constituam,
987 2287 1075 2340 intra
1086 2285 1274 2354 inpendium
1285 2277 1379 2335 nonin

188 2386 245 2439 tot.
1386 2372 1408 2425 a

223 2485 277 2537 23.
291 2488 328 2538 llo
343 2490 463 2551 tempore
477 2472 586 2538 sanetus
600 2487 744 2554 Remigius,
764 2487 797 2538 de
810 2486 889 2538 istius
907 2485 1000 2539 mundi
1019 2485 1116 2553 pelago
1134 2484 1263 2545 sublatus,
1280 2478 1378 2534 eleuet

38 2598 144 2663 *ppyfp
191 2584 286 2636 etiieax
307 2586 457 2638 habebatur
469 2586 497 2636 in
517 2585 646 2637 uirtutum
668 2585 848 2653 magnalibus.
863 2587 953 2651 lisque
968 2584 996 2636 in
1009 2584 1143 2651 iiyllioum
1156 2587 1166 2605 ’
1178 2583 1250 2636 enim
1260 2574 1377 2647 autema

41 2679 104 2719 ⁰⁰¹³
115 2669 141 2720 ²·
189 2685 298 2750 paniam
311 2685 419 2738 celebre
432 2685 603 2749 nomenoius
616 2684 773 2737 innotuerat
785 2690 812 2736 et
823 2698 872 2750 per
884 2683 989 2752 singula
1007 2683 1067 2736 loea
1085 2683 1245 2736 narrabatur
1255 2680 1287 2734 de
1296 2685 1375 2731 stanit

188 2783 317 2836 virtutum
331 2785 460 2850 potentia.
474 2787 528 2837 lloe
541 2783 633 2836 audito
653 2784 749 2836 beatus
769 2784 909 2845 Amulius,
930 2783 1016 2835 saneti
1040 2782 1224 2849 quidem'uiri
1241 2777 1376 2833 nornine

187 2883 307 2934 tristatus
319 2887 369 2943 est,
383 2881 431 2933 sed
444 2882 478 2934 de
491 2895 555 2934 snae
569 2882 656 2934 laudis
668 2882 753 2949 gloria
767 2883 851 2934 multo
865 2881 949 2949 magis
962 2882 989 2932 in
1003 2881 1119 2933 bomine
1131 2882 1247 2949 gauisus.
1259 2861 1403 2931 cruentati

187 2980 277 3045 itaque
290 2981 404 3045 populos
418 2981 445 3032 in
459 2979 511 3033 tide
523 2981 642 3033 neminis
654 2981 751 3032 Christi
763 2983 826 3032 lesu
839 2979 1004 3032 confirmans
1023 2992 1054 3032 ae
1072 2979 1203 3033 sollicitos
1219 2990 1293 3044 super
1306 2979 1371 3025 otram

187 3082 307 3132 tidelinm
321 3082 473 3133 animarum
487 3088 608 3147 pastores
620 3095 776 3149 surrogans,
791 3083 818 3133 in
832 3080 944 3133 dalilam
957 3081 1036 3133 eitius
1049 3093 1176 3134 reuersus
1188 3081 1296 3133 estium
1306 3075 1371 3126 betti*

187 3179 307 3243 pontifex
330 3178 476 3230 tumulatus
497 3179 585 3230 luerat
606 3184 632 3231 et
647 3193 729 3244 super
750 3193 812 3231 eum
832 3179 943 3231 oratorii
962 3183 1120 3230 constructa
1138 3172 1368 3234 basilicamque

187 3292 249 3329 eum
262 3283 371 3329 sanetus
385 3278 514 3330 arrrulius
525 3291 558 3329 ex
579 3278 722 3330 devotione
743 3278 871 3339 venisset,
892 3277 997 3343 aliquot
1015 3276 1115 3329 diebus
1137 3276 1238 3329 ibidem
1254 3268 1370 3326 demontus

188 3381 237 3428 est.
251 3378 373 3442 dumque
386 3377 449 3428 inde
462 3376 616 3435 discedens,
637 3376 669 3427 ad
691 3376 807 3428 eandem
826 3389 921 3428 rursus
938 3376 1076 3428 basilicam
1095 3376 1193 3428 orandi
1208 3353 1396 3443 gratiasrnitt³

188 3477 298 3539 rediret,
315 3481 393 3527 noete
413 3475 531 3541 quadam
548 3477 575 3526 in
596 3476 640 3528 via
661 3489 776 3542 sponsae
798 3488 863 3527 suae
888 3476 957 3527 serui
979 3488 1041 3527 eum
1063 3475 1229 3528 invenerunt
1246 3470 1369 3526 annunti
1414 3458 1416 3513 Ῐ

188 3579 312 3626 terrentes
337 3576 452 3627 fustibus
472 3577 590 3642 graviter
613 3582 640 3628 et
659 3575 756 3642 gladiis
779 3577 1001 3627 vulneraverunt.
1023 3577 1145 3638 Quorum
1166 3587 1237 3627 unus
1257 3559 1367 3624 iermffl'P

188 3680 267 3739 eaput
279 3675 338 3738 ejus
351 3675 458 3727 libravit
470 3689 500 3726 ae
513 3674 572 3726 sine
585 3689 660 3727 mora
674 3676 815 3727 solotenus
828 3675 980 3740 prostravit.
992 3675 1080 3742 Plagis
1098 3680 1190 3727 autern
1210 3656 1368 3739 imposuisti

187 3773 328 3825 stimantes
342 3787 404 3825 eum
418 3787 476 3825 esse
491 3780 627 3826 mortuum
645 3776 779 3840 abierunt,
794 3776 922 3827 semivivo
943 3774 1048 3826 relicto.
1062 3775 1112 3838 Qui
1125 3774 1155 3826 in
1169 3774 1240 3827 breti
1257 3768 1366 3824 demidii·

187 3872 307 3938 martyrii
321 3885 450 3924 eoronam
463 3872 576 3937 adeptus
589 3874 669 3924 estin
683 3873 855 3925 caelestibus

220 3970 276 4021 24.
290 3971 341 4022 Sed
355 3971 501 4036 palpitante
525 3970 613 4023 adbuc
634 3972 662 4023 in
684 3972 742 4024 solo
761 3978 870 4037 pectore
882 3971 954 4024 vitali
968 3972 1076 4036 spiritu,
1091 3973 1246 4039 priusquam
1259 3951 1367 4021 morbis?

187 4082 251 4135 gere
264 4069 422 4133 solveretur,
436 4084 535 4134 sponsa
549 4084 597 4122 sua
610 4072 643 4122 ad
666 4085 728 4123 eum
750 4073 824 4124 venit
844 4076 872 4124 et
890 4071 1131 4124 vehementissime
1144 4071 1209 4125 bere
1220 4069 1305 4134 eoepit.
1314 4061 1367 4124 putu

188 4181 248 4218 eum
263 4167 442 4233 interrogaret
455 4169 566 4234 quidde
579 4181 628 4220 suo
640 4181 754 4235 corpore
768 4171 858 4222 faeere
872 4169 994 4235 deberet,
1015 4167 1063 4220 iile
1076 4176 1106 4220 ut
1116 4169 1203 4234 potuit
1214 4153 1368 4234 protensadti·

188 4272 253 4331 tera,
267 4267 356 4319 uelum
377 4271 553 4331 consecravit,
576 4271 774 4336 imponensque
795 4270 875 4334 captiti
899 4272 958 4335 ejus
978 4270 1036 4321 ait:
1052 4269 1119 4324 Non
1132 4271 1171 4324 de
1181 4282 1256 4333 mett,
1268 4259 1365 4329 inquit&
1412 4250 1416 4331 ¹3

182 4366 332 4430 passione
339 4367 516 4435 periander,
531 4369 584 4421 sect
596 4369 634 4420 cte
646 4371 702 4420 tun
723 4370 823 4421 salarie
835 4368 970 4421 nr'ininm
982 4369 1152 4422 sollicitor.
1166 4370 1226 4435 tipo
1236 4366 1307 4422 enin
1315 4338 1392 4411 affl
1412 4360 1416 4429 ζ

183 4477 241 4529 pei·
254 4462 334 4514 lanne
345 4466 504 4529 paraetonio
516 4481 601 4520 artene
610 4468 740 4520 eniteant
753 4468 892 4534 quaesiui
903 4470 932 4519 et
946 4471 979 4519 ut
997 4469 1039 4521 ad
1051 4482 1158 4535 repent
1171 4481 1267 4521 aternu
1280 4448 1368 4522 sortiti·
1414 4462 1416 4471 '

186 4560 236 4612 nis
245 4560 305 4613 mei
312 4561 458 4629 effleione
469 4566 630 4618 letarentur
634 4565 834 4631 pervenirem
842 4565 960 4632 optavi.
973 4565 1039 4619 l‘tbi
1048 4569 1155 4619 antam
1169 4579 1256 4634 quam
1268 4557 1371 4618 reit'ttlto

1375 3842 1394 3897 a
