3136 5482
246 346 337 396 aran.
357 346 439 396 nar.
458 346 575 395 entus.
596 365 640 374 -
656 345 810 395 trenno.
831 345 877 394 nn
894 344 972 394 coo.
992 339 1068 392 5115.
1199 325 1265 390 445
1322 355 1324 360 1

23 514 98 578 eiua
111 512 180 566 vita
195 513 396 567 sanctissime
412 514 515 580 ipsum
531 514 703 567 servaverit
724 512 763 566 ob
780 514 910 567 illorum
929 511 1066 577 insania,
1079 511 1266 564 nullatenus

25 613 203 682 opprobria
222 613 383 667 declinare
397 613 515 681 poterit
531 613 724 680 praesentio.
738 613 777 666 ab
798 613 934 666 universis
955 616 996 665 est
1015 611 1138 664 dictum:
1159 610 1265 663 Placet

27 713 118 781 repis
125 713 334 781 propositum.
346 715 462 765 Sanctus
474 718 564 766 autem
582 715 713 766 Ronanus
731 711 879 766 admodum
891 725 926 765 ex
944 713 1042 764 itinere
1058 711 1193 779 fatigatus,
1206 715 1266 762 crat

30 813 109 866 enim
131 825 216 879 prope
234 815 290 879 jam
309 813 385 866 senio
406 812 556 878 confectus,
579 825 661 878 super
682 811 821 879 quendam
842 811 960 878 lapidem
988 816 1051 863 ante
1073 810 1144 878 regis
1164 809 1264 863 atrium

10 913 16 962 t
32 910 174 965 residebat
185 912 373 978 psalmidicus,
387 912 480 965 oculos
493 912 640 965 adcaetum
651 912 759 978 saepius
772 911 909 978 attollens,
923 917 950 963 et
962 910 990 962 in
1000 909 1114 962 homino
1127 912 1181 963 [teo
1190 922 1266 975 spem

33 1024 113 1064 suam
134 1011 306 1065 confidenter
325 1013 438 1065 habens.
452 1015 483 1064 Et
504 1013 576 1064 inter
597 1012 732 1080 agendum
745 1013 753 1030 ¹
766 1011 863 1078 copula
884 1010 1035 1064 detrahitur
1054 1009 1181 1076 canibus,
1200 1015 1227 1062 ot
1246 1021 1262 1061 e
1322 1012 1330 1029 ·
1368 1008 1373 1020 “

33 1111 143 1164 cunctis
155 1112 183 1163 in
195 1115 319 1164 sanctum
331 1112 420 1165 tirum
433 1111 582 1164 incitantur
594 1111 728 1177 protinus.
742 1114 828 1164 Canes
840 1123 905 1164 vero
916 1111 993 1163 ocius
1012 1110 1127 1163 mimine
1149 1108 1265 1173 avolant,

34 1215 62 1264 et
72 1209 109 1262 ad
122 1210 303 1277 discerpenda
312 1211 379 1277 justi
401 1209 451 1263 viri
472 1209 595 1263 membra
614 1209 762 1263 crudeliter
778 1210 916 1263 festinant.
930 1210 981 1263 Sed
1001 1209 1267 1276 deusomnipotens,

34 1311 82 1377 qui
103 1323 190 1377 prope
212 1315 253 1364 est
270 1311 398 1364 omnibus
418 1310 610 1362 invocantibus
632 1322 695 1362 eum
717 1309 877 1368 inveritate
895 1312 922 1362 et
933 1309 1153 1375 deprecationem
1172 1313 1269 1360 eorum

10 1414 18 1458 t
37 1409 150 1464 exaudit
163 1415 190 1462 et
203 1409 265 1462 illos
278 1422 292 1462 a
304 1409 536 1476 persequentibus
553 1409 641 1462 salvos
660 1408 733 1473 facit,
746 1407 931 1462 confessorem
944 1421 1024 1461 suum
1045 1406 1206 1460 mirabiliter
1218 1406 1269 1459 sal·

36 1507 508 1576 111100νί1,11510010101111100111.
524 1511 555 1561 Ut
572 1511 662 1561 autem
684 1507 855 1573 saepedictus
870 1507 987 1561 famulus
1007 1507 1053 1559 bei
1075 1505 1269 1560 tremebundos

36 1620 119 1662 canes
133 1607 247 1661 rictibus
258 1609 314 1674 jam
327 1608 426 1674 patulis
439 1607 607 1661 horribiliter
619 1606 648 1659 in
660 1619 690 1659 se
704 1612 815 1660 ruentes
827 1607 901 1671 vidit,
915 1607 1058 1660 confestim
1070 1606 1174 1659 elevata
1186 1617 1270 1657 manu

36 1708 148 1762 dextera
161 1707 281 1760 salutare
295 1708 384 1760 crucis
399 1708 508 1775 signum
521 1707 576 1759 illis
588 1706 715 1772 opposuit
726 1710 753 1759 et
765 1723 772 1759 :
785 1708 916 1773 Imperet
928 1705 1011 1761 vobio
1022 1705 1172 1760 Dominus
1192 1704 1269 1757 dixit.

36 1809 68 1860 ht
80 1807 162 1861 citius
174 1807 247 1860 dicto
259 1807 318 1860 viso
330 1807 465 1873 imperiali
478 1807 556 1873 signo
569 1806 668 1859 ferocia
677 1806 846 1860 rabiosorum
860 1819 958 1859 canum
971 1805 1054 1860 corda
1064 1807 1269 1869 mansuescunt,
1371 1790 1374 1795 ’

10 1903 19 1953 i
38 1910 67 1958 et
77 1906 154 1972 iuxta
167 1906 252 1959 sancti
265 1906 314 1958 viri
328 1906 422 1971 pedes,
435 1905 495 1958 laus
507 1905 555 1957 tibi
569 1905 684 1967 christe,
698 1904 826 1958 submissi
835 1905 906 1958 oolla
915 1905 1067 1958 humillime
1077 1905 1269 1971 procumbunt.

34 2007 99 2059 lesu
127 2006 246 2075 benigne
267 2020 353 2060 necne
375 2005 498 2073 mirifice,
518 2019 600 2072 quam
622 2004 765 2073 magnilica
785 2009 848 2058 sunt
870 2017 954 2072 opera
975 2011 1032 2069 tua,
1052 2005 1184 2059 bomine!
1207 2003 1270 2069 Quis

36 2107 181 2161 bominum
193 2108 245 2160 hoc
257 2106 323 2159 vidit
335 2107 377 2160 vel
390 2107 477 2160 relatu
488 2105 592 2159 audivit
604 2112 631 2158 et
644 2106 673 2158 in
686 2106 767 2172 hujus
780 2105 843 2158 facti
865 2106 1034 2159 ammiranda
1052 2104 1272 2159 consideratione

35 2218 93 2259 non
107 2206 265 2273 obstupuit?
277 2206 371 2259 virum
393 2210 479 2259 aetate
500 2219 605 2271 senem,
618 2206 722 2257 viribus
741 2204 863 2271 corporis
876 2205 1050 2271 imbecillem,
1064 2206 1149 2258 verbo
1171 2204 1271 2258 talibus

35 2317 118 2372 posse
130 2304 271 2371 resistere,
286 2317 404 2372 quorum
417 2317 473 2359 non
486 2304 576 2357 solum
588 2304 729 2357 incursum
741 2316 835 2356 verum
848 2303 930 2356 etiarn
946 2303 1074 2357 intuitum
1087 2303 1271 2356 ferocissimae

10 2406 16 2444 t
37 2401 141 2457 bestiae
158 2402 342 2456 formidabant
359 2403 521 2457 incurreret
533 2405 589 2455 Tua
607 2406 681 2467 sunt,
695 2407 742 2454 tua
759 2401 827 2454 haec
844 2400 968 2468 mirifica,
982 2401 1106 2468 bomine,
1125 2401 1268 2470 magnalia.

38 2502 87 2567 Qui
101 2501 242 2569 quondam
251 2503 325 2568 justo
345 2501 546 2556 desideriorum
567 2502 626 2555 viro
645 2500 679 2554 ad
700 2500 887 2555 devorandum
905 2501 1031 2555 leonibus
1042 2501 1142 2556 tradito
1159 2502 1268 2556 illorum

38 2600 248 2655 tremebundam
261 2600 462 2654 mansuefecisti
476 2600 614 2666 ferociam,
628 2612 663 2652 ne
676 2599 762 2653 sancti
774 2599 824 2652 viri
838 2600 960 2653 membra
971 2601 1055 2654 sacris
1068 2600 1268 2667 sacris'parsi·
1329 2610 1340 2631 ·
1374 2608 1406 2662 ⁹,

37 2701 139 2754 moniis
151 2699 272 2753 defecata
286 2713 335 2766 per
346 2713 423 2752 suam
437 2699 578 2753 laederent
590 2698 735 2763 insaniam,
744 2699 791 2766 qui
802 2699 864 2752 beel
873 2700 994 2766 gentium
1006 2699 1090 2752 deum
1096 2699 1268 2753 destruxerat

37 2804 66 2855 et
77 2798 431 2864 draconeminterfecerat;
445 2811 519 2851 nunc
541 2802 632 2851 autem
650 2797 731 2850 simili
750 2797 832 2851 modo
845 2799 1030 2852 confessorem
1048 2805 1124 2852 tuum
1145 2805 1269 2853 sanctum

10 2893 184 2953 thoracum
209 2903 355 2966 patronum
379 2902 502 2952 nostrum
527 2910 542 2950 a
567 2896 670 2950 crudeli
695 2897 771 2949 rabie
795 2897 1027 2950 ferocissimorum
1056 2911 1156 2951 canum
1183 2897 1269 2953 fecisti

36 3002 140 3061 tutum,
154 2998 200 3064 qui
215 2998 244 3050 in
256 2997 431 3051 tribulatione
445 3009 493 3050 sua
506 3002 531 3049 te
544 3000 629 3049 heum
641 3001 821 3062 protectorem
834 2997 862 3048 in
876 3003 902 3048 te
914 2998 1080 3062 sperantium
1099 2999 1234 3052 invocavit
1245 3003 1272 3052 et

37 3097 73 3151 ab
85 3097 295 3165 insurgentibus
307 3098 336 3150 in
348 3110 379 3150 se
391 3096 501 3150 liberari
524 3097 633 3150 meruit.
648 3097 705 3162 ilic,
718 3099 783 3149 lesu
808 3097 888 3165 bone,
902 3103 964 3151 tuae
982 3099 1159 3165 protectionis
1180 3105 1207 3153 et
1218 3097 1270 3153 vir·

37 3195 106 3248 tutis
118 3195 196 3262 signo
210 3195 341 3261 munitus,
355 3194 456 3248 saeculi
470 3196 577 3261 pompis
588 3194 788 3247 abrenuntiatis
799 3200 863 3247 tuus
872 3195 1022 3262 discipulus
1031 3197 1269 3252 tollendocrucem

36 3307 120 3348 suam
142 3297 169 3346 te
189 3292 335 3347 bominum
356 3300 474 3360 secutus,
497 3295 534 3347 tui
555 3306 660 3346 memor
680 3299 738 3346 erat
758 3293 786 3344 in
814 3294 941 3347 omnibus
963 3295 1078 3348 dicentis
1101 3295 1269 3350 .lrx¹·.ii0bt⁸.

10 3388 52 3446 la
74 3391 281 3460 praedicatione
300 3394 493 3446 remeantibus.
512 3393 645 3460 Equidem
666 3392 754 3444 dixisti
776 3408 783 3443 ε
802 3393 877 3446 Ecce
895 3392 968 3446 dedi
987 3393 1070 3448 vobis
1087 3396 1271 3462 potestatem

34 3491 189 3546 cakomdi
199 3504 295 3559 super
305 3494 462 3559 serpentes
474 3493 503 3545 et
514 3490 691 3558 scorpiones
703 3493 732 3543 et
743 3503 839 3558 super
850 3504 970 3546 omnem
983 3493 1130 3547 virtutem
1139 3493 1270 3562 inimici,

34 3589 164 3645 anihil
183 3589 267 3644 vobis
286 3590 413 3646 nocebit.
427 3595 482 3644 lfao
494 3591 576 3658 igitur
587 3589 728 3642 verissima
741 3589 986 3655 datione'tuaque
999 3593 1150 3646 certissima
1162 3592 1268 3646 denun-
1330 3601 1339 3620 ·
1374 3598 1380 3611 ·

36 3690 162 3755 tiatione,
176 3690 249 3756 quod
262 3691 330 3742 alias
342 3690 500 3757 promisisti,
518 3696 543 3741 tc
556 3690 610 3741 tuis
623 3702 682 3741 esse
695 3702 756 3741 cum
770 3687 898 3741 fidelibus
909 3702 996 3756 usquc
1008 3691 1043 3744 ad
1060 3690 1270 3746 consummatio

37 3799 102 3840 uem
124 3786 237 3852 saeculi,
259 3793 369 3840 sanctus
392 3789 523 3841 Ronanus
543 3790 703 3838 constanter
723 3785 877 3849 roboratus,
898 3792 962 3840 ante
982 3791 1052 3856 regis
1073 3790 1163 3842 aulam
1184 3790 1270 3856 ipsius

10 3878 117 3940 irerba
141 3886 246 3953 absque
267 3887 366 3941 timore
394 3886 490 3940 audire
511 3890 631 3952 paratus,
653 3886 805 3938 eratenim
826 3886 855 3937 in
875 3888 995 3953 caritate,
1008 3901 1079 3954 quae
1098 3889 1170 3943 foras
1190 3889 1271 3942 mittit

41 3986 178 4054 b'morem,
202 3987 348 4053 perfectus,
369 3986 515 4040 eblanditis
536 3998 636 4038 canum
658 3986 740 4038 minis
767 3986 814 4037 bei
839 3991 906 4039 nutu
927 3986 1088 4053 intrepidus,
1111 3989 1185 4042 velut
1204 3988 1269 4042 olim

42 4086 134 4139 baniel
146 4086 219 4139 inter
231 4086 325 4140 leones
338 4087 467 4140 manebat
477 4085 686 4152 imperterritus.
700 4085 934 4138 decumbentibus
948 4093 1039 4140 autern
1057 4089 1132 4141 humi
1145 4090 1269 4153 canibus,

41 4190 67 4238 ut
85 4183 217 4238 suffatum
240 4190 290 4251 est,
309 4187 386 4252 juxta
409 4186 494 4239 sancti
515 4185 566 4237 viri
596 4184 678 4249 pedes
700 4183 870 4251 altrinsecus,
891 4186 949 4251 ipse
970 4187 1038 4239 caeli
1060 4201 1149 4256 regem
1175 4189 1270 4242 orabat

40 4285 184 4351 attentius,
197 4290 227 4338 ut
238 4284 273 4338 de
285 4299 369 4339 manu
382 4286 458 4338 canis
470 4285 580 4337 unicam
593 4296 670 4337 suam
683 4288 801 4349 erueret,
812 4285 858 4351 qui
871 4299 969 4339 canum
988 4288 1016 4338 in
1028 4300 1058 4340 se
1069 4289 1213 4342 missorum
1225 4269 1272 4343 ore

11 4382 150 4438 drabioso
169 4397 205 4437 ne
226 4385 374 4438 frustratim
395 4384 591 4438 divaricaretur
608 4383 685 4435 illum
707 4384 877 4437 servavisset.
890 4388 1018 4438 Senserat
1037 4400 1101 4440 vero
1124 4401 1205 4440 verus
1227 4390 1273 4442 bei

33 4482 160 4536 &mulus
180 4483 298 4536 eximius
320 4484 426 4537 deicola
447 4484 585 4550 Ronanus,
598 4482 677 4547 cujus
699 4482 727 4534 in
749 4483 915 4549 praecordiis
927 4483 1015 4536 almus
1028 4485 1137 4538 cluebat
1149 4488 1273 4554 Spiritus,

29 4580 113 4636 illam
133 4581 264 4635 initium
284 4582 483 4635 immissionem
504 4595 603 4634 canum
626 4580 786 4634 horribilem
807 4581 948 4635 hominum
961 4587 1022 4636 astu
1035 4583 1094 4636 iore
1111 4584 1274 4653 stabilitam,
