3156 5452
381 305 474 356 111111.
493 306 577 358 uir.
595 306 713 359 3111113.
731 327 777 339 -
792 307 946 360 1113111111.
966 309 1014 360 au
1032 308 1111 360 oon.
1131 305 1207 360 sacr.
1350 291 1418 360 553

180 475 305 531 facunda
316 477 463 531 verborum
483 477 553 532 serie
564 476 696 547 replic‘at3
709 478 758 533 sed
771 481 805 534 ad
818 481 886 534 haec
903 478 1042 533 credenda
1058 492 1106 534 cor
1121 479 1195 533 illius
1207 477 1332 533 mulieris
1342 490 1420 532 amor

184 573 289 628 nimiae
300 574 455 648 cupiditatis
467 575 586 630 indurat.
599 578 683 641 Quam
704 577 869 632 omnimodis
881 576 947 630 dum
963 575 1048 631 tantis
1058 577 1163 631 videret
1176 576 1259 644 afiligi
1279 575 1420 630 doloribus

183 677 214 727 et
225 672 267 727 sic
278 674 445 729 terribilibus
465 677 584 731 amicum
604 677 649 731 bei
670 689 798 731 accusare
810 678 979 746 ambagibus,
996 678 1116 731 hrrorem
1129 677 1171 730 sui
1184 675 1275 730 cordis
1293 675 1420 742 linquere

185 772 303 827 madet:
317 787 388 841 quae
399 775 422 828 si
434 777 596 843 quantocius
608 778 642 830 ab
655 775 699 830 his
710 776 918 831 detestabilibus
933 778 1057 830 animum
1075 789 1132 831 nou
1146 775 1308 835 reflecteret,
1317 780 1420 842 quanta

150 871 170 926 5
187 871 235 925 hlc
247 874 318 939 apud
336 877 421 928 licum
438 889 520 943 quem
537 877 742 944 blasphemabat
760 878 873 931 haberet
889 878 1004 945 gratiam
1021 875 1142 931 dolendo
1160 875 1371 944 persentisceret
1392 880 1420 928 et

185 984 315 1039 1133113111.
328 976 400 1027 11331
412 974 559 1029 salutarem
572 976 661 1029 mariti
673 989 810 1042 spernens
829 975 1018 1040 monitionem,
1033 974 1224 1041 exprobrando
1243 973 1340 1041 inquo
1357 985 1419 1027 eam

188 1083 290 1124 nocere
302 1071 311 1090 '
323 1077 416 1138 posset
425 1073 481 1138 jam
494 1087 544 1140 per
555 1086 608 1127 xxx
620 1073 727 1128 dierum
740 1086 887 1127 numerum
899 1073 1065 1140 putrefactus
1079 1073 1161 1127 homo
1178 1072 1322 1140 quaeritat.
1336 1072 1419 1138 cujus
1473 1081 1481 1100 ·

188 1169 318 1223 duritiam
327 1172 533 1226 lierchenaldus
543 1172 622 1228 valde
631 1173 768 1239 indolens,
780 1186 812 1227 ac
821 1174 849 1226 in
859 1173 931 1227 beati
940 1173 991 1225 viri
1000 1173 1149 1227 virtutibus
1159 1171 1347 1226 indubitanter
1355 1183 1419 1224 con·

189 1268 289 1338 fidens,
303 1273 432 1341 proponit
446 1274 575 1340 edictum,
589 1277 620 1327 ut
636 1275 659 1327 si
677 1274 746 1327 sacri
760 1273 880 1327 thesauri
893 1272 1064 1327 mausoleum
1075 1273 1119 1327 vel
1136 1272 1418 1340 quantulumcumque

142 1372 175 1425 fo
192 1376 352 1437 corruptum
364 1373 506 1441 reperiret,
520 1374 544 1427 el
559 1374 622 1428 ilico
639 1375 775 1428 honorum
794 1386 907 1428 suorum
919 1373 992 1427 dona
1003 1374 1207 1440 centuplicaret.
1220 1373 1302 1440 culus
1318 1350 1421 1425 delibe-

189 1470 306 1526 rationis
317 1473 488 1540 propositum
509 1473 579 1528 laeta
596 1473 758 1540 suscipiens,
772 1474 869 1540 stipata
882 1473 1017 1527 nobilium
1033 1473 1209 1527 multitudine
1228 1470 1262 1526 ad
1278 1470 1422 1525 ecclesiam

188 1577 328 1642 properat,
347 1572 480 1640 jubetque
500 1572 569 1626 illud
589 1573 739 1640 pretiosum
759 1573 937 1638 discooperiri
965 1571 1132 1639 sepulcrum.
1152 1571 1205 1626 sed
1232 1571 1296 1639 quia
1316 1569 1344 1623 id
1365 1581 1422 1624 non

190 1670 288 1725 devote
307 1670 478 1739 disquirebat
497 1683 677 1740 cognoscere,
690 1670 874 1738 corporalium
895 1671 958 1725 ilico
970 1670 1062 1725 amisit
1073 1670 1167 1724 lumen
1184 1670 1338 1737 oculorum,
1351 1681 1421 1737 quae

189 1769 357 1825 omnimodis
376 1770 534 1836 privabatur
555 1769 616 1823 luce
638 1769 810 1823 interiomm.
824 1769 900 1823 Unde
918 1768 966 1822 diu
987 1769 1157 1837 praestolans
1177 1769 1250 1823 beati
1271 1768 1322 1824 viri
1341 1769 1421 1822 mise·

140 1872 174 1928 15
191 1869 349 1936 ricordiam,
371 1868 624 1936 incredulitatisque
647 1881 713 1922 suae
733 1868 905 1936 gemebunde
925 1869 1055 1922 incusans
1074 1867 1214 1935 duritiam,
1235 1868 1326 1922 subito
1349 1869 1421 1922 inter

191 1969 360 2038 precatoriae
372 1967 524 2021 devotionis
536 1967 671 2036 singultus
683 1979 746 2020 cum
759 1966 847 2020 salute
859 1967 958 2020 mentis
975 1966 1131 2033 corporales
1148 1952 1300 2033 promeruit
1311 1979 1421 2020 sumere

191 2069 284 2135 visus3
298 2068 378 2134 eique
389 2067 469 2120 beato
481 2065 540 2120 viro
561 2066 692 2133 quicquid
705 2067 734 2119 in
745 2067 800 2119 vita
817 2067 983 2134 acquisierat
999 2079 1061 2120 cum
1080 2066 1208 2121 sollemni
1228 2066 1421 2133 astipulatione

192 2167 367 2231 condonavit,
379 2165 497 2234 dataque
508 2165 560 2219 viri
573 2164 749 2234 confirmans,
762 2165 810 2218 diu
822 2165 970 2219 incolumis
983 2165 1141 2232 permansit.

225 2268 281 2321 28.
295 2266 389 2321 cuncti
403 2266 486 2333 igitur
503 2268 621 2318 astantes
633 2263 681 2318 tali
694 2265 752 2318 viso
764 2264 895 2319 miraculo
916 2264 1016 2333 gaudio
1029 2264 1126 2331 repleti
1138 2269 1203 2318 sunt
1215 2277 1331 2334 magno;
1344 2265 1421 2319 inde·

140 2373 174 2427 10
192 2382 257 2437 que,
270 2371 301 2420 ut
312 2366 500 2430 decreverant,
511 2364 621 2431 pretiosi
633 2364 760 2417 antistitis
772 2364 893 2418 levantes
904 2363 1107 2430 corpusculum,
1117 2376 1197 2418 secus
1208 2363 1348 2418 dexteram
1360 2377 1420 2432 par·

189 2475 247 2524 tem
259 2465 352 2521 altaris
363 2465 434 2518 Petri
446 2463 632 2530 apostolorum
650 2463 780 2531 principis
792 2463 843 2517 sub
855 2463 900 2516 die
913 2463 1008 2530 quinto
1022 2462 1083 2517 idus
1104 2463 1235 2518 februarii
1247 2463 1380 2530 condunt,
1392 2468 1420 2517 et

191 2565 390 2622 dedicationem
411 2561 535 2630 ejusdem
556 2562 651 2629 templi
672 2567 782 2629 agentes
802 2561 929 2614 festivum
949 2561 1023 2615 diem
1040 2559 1155 2615 ducunt.
1168 2563 1231 2615 Post
1242 2559 1420 2629 quadriennii

191 2665 294 2721 etenim
306 2668 413 2730 tempus
424 2661 489 2715 inde
501 2674 518 2715 a
529 2661 608 2714 beato
621 2661 714 2730 Eligio,
728 2662 856 2716 bledardo
874 2667 901 2715 et
921 2662 1052 2715 hutberto
1069 2661 1242 2728 praesulibus
1262 2662 1383 2716 elevatur
1394 2667 1422 2716 et

189 2765 239 2821 ubi
251 2776 326 2818 nunc
337 2775 387 2831 per
404 2761 451 2814 bei
464 2760 671 2828 dispositionem
690 2761 838 2828 requiescit
855 2761 1021 2827 collocatur;
1035 2762 1150 2828 ejusque
1168 2761 1361 2828 corpusculum
1382 2762 1421 2816 sic

140 2869 172 2923 ab
189 2864 330 2918 incolume
341 2861 493 2930 reperiunt,
508 2861 585 2928 quasi
598 2860 696 2915 eodem
709 2860 754 2914 die
767 2859 921 2927 praesentis
930 2861 1004 2914 vitae
1022 2860 1094 2914 diem
1107 2862 1242 2929 posuisset
1259 2866 1421 2916 extremum.

192 2965 242 3020 libi
255 2963 340 3016 multa
352 2961 483 3015 virtutum
494 2964 669 3028 praestantur
689 2959 815 3028 insignia,
829 2961 904 3013 unde
917 2960 964 3014 bei
977 2960 1063 3013 nostri
1075 2960 1158 3027 digne
1178 2960 1306 3016 laudatur
1318 2962 1420 3030 magni-

190 3062 300 3118 ficentia
317 3061 460 3129 fidelisque
477 3060 519 3112 sui
538 3059 633 3113 fursei
645 3064 792 3113 veneratur
802 3061 944 3114 memoria.
958 3061 1010 3114 Pro
1023 3061 1101 3127 cujus
1114 3061 1216 3114 amoris
1234 3061 1421 3115 vicissitudine

187 3163 264 3218 idem
276 3163 370 3215 beatus
381 3160 483 3229 eligius
505 3158 661 3227 sepulcrum
673 3160 733 3225 ejus
746 3159 865 3214 mirabili
880 3160 974 3227 polivit
986 3159 1100 3214 artificio
1112 3167 1139 3214 et
1151 3161 1252 3215 celebri
1266 3161 1420 3215 honestavit

187 3263 278 3316 laudis
291 3260 445 3329 praeconio.

140 3366 170 3418 lb
221 3362 277 3415 8⁷.
290 3363 364 3415 lnter
375 3364 465 3414 cetera
477 3371 542 3413 vero
554 3357 708 3412 salutiferae
720 3358 896 3412 exhibitionis
910 3358 1091 3413 medicamina
1112 3373 1183 3426 quae
1195 3359 1301 3414 stellata
1312 3360 1416 3414 virtuti-

185 3463 239 3517 bus
250 3460 296 3514 illa
308 3461 366 3528 ipsa
378 3458 464 3513 sancti
476 3459 561 3525 patris
574 3459 682 3513 miseris
694 3458 785 3512 attulit
795 3458 892 3522 virtus,
902 3458 1026 3525 quamvis
1037 3472 1086 3526 pro
1095 3459 1284 3525 peccaminum
1295 3460 1416 3514 reatibus

185 3558 301 3613 intimae
320 3555 453 3625 lampadis
474 3557 546 3609 caeci
573 3560 716 3611 teneamur
742 3555 903 3620 luminibus,
923 3556 1008 3622 ipsius
1028 3560 1120 3609 tamen
1141 3557 1303 3611 excellentis
1326 3559 1416 3611 meriti

186 3659 270 3714 unius
281 3663 387 3727 gestum
404 3656 569 3724 replicamus
589 3656 723 3710 miraculi.
737 3657 801 3709 Erat
821 3656 958 3722 quaedam
975 3660 1098 3711 matrona
1115 3669 1186 3724 quae
1203 3657 1286 3711 veluti
1307 3657 1417 3712 sibimet

186 3757 382 3824 crepitantibus
398 3760 525 3808 terrenae
540 3754 677 3808 felicitatis
695 3755 849 3808 exuberans
867 3754 1061 3820 fertilitatibus,
1080 3755 1170 3807 aureis
1188 3767 1298 3822 quoque
1316 3756 1415 3822 pretio·
1445 3737 1446 3740 ¹

140 3863 169 3916 55
187 3858 267 3912 sioris
280 3857 380 3911 metalli
392 3860 554 3923 praepotens
568 3852 774 3919 hereditatibus,
789 3854 913 3922 florigera
935 3854 1046 3921 quidem
1059 3855 1166 3908 vivebat
1182 3856 1286 3909 mundo
1303 3857 1415 3924 fugitivo

188 3956 350 4011 deliciarum
364 3957 543 4020 incremento,
558 3953 605 4008 sed
619 3953 787 4021 quibuslibet
800 3954 916 4006 miserae
935 3953 1164 4007 incommoditatis
1182 3955 1259 4021 quasi
1278 3955 1416 4021 implicata

187 4059 336 4124 criniculis,
349 4057 570 4112 lamentabilibus
584 4070 645 4109 sese
658 4055 797 4109 reficiebat
808 4056 906 4121 epulis.
920 4056 1030 4109 Talibus
1047 4055 1184 4122 siquidem
1197 4056 1338 4110 infortunii
1357 4070 1415 4124 gra·

186 4157 342 4213 vaminibus
354 4171 417 4210 cum
430 4157 558 4210 omnibus
570 4157 679 4209 sibimet
690 4157 835 4208 tenebatur
846 4155 1108 4220 obsecundantibus,
1119 4155 1248 4221 quatinus
1257 4156 1329 4208 haud
1341 4157 1413 4223 quis-

187 4270 271 4324 quam
284 4258 418 4310 fraternae
430 4256 625 4322 compassionis
637 4256 740 4308 viscera
754 4254 908 4309 fluctuantis
920 4255 1008 4308 morbi
1023 4254 1253 4309 amaritudinibus
1269 4257 1414 4311 titubantia

140 4361 166 4414 ld
189 4357 264 4410 dulci
277 4357 482 4410 intervenientis
494 4355 582 4409 solatii
597 4356 731 4409 solaretur
743 4354 907 4407 relevamine
929 4359 976 4407 aut
987 4368 1066 4408 versa
1079 4355 1136 4408 vice
1149 4356 1200 4407 sihi
1222 4354 1416 4423 suffrageretur

184 4456 351 4511 amicissima
366 4454 561 4510 vicissitudine.
575 4457 661 4521 liuius
683 4466 747 4522 ergo
765 4453 924 4507 calamitatis
946 4455 1071 4509 tirocinio
1085 4454 1277 4508 miserabiliter
1288 4469 1351 4509 cum
1371 4470 1420 4511 suo

184 4556 271 4611 ascita
293 4556 436 4620 famulitio,
458 4555 612 4608 dominicae
634 4553 816 4607 miserationis
836 4553 916 4608 oculo
942 4553 1140 4608 delectabiliter
1163 4560 1204 4608 est
1228 4554 1367 4609 admonita
1388 4557 1416 4610 in
