3136 5482
298 350 393 399 erni.
413 349 495 400 nar.
514 349 630 400 ranis.
649 371 695 380 -
709 349 863 400 urrann.
883 350 931 399 an
947 350 1025 400 con.
1045 347 1121 398 asse.
1260 331 1327 395 213

111 519 150 571 2.
169 521 400 588 Postuloriosum
413 521 504 586 itaquo
525 518 711 585 apostolorum
732 520 901 584 triumphurn
922 517 1077 571 demoranti
1091 516 1184 584 Sergio
1197 514 1281 568 Paulo
1300 515 1328 567 in

70 619 183 673 insuia
196 621 290 685 Papho
302 633 369 674 suae
389 620 504 673 civitatis
526 621 594 683 loco,
608 618 693 672 astitit
709 619 734 671 ci
755 620 894 686 apostolus
914 619 1022 677 Paulus,
1044 618 1068 670 ei
1081 617 1175 670 dicens
1189 629 1237 681 per
1251 613 1329 667 risio·

72 731 176 771 nem:
199 721 314 772 Frater
335 719 444 786 Paule,
462 717 598 787 fratrem
619 721 708 772 tuum
727 720 903 785 apostolum
925 719 1065 771 Paruum
1087 716 1175 779 audi,
1194 717 1223 768 et
1236 726 1329 781 prac-

71 820 174 885 cepta
191 818 316 871 Domini
327 818 428 872 nostri
437 819 511 872 iesu
526 817 644 872 Christi
653 819 840 886 quantocius
850 819 893 871 ad
900 820 1012 885 partes
1022 816 1228 871 occidentales
1238 813 1326 879 cade,

34 915 57 967 ’ὁ
74 918 112 968 ct
119 916 286 982 praedica
297 917 495 983 marspelium
507 917 633 970 Domini
644 917 746 971 nostri
757 917 830 970 lesu
846 915 961 970 Christi
973 915 1007 966 in
1019 913 1160 969 omuibus
1170 911 1328 980 partribus,-

79 1012 177 1067 idola
190 1012 279 1082 salsa
288 1028 309 1067 a
317 1014 402 1082 falso
414 1014 538 1068 diabolo
547 1014 674 1069 triventu
682 1015 855 1069 verissimis
864 1013 1090 1068 assertionibus
1102 1010 1327 1079 destructoria

84 1125 212 1180 quoqrae
224 1115 412 1180 temptorum
431 1114 473 1167 od
485 1114 622 1167 nibilum
645 1115 758 1182 redipe,
773 1115 917 1183 infirmos
940 1126 1031 1177 εαηα,
1039 1125 1198 1180 pauperes
1213 1110 1328 1164 Christi

87 1212 284 1279 evartpettza
304 1214 452 1267 accustus
474 1217 639 1280 cointrue‚·
654 1215 731 1282 quia
751 1214 980 1281 quatordecim
1003 1226 1087 1266 artico
1103 1211 1238 1277 plorioso
1257 1223 1327 1264 con-

10 1304 12 1309 ’
94 1309 249 1377 sessorum
261 1312 423 1381 triumpho
435 1314 499 1368 eris
511 1314 667 1369 camortio
678 1313 821 1382 fratrum
834 1316 960 1367 tuorum
973 1311 1198 1366 adscribendus
1211 1310 1245 1362 iu
1252 1324 1329 1376 puer·

31 1408 84 1491 'n
97 1409 280 1464 deomirti
291 1411 349 1465 tui.
362 1413 544 1468 doctrinam
557 1415 668 1480 Elpma
680 1414 767 1480 mapi
778 1413 981 1467 devitandam
988 1411 1153 1480 praedica,
1162 1413 1191 1463 el
1203 1423 1327 1462 anatim·

102 1509 142 1563 tia
154 1511 290 1578 qualiter
301 1512 367 1566 sint
378 1514 566 1567 devitandae
579 1527 685 1568 amires
697 1513 873 1568 diabolicae
884 1512 1053 1581 falsitates.

133 1608 161 1661 8.
174 1612 210 1663 lte
223 1616 302 1664 nocte
314 1625 483 1681 consurgens
505 1614 614 1682 Sergius
635 1613 743 1671 Paulus,
756 1612 864 1664 duobus
884 1611 1045 1664 diaconibus
1057 1611 1194 1663 accersitis
1212 1610 1281 1662 nuso
1299 1616 1326 1662 et

107 1708 241 1774 Simnana,
250 1712 404 1764 Romanum
414 1713 464 1766 iter
474 1719 605 1779 expetens
613 1713 695 1766 venit.
707 1716 764 1777 Quo
777 1713 806 1764 in
819 1712 877 1765 loco
891 1724 1024 1763 surnrnanr
1035 1711 1153 1779 magistri
1165 1710 1239 1762 Pauli
1250 1723 1326 1775 prae·

110 1804 411 1879 dansevangetizando
432 1811 594 1877 doctrinam,
607 1814 721 1865 Neronis
742 1812 836 1866 salsam
859 1825 919 1863 esse
941 1812 1029 1879 legem
1050 1808 1324 1874 omnibusindieanS‚

53 1892 257 1961 ¹Baesimonis
269 1911 340 1979 magi
353 1912 437 1964 bostis
457 1911 548 1964 callidi
571 1924 694 1964 errorem
717 1911 782 1963 nibil
806 1909 1022 1977 impendendum
1043 1924 1103 1962 csse
1121 1915 1325 1973 commemorat,

112 2005 263 2071 andedum
275 2009 310 2063 de
322 2024 386 2063 aere
399 2013 535 2078 projectus
556 2012 670 2065 obierat.
686 2012 733 2065 Ubi
757 2011 870 2077 aposloli
894 2011 968 2063 Pauli
991 2010 1134 2063 ecclesiam
1155 2014 1327 2073 constantis,

109 2104 231 2160 ordinatis
243 2109 408 2176 presbyteris
419 2125 452 2164 ac
463 2110 634 2175 diaconibus,
648 2113 699 2163 iter
711 2112 783 2177 uertit
795 2110 828 2163 ad
842 2111 949 2164 Gallius.

135 2208 164 2258 4.
178 2212 285 2262 Factum
298 2216 339 2264 est
351 2220 452 2278 auteur,
466 2211 572 2264 durnin
594 2213 700 2264 civitate
721 2216 813 2264 Lunae
834 2211 976 2265 elorenirct
998 2211 1180 2277 praedicando
1202 2218 1228 2263 ct
1240 2211 1324 2277 bapti·

30 2380 33 2385 ¹
100 2307 183 2362 nardo
196 2316 223 2362 st
236 2311 358 2366 infirmos
370 2313 503 2379 sanando,
518 2313 615 2366 mulier
627 2313 762 2380 quaedam
783 2314 833 2365 sibi
846 2314 943 2365 obtulit
961 2314 1047 2366 tilium
1059 2327 1171 2366 caccum
1182 2326 1214 2365 ac
1226 2317 1256 2364 ut
1272 2312 1323 2364 sibi

32 2442 43 2455 ,
97 2406 219 2473 [munus]
235 2412 357 2463 sanitatis
378 2411 549 2479 impenderet
562 2412 662 2464 obnixo
675 2411 806 2478 deposcit.
820 2415 887 2464 lum
898 2412 953 2478 illc,
967 2417 997 2465 ut
1007 2418 1064 2465 crat
1074 2417 1165 2465 mente
1175 2410 1322 2477 iucundus

21 2546 26 2559 .
90 2507 211 2564 affabilis
222 2512 352 2572 bonitate.
367 2512 468 2566 nitidus
480 2512 773 2577 locutione‚luculcnto
786 2526 913 2566 sermone
924 2514 1067 2580 eloquens,
1079 2512 1186 2565 nrulicri
1200 2512 1325 2579 protinus

88 2608 237 2675 respondit
251 2625 257 2660 :
271 2611 421 2665 Dominus
440 2624 528 2664 meus
547 2612 637 2664 lestis
659 2609 810 2677 doristus,
824 2611 879 2677 orti
899 2611 1052 2679 apparuit
1064 2612 1167 2665 Paulo
1185 2611 1325 2678 apostolo

82 2710 248 2778 mapistro
267 2724 342 2776 meo,
361 2711 417 2779 qui
434 2711 581 2766 accustus
596 2711 850 2779 persequebatur,
864 2724 994 2777 metuque
1014 2725 1138 2766 cclccum
1162 2712 1326 2778 splendore

80 2809 257 2866 claritatis
267 2811 410 2864 molestis
422 2811 561 2865 institnit
572 2813 602 2864 ct
613 2811 652 2864 de
657 2812 856 2877 persecutore
876 2809 951 2878 fecit
962 2824 1018 2864 vas
1029 2811 1197 2877 electionis,
1211 2811 1324 2880 minit-

10 2902 62 2977 ῌ
74 2908 190 2966 simio
208 2909 353 2963 Anartiae
362 2912 392 2964 et
402 2909 554 2977 baptismo
574 2910 777 2976 illuminavit,
792 2909 858 2976 ipse
869 2910 995 2977 aperiat
1006 2911 1111 2964 ocrulor
1123 2911 1187 2979 filii
1195 2916 1203 2930 ·
1218 2912 1274 2979 tui,
1288 2915 1324 2965 ut

10 3010 16 3061 .'
75 3008 201 3065 videm
211 3008 390 3063 claritutem
403 3008 632 3078 moestitudinis
644 3008 709 3062 Dei.
720 3008 847 3062 Domine
855 3009 928 3062 lesu
942 3008 1068 3076 ctu-iste,
1082 3012 1162 3063 aredi
1173 3024 1221 3064 me
1237 3012 1324 3064 mise-

71 3122 160 3163 rum
179 3110 380 3175 peccatorem
399 3110 429 3162 et
449 3109 484 3160 in
504 3110 561 3161 itta
581 3106 798 3161 trtiscrieordiu
819 3108 1031 3174 cortfidenterm
1047 3108 1199 3161 illumi-na
1220 3112 1325 3163 mutos

69 3207 200 3265 cordis
211 3209 240 3260 et
251 3206 392 3275 eorporis
404 3207 497 3273 bedas
504 3207 610 3274 pueri,
623 3209 659 3259 ut
677 3209 705 3260 te
716 3208 816 3260 solum
831 3207 934 3260 vt'deat
944 3209 974 3260 el
992 3208 1161 3273 intelleaat,
1176 3209 1324 3275 quatinus

67 3310 281 3377 coquo-scant
292 3320 397 3361 omnes
409 3309 438 3361 tc
448 3319 514 3362 esse
525 3319 623 3360 atrium
635 3308 664 3359 et
676 3319 784 3362 omum
797 3307 961 3360 bantinum
979 3308 1084 3360 lesum
1101 3307 1257 3362 Christum
1265 3323 1325 3376 per

10 3414 51 3475 υ
68 3406 228 3477 infinita
237 3408 368 3461 ademtae
379 3408 588 3461 sacculorum.
601 3406 706 3459 Amen.
718 3408 749 3458 Et
761 3407 849 3458 statinr
862 3405 896 3457 ds
909 3408 965 3459 oris
977 3408 1037 3471 ojus
1046 3414 1126 3472 sputo
1137 3410 1221 3476 tetigit
1231 3410 1325 3461 oculos

10 3480 12 3527 ἶ
66 3512 157 3578 ejus,
172 3509 328 3573 lumenque
342 3507 470 3573 pristinae
484 3506 676 3559 incolumitatis
689 3506 801 3571 accepit.
816 3508 940 3557 ¹astantes
953 3507 1003 3558 troc
1016 3507 1179 3559 mnamnnn
1190 3507 1323 3572 videntes,

65 3611 213 3667 ruerunt
225 3607 304 3671 proni
326 3607 353 3658 in
374 3613 485 3665 terrain.
507 3612 614 3672 {rectora
638 3606 820 3671 permittentes
838 3620 868 3657 ar
888 3605 1010 3658 (licentes
1024 3622 1030 3657 :
1045 3606 1088 3660 Sit
1101 3582 1211 3660 acumen
1224 3611 1322 3672 tarum,

63 3713 181 3773 Deus,
194 3703 397 3771 baudarum,
411 3705 467 3772 qui
481 3719 538 3760 nos
556 3703 694 3758 visitasti
713 3704 835 3757 meritis
853 3704 957 3758 salicti
973 3705 1109 3773 episcopi
1123 3707 1231 3760 Pauli.
1250 3708 1322 3760 Per·

64 3809 162 3867 aaut
189 3804 370 3858 senatuum
389 3804 634 3870 daemoniorum,
653 3805 787 3870 pereant
807 3804 862 3870 atti
883 3817 944 3857 raon
963 3805 1095 3857 credunt
1116 3808 1212 3860 metm
1234 3821 1323 3874 ortem

10 3912 50 3987 β
59 3902 266 3983 praecluet
276 3916 385 3958 savus
397 3904 453 3958 Dei
463 3905 597 3958 Paulus.

10 4006 15 4055 .'
106 4010 149 4063 5.
164 4003 325 4061 Proconsut
336 4004 504 4071 Sampricius
515 4005 637 4070 ejusdcm
650 4003 776 4066 civitatis,
791 4003 881 4055 rnissis
894 4004 1093 4070 apparitoribus
1104 4007 1185 4071 jussit
1199 4014 1322 4060 sanctum

10 4080 14 4161 ἶ
64 4111 127 4169 ω
140 4105 411 4164 asseverarent
433 4105 473 4158 sn
492 4105 549 4158 an:
567 4104 660 4169 orum
678 4102 815 4157 trainam
835 4103 949 4156 esrem
973 4105 1017 4156 nn
1032 4121 1038 4156 :
1053 4105 1177 4159 nautea
1198 4108 1323 4162 noctur.

10 2678 21 2713 h

10 4204 23 4277 i
61 4214 107 4275 Β
120 4208 177 4265 itte
193 4221 203 4258 ε
217 4204 269 4259 lta
279 4217 342 4271 qua
349 4203 500 4272 propende
510 4203 566 4257 esi
579 4202 727 4269 Respondit
740 4200 839 4254 Paulus
853 4216 859 4253 :
872 4203 921 4255 En
931 4202 1079 4269 partibus
1098 4206 1324 4259 transmari-nis

10 4288 16 4323 '
64 4304 249 4378 aquitane
260 4301 365 4356 sancti
375 4301 474 4355 Pauli
485 4302 620 4369 apostoli
631 4300 691 4354 decc
711 4300 782 4354 veui
788 4314 850 4367 pro
870 4304 1041 4355 vestrorum
1053 4304 1192 4357 orttrtium
1209 4307 1297 4359 salut
1316 4346 1323 4358 .

58 4402 239 4467 moenem
251 4407 343 4456 autem
355 4402 444 4454 iratus
452 4400 534 4466 jussit
553 4402 679 4454 oatbomo
701 4414 764 4453 euru
785 4400 926 4466 suspendi.
940 4403 986 4453 Cui
1002 4403 1040 4454 sic
1059 4404 1096 4457 ait
1110 4419 1116 4454 :
1130 4405 1241 4471 Paule,
1255 4417 1323 4459 corr·

59 4508 149 4567 sule
161 4508 245 4559 tuae
249 4499 502 4571 pulchritudini,
516 4502 551 4553 ut
562 4513 602 4553 ue
607 4500 727 4567 perdas
741 4500 841 4552 liccem
853 4499 1130 4567 vitaepraescntis.
1145 4504 1192 4556 dui
1212 4510 1322 4557 sanetus

61 4607 184 4666 nulus
200 4620 208 4656 ε
227 4603 273 4658 iu
285 4599 418 4657 canate
428 4598 580 4653 seruetuti
592 4600 683 4664 tuae,·
695 4596 771 4664 quia
787 4596 818 4650 si
833 4610 896 4650 non
908 4596 1113 4665 sauriacum
1131 4601 1195 4656 tuis
1207 4603 1325 4656 doerrto
