3136 5482
531 335 657 386 darno.
677 336 779 386 GODD.
801 336 976 388 HAGIOGR.
994 337 1077 389 LAT.

390 504 467 556 llunc
478 504 686 573 contemplator,
700 506 855 572 Benedicte‚
868 505 964 561 salutis
976 512 1093 561 amator.

39 604 145 679 ‘codd
388 602 497 654 tetlous
510 608 537 656 et
546 603 630 670 gestis
643 605 652 623 ·
665 603 706 657 lac
721 606 830 658 laurus
842 605 879 658 sit
889 605 940 659 tihi
953 607 1040 659 testis.

51 672 135 723 sesus·
389 700 520 754 insistunt
532 702 643 768 psalmis
656 703 753 757 iratres
764 709 792 757 et
804 702 902 758 ritibus
915 704 1006 763 almis.

390 801 491 853 institit
503 802 607 855 insanis
619 808 645 855 et
659 802 741 856 rebus
752 808 875 870 apostata
887 805 982 869 tanis3

7 894 190 970 sequunturi.
391 901 477 967 ilique
488 901 586 954 ducem
598 901 703 955 clarum
716 904 881 956 comitantur
894 905 912 969 ¹,
925 908 952 956 et
965 904 1008 956 iric
1019 905 1216 958 tenebrarum.

389 1003 456 1053 llum
469 1001 550 1053 trahit
564 1000 597 1053 ad
610 1001 720 1053 solitum
733 1001 844 1055 tratrem
857 1014 955 1055 manus
968 1003 1078 1057 horrida
1092 1000 1194 1069 ritum,

390 1102 513 1152 Fratrum
527 1099 661 1152 nutricius
673 1102 682 1120 ·
694 1099 826 1152 damnum
839 1113 895 1154 non
908 1101 1019 1168 pertulit
1030 1101 1125 1169 hujus.

389 1197 557 1264 discipulum
570 1199 692 1249 liaurum
707 1202 784 1251 vocat
798 1198 842 1251 liic
855 1203 883 1250 et
894 1198 1101 1266 Pompeianum,

393 1299 426 1350 tit
437 1296 642 1351 demonstretur
653 1296 716 1364 quis
728 1297 763 1349 sit
774 1296 841 1364 dux,
854 1311 937 1365 quem
950 1299 1104 1354 comitetur.

388 1395 441 1449 Sed
453 1395 559 1449 meritis
571 1409 635 1448 vere
646 1396 771 1461 diversis,
785 1395 878 1461 credo,
891 1397 968 1451 luere
981 1413 989 1450 :

384 1496 450 1548 Nam
463 1497 572 1548 llaurus
583 1494 679 1562 quivit,
692 1495 839 1562 sociusque
850 1495 944 1551 videre
957 1498 1092 1565 nequiuit.

387 1597 456 1648 ilum
468 1594 545 1657 testis
558 1592 636 1648 tieret
647 1596 757 1647 llaurus
769 1596 947 1663 llaurumque
959 1595 1074 1660 videret,

386 1695 503 1753 Perculit
515 1697 655 1746 errantem
668 1694 742 1761 virga
754 1698 832 1760 pater
844 1699 926 1761 atque
937 1700 1081 1764 vagantem
1095 1712 1102 1747 ε

387 1795 444 1845 linx
455 1792 523 1861 tuqit
535 1792 696 1858 abstractus,
710 1792 792 1845 simili
804 1792 883 1860 quasi
896 1795 1010 1849 verbere
1022 1799 1131 1860 tactus;

386 1893 417 1945 lit
429 1891 469 1945 slc
481 1899 592 1945 curatus
604 1892 697 1956 trater,
711 1892 750 1945 sic
762 1896 803 1946 est
814 1899 955 1959 reparatus

385 1990 535 2045 Amborum
548 1992 652 2045 meritis
664 1997 691 2044 et
705 1991 824 2058 palmitis
836 1997 864 2046 et
876 2006 957 2059 prece
968 1994 1040 2057 ritis,

389 2092 444 2143 lioc
455 2089 569 2144 credant
580 2090 691 2158 quique,
704 2089 824 2144 doctoris
836 2091 1025 2160 discipulique,

389 2189 472 2242 ltauri
485 2188 615 2255 praedicti
629 2189 772 2256 sanctique
784 2189 834 2242 viri
849 2191 998 2245 Benedicti.

291 2287 384 2353 Olli).
419 2289 493 2342 idem
505 2290 552 2355 qui
566 2294 657 2354 patres
668 2301 774 2353 omncs,
788 2288 931 2355 advertite,
944 2291 1041 2345 tratres
1058 2308 1064 2342 :

387 2389 518 2451 Quattuor
530 2388 573 2440 nic
584 2393 660 2455 grate
672 2386 707 2439 de
720 2388 778 2441 solo
790 2389 866 2457 signa
878 2393 981 2443 notate.

390 2490 457 2541 lium
469 2487 669 2554 contemplatur
680 2487 807 2541 caelestia
819 2487 941 2556 dumque
952 2494 1075 2543 moratur

390 2589 419 2638 ln
431 2586 501 2640 cella
513 2599 621 2639 morum
633 2585 709 2640 laber
721 2594 748 2640 et
760 2588 901 2654 speculum
916 2589 1125 2647 monachorum.

390 2686 495 2738 Patricii
509 2685 632 2738 Placidus
649 2685 762 2738 Tertulli
775 2684 870 2739 nobile
882 2686 990 2753 pignus,

389 2786 421 2837 lit
435 2797 504 2850 puer
517 2789 598 2850 atque
610 2784 661 2836 riri
675 2784 762 2836 sancti
776 2785 927 2838 monachus
941 2785 1091 2847 denedicti,

386 2886 463 2947 oum,
477 2882 550 2949 quod
564 2882 685 2935 hauriret
697 2883 799 2948 latices,
814 2888 995 2950 properanter
1012 2884 1113 2943 adiret.

388 2982 498 3034 Labitur
510 2979 539 3033 in
553 2978 676 3045 durium,
690 2980 754 3033 duur
769 2993 815 3034 ras
827 2981 940 3033 dimittit
952 2981 980 3034 in
994 2981 1082 3041 illum,

386 3079 513 3141 Quamvis
526 3081 643 3142 incauto,
658 3085 750 3132 tarucn
762 3079 797 3131 ad
810 3079 942 3133 miracula
953 3079 1035 3133 laute.

387 3182 446 3230 tam
459 3178 532 3232 lacus
544 3179 618 3231 hunc
631 3183 735 3231 tantum
748 3179 858 3243 rapiens
871 3177 995 3231 volvebat
1007 3179 1037 3230 in
1049 3178 1149 3235 altum,

389 3280 523 3340 Quantum
535 3277 663 3329 dimissae
675 3289 771 3329 cursus
783 3276 852 3330 solet
863 3290 923 3331 esse
940 3277 1063 3346 sagittae.

392 3378 436 3428 list
448 3383 524 3442 pater
537 3376 655 3439 inseite,
668 3389 729 3428 cum
744 3376 867 3429 noscitur
880 3376 930 3429 ista
943 3376 1050 3430 novella
1063 3380 1072 3396 ·
1088 3394 1094 3427 ;

390 3476 514 3540 Spiritus,
529 3475 600 3527 haud
612 3475 691 3537 alius,
706 3472 736 3524 tlt
750 3473 811 3527 lacti
825 3474 938 3527 nuntius
951 3474 1043 3541 nujus.

391 3574 557 3640 discipulum
568 3587 662 3627 carum
676 3580 754 3627 vocat
765 3573 799 3625 ad
813 3574 943 3626 miracula
955 3572 1061 3627 clarum
1075 3591 1081 3625 :

393 3674 498 3740 curre,
509 3674 620 3739 jubens,
633 3664 745 3725 Maiore
755 3689 764 3739 ;
776 3673 945 3727 Placidum
957 3686 1034 3726 nam
1046 3675 1054 3689 ·
1066 3672 1162 3728 riom
1174 3680 1206 3730 et
1219 3690 1327 3731 aurae

392 3774 484 3832 Quem
495 3772 812 3839 sccdtraxeruut,jam
825 3771 951 3840 lonqiue
963 3784 1032 3827 ecce
1043 3772 1205 3829 tumne.

388 3872 454 3924 llira
467 3871 534 3926 tides
547 3874 641 3938 llauri,
655 3871 835 3939 mirandaque
844 3874 921 3939 jussa
933 3872 1066 3941 magistri,

389 3972 472 4023 llauri
485 3973 615 4037 parentis,
629 3969 767 4023 Benedicti
782 3971 982 4038 praecipientis.

390 4069 543 4138 ingreditur
557 4076 659 4124 temere
672 4068 785 4124 fluvium
799 4071 942 4138 nescitque
956 4071 1065 4125 timere.

389 4170 419 4221 ln
433 4169 535 4236 liquido
548 4168 666 4222 solidum
680 4169 735 4222 duo
747 4168 857 4223 condita
871 4168 996 4223 condidit
1007 4181 1097 4223 unum
1111 4189 1120 4235 ;

388 4269 475 4321 Nescit
487 4267 588 4321 divisos
601 4268 694 4321 latices
707 4269 734 4320 in
747 4269 853 4336 origine
863 4269 953 4335 visos3

388 4368 437 4419 Per
448 4366 582 4434 liquidum
596 4366 699 4420 iontem
711 4365 812 4420 solidat
825 4365 924 4421 tiducia
937 4373 1059 4434 pontem.

387 4465 454 4530 lirqo
467 4463 535 4518 tides
548 4464 638 4518 undas
649 4464 713 4518 terit
725 4464 877 4519 indubitata
890 4464 1049 4532 prollrndas.

386 4562 543 4615 Extrahitur
554 4562 698 4628 Placidum
711 4563 780 4630 gerit
793 4563 870 4615 illurn
882 4566 972 4617 navita
983 4562 1070 4633 fidus,
