3136 5482
281 317 375 366 eren.
395 319 477 368 nar.
495 320 614 372 erare.
632 343 678 354 —
695 325 848 376 asenne.
868 330 916 378 nn
934 330 1011 380 con.
1033 331 1092 382 rto.
1269 323 1311 388 15

55 478 145 539 luisse
158 481 190 533 in
202 482 263 536 alio
276 481 347 538 lihro
357 502 366 550 ;
375 486 422 539 sed
434 485 492 540 haee
501 491 600 555 perta,
611 490 639 544 ni
654 491 785 556 fallimur,
796 496 928 551 hactenus
938 498 1031 554 latent.
1046 505 1148 570 itaque.
1163 504 1310 561 deficiente

53 577 111 632 alio
122 580 286 647 antiquiori
298 583 463 638 documento
474 585 508 639 de
520 590 548 641 s.
561 589 692 650 valerico,
709 590 783 646 hune
794 607 951 650 sermonem
964 598 1099 667 integrum
1122 603 1166 656 hic
1178 606 1308 659 exhihere

54 678 145 731 visum
157 687 216 733 est.

583 873 815 886 ———.

422 1103 633 1215 Appendix
662 1107 712 1193 od
742 1107 825 1197 cod.
861 1106 956 1195 740.

367 1296 453 1357 vica
473 1298 590 1357 mou
609 1300 766 1360 vuemo
787 1301 1012 1362 concessoris
1063 1353 1067 1361 .

93 1499 208 1553 Lectio
221 1503 247 1554 1.
259 1504 372 1554 —cum
396 1503 512 1571 perutile
532 1505 579 1567 sit,
595 1505 729 1558 carissimi
752 1506 859 1570 iratres,
881 1499 1086 1572 admodumque
1108 1504 1253 1558 honestum
1268 1506 1303 1558 ad

61 1600 199 1652 mentium
211 1600 432 1656 aedificationem
457 1601 577 1656 ildeilnm
601 1604 696 1657 inclita
719 1604 826 1670 plorum
851 1608 926 1671 gesta
950 1609 1057 1670 patrum
1080 1602 1115 1656 ad
1144 1602 1303 1656 memoriam

60 1699 208 1761 reducere,
221 1712 278 1752 non
296 1701 439 1768 indignum
463 1715 553 1769 neque
574 1703 755 1771 incongruum
778 1703 841 1756 stilo
852 1708 935 1768 atque
949 1701 1098 1756 memoriae
1111 1703 1304 1755 commendare

29 1799 48 1847 5
63 1798 185 1865 alicuius
198 1799 364 1876 sanctissimi
375 1800 427 1852 viri
439 1799 512 1853 diem
530 1800 711 1855 dedicationis
729 1802 872 1855 reverendi
885 1801 1069 1854 venerabilem
1084 1801 1187 1866 tempii,
1202 1805 1232 1852 ut
1243 1799 1305 1867 qui·

63 1911 122 1965 que
133 1899 189 1951 diei
200 1898 274 1952 illius
286 1913 423 1953 memores
436 1899 542 1969 longim
555 1902 717 1967 propriusve
727 1903 879 1959 venientes.
892 1901 976 1954 dehiti
991 1907 1053 1954 vota
1067 1901 1215 1965 solventes,
1229 1900 1303 1967 larga

65 1998 145 2063 potiti
166 1997 360 2052 benedictione
378 1997 500 2052 divinam
522 1988 679 2053 mereantur
699 2002 823 2067 accipere
843 2000 957 2067 gratiam
980 1999 1180 2065 Redemptum,
1200 2000 1244 2053 eui
1262 1999 1301 2051 nil

64 2095 180 2161 accidit,
192 2097 260 2149 nihil
274 2098 385 2164 reoedit,
404 2097 497 2152 omnia
510 2099 561 2152 rite
573 2099 688 2166 regenti,
701 2099 749 2166 qui
770 2106 868 2153 cuncta
881 2111 916 2152 ex
938 2097 1026 2151 nihilo
1039 2099 1112 2150 hona
1130 2096 1257 2150 formavit
1274 2098 1302 2151 in

64 2191 205 2260 principio
228 2192 263 2246 ad
287 2207 422 2262 suamque
448 2195 658 2249 similitudinem
683 2195 831 2262 condidi[t]
856 2196 1006 2258 hominem,
1031 2195 1223 2248 damnatorum
1247 2195 1305 2248 viee

13 2291 48 2341 iti
63 2293 229 2360 angelorum
249 2294 349 2347 decimi
372 2295 415 2348 sui
436 2295 542 2350 ordinis
556 2311 563 2348 :
577 2309 632 2363 qua
649 2295 736 2358 dere,
750 2295 857 2357 iratres,
871 2300 898 2348 et
917 2295 996 2361 quasi
1015 2294 1096 2346 tacita
1117 2292 1307 2346 adhortatione

63 2392 201 2458 monitus,
213 2398 329 2447 conatus
341 2408 402 2447 snm
415 2394 470 2447 stili
482 2393 571 2448 oilleio
584 2401 723 2463 posterum
743 2397 891 2449 memoriae
908 2394 981 2448 diem
995 2398 1021 2447 et
1043 2399 1151 2460 tempus
1168 2406 1223 2460 quo
1241 2398 1308 2447 tem·

62 2492 142 2559 plum
155 2497 261 2546 censat
273 2506 334 2546 esse
344 2493 499 2546 dedicatum
513 2493 586 2547 heati
598 2494 712 2548 valerici
725 2493 846 2548 hreviter
858 2498 1007 2560 aperteque
1019 2493 1159 2545 mandare.

97 2589 212 2644 Lectio
224 2594 264 2644 11.
276 2593 416 2659 -ltaque
435 2592 625 2646 beatissimum
647 2592 855 2662 magnificemur
874 2593 1024 2646 valericum
1048 2592 1076 2643 in
1099 2591 1182 2644 terris
1200 2590 1307 2643 ilomlni

62 2689 265 2756 confessorem,
283 2696 313 2742 ut
333 2691 362 2744 in
383 2692 539 2745 caeliseutn
562 2705 717 2747 mereamur
739 2694 840 2746 hahere
860 2693 1080 2746 intercessorem.
1103 2691 1155 2744 Sed
1176 2691 1252 2756 prius
1272 2690 1307 2743 de

13 2793 47 2842 td
62 2789 172 2844 divinis
180 2792 262 2858 gestis
274 2792 309 2846 ad
320 2793 435 2858 gloriam
448 2799 476 2846 et
487 2793 621 2846 honorem
634 2793 780 2847 salvatoris
792 2796 820 2846 et
832 2793 1014 2845 reverentiam
1027 2791 1099 2845 beati
1114 2790 1229 2844 valerici
1242 2803 1307 2843 eon·

61 2889 183 2943 sessoris
192 2888 296 2956 aliquid
308 2891 464 2944 summatim
478 2891 661 2959 perstringere
672 2898 699 2944 et
710 2891 808 2944 vestris
837 2889 952 2944 aurihns
964 2889 1099 2943 instillare
1109 2888 1263 2957 aggrediar,
1277 2894 1307 2941 ut

61 2993 179 3042 nostrae
190 2987 324 3042 rectitudo
345 2989 477 3043 orationis
502 3003 565 3043 eum
586 2989 705 3057 quadam
732 3003 829 3043 norma
850 2989 978 3054 procedat
998 2993 1088 3042 rectae
1100 2985 1304 3055 descriptionis.

61 3088 138 3140 ileus
151 3085 234 3154 igitur
245 3087 369 3140 omnium
389 3093 506 3146 creator.
521 3087 582 3141 lons
593 3088 681 3151 vivus,
693 3087 780 3152 origo,
793 3086 856 3138 dnis
875 3093 902 3138 et
919 3084 1065 3152 sapientia,
1079 3086 1173 3151 poium
1186 3096 1306 3151 arvaque

59 3197 95 3239 ae
116 3185 248 3250 abyssum
267 3197 329 3237 cnm
341 3198 449 3238 summa
467 3183 537 3252 regit
548 3185 687 3252 valentia;
702 3184 826 3252 lymphas
840 3185 941 3251 quippe
959 3183 1070 3236 metitur
1088 3182 1202 3250 pugillo,
1215 3182 1306 3236 caelos

11 3292 43 3344 ω
58 3282 201 3352 ponderat
221 3283 322 3351 palmo,
336 3289 443 3337 montes
464 3283 557 3347 lihrat,
570 3285 655 3338 colles
673 3291 778 3349 pensat,
791 3284 906 3336 strictim
930 3283 1055 3336 continet
1067 3288 1193 3348 pontum,
1206 3286 1305 3333 cuneta

57 3391 154 3438 terrae
163 3383 294 3449 appendit
304 3383 393 3437 trihus
404 3383 498 3451 digitis
510 3384 646 3450 pondera3
657 3384 700 3436 cui
714 3396 791 3450 reges
802 3383 950 3448 cunctique
960 3387 1096 3448 potentes,
1104 3379 1195 3433 omnis
1208 3378 1304 3432 sedula

56 3484 142 3536 turha
163 3483 245 3535 dehet
265 3482 336 3536 colla
356 3497 480 3545 curtare,
493 3483 575 3537 corda
598 3483 728 3549 pandere,
741 3496 825 3535 curva
847 3483 956 3535 liectere
977 3493 1075 3549 genua,
1100 3479 1229 3546 quoniam
1249 3479 1303 3530 ele·

57 3588 155 3635 menta
167 3580 296 3634 deserunt
312 3582 364 3635 sibi
377 3588 474 3635 cuncta
496 3583 639 3649 obsequia.
654 3584 714 3647 lpse
734 3580 854 3648 denique
875 3582 928 3647 poli
951 3587 1038 3634 rotam
1056 3578 1137 3631 finxit
1154 3576 1300 3643 singularis

55 3681 171 3742 artilex,
185 3680 363 3748 interponens
385 3682 435 3748 ipsi
455 3688 554 3734 terram
577 3681 670 3747 puncti
690 3680 724 3733 ad
744 3680 967 3749 imaginemque
989 3691 1043 3730 non
1059 3678 1159 3730 celsior
1181 3676 1299 3740 excellit,

11 3786 40 3836 Β
55 3779 196 3848 quoniam
207 3781 302 3832 subest
315 3778 440 3833 interior.
453 3782 540 3845 super
551 3780 598 3832 ille
610 3785 702 3833 manet
722 3792 819 3846 perpes
830 3780 884 3832 alto
903 3776 986 3830 nixus
1005 3775 1086 3835 solio,
1100 3788 1190 3829 rerum
1207 3772 1300 3827 mode-

55 3892 126 3933 rans
140 3879 265 3932 habenas
273 3879 303 3932 in
314 3880 426 3945 proprio
438 3879 625 3946 principaliter
636 3878 753 3945 adectu3
767 3884 843 3932 tonat
857 3877 923 3930 inde
936 3877 1035 3939 trinus,
1049 3874 1207 3928 individuus
1217 3879 1301 3939 atque

55 3983 201 4033 coruscat.

88 4076 205 4130 Lectio
217 4078 273 4130 111.
288 4105 319 4115 -
331 4077 431 4130 Videns
442 4077 566 4130 deditum
579 4081 706 4130 aeternae
720 4076 779 4129 neci
794 4077 944 4128 humanum
965 4086 1061 4140 genus,
1075 4070 1140 4124 inde
1156 4068 1300 4123 descendit

52 4175 85 4230 in
97 4175 231 4229 tellurem
240 4181 355 4243 quaterno
367 4177 402 4230 ah
413 4177 499 4243 apice,
507 4176 626 4229 hominis
640 4174 753 4228 sormam
763 4174 892 4239 suscepit,
900 4185 934 4225 ex
946 4173 1065 4224 intactae
1073 4167 1190 4237 virginis
1199 4170 1300 4233 [utero]

12 4280 36 4332 id
50 4288 136 4330 suam
154 4272 239 4327 nobis
251 4274 347 4326 tribuit
358 4273 528 4327 divinitatem
541 4280 718 4340 nostramque
734 4272 853 4338 suscepit
871 4269 1080 4323 humanitatem.
1093 4271 1195 4320 Tamen
1207 4279 1299 4333 neque

48 4374 241 4430 intentionem
255 4372 297 4426 vel
312 4371 506 4427 remissionem
525 4372 586 4439 plus
602 4373 829 4438 minusve,qna1n
840 4375 904 4422 ante
916 4368 1025 4422 saecula
1045 4367 1168 4429 haberet,
1183 4364 1296 4432 accepit.

50 4473 132 4529 linda
150 4470 326 4538 baptismatis
339 4471 427 4526 voluit
445 4471 592 4538 purillcari,
606 4471 653 4539 qui
670 4484 820 4538 numquam
838 4465 1000 4536 [peecatum]
1014 4466 1108 4519 hahuit
1124 4479 1176 4518 nec
1197 4465 1298 4519 habere

48 4571 155 4644 potuit
169 4572 210 4625 td
223 4571 352 4626 ultimum
364 4584 413 4638 pro
424 4572 567 4626 hominum
580 4571 667 4625 salute
679 4571 802 4638 permisit
813 4583 843 4623 se
852 4570 886 4622 ah
899 4567 1024 4636 i[ni]quis
1032 4565 1164 4634 cruciligi.
1174 4567 1297 4618 liortuus

1255 5026 1457 5154 Λ
