3156 5452
273 331 365 380 ιιιι.
383 330 467 380 nar.
485 330 602 380 ranis.
620 352 666 361 —
680 332 835 382 areuna.
855 332 902 380 an
919 331 996 380 oon.
1016 326 1074 377 ιιι.
1247 311 1291 375 37

272 496 350 564 [LX]
367 499 413 549 De
430 497 640 575 vexato-xxii
657 497 859 562 septimanas
876 512 898 551 u
915 499 1078 560 doemone,

422 610 444 649 u
460 599 556 650 beato
573 598 705 650 clauuto
723 599 862 650 liberato
878 599 925 662 (1).

10 708 28 743 t
127 696 227 759 Sequenti
238 696 279 748 die
293 696 410 748 eandem
422 696 552 761 applicuit
564 698 708 749 eeclesiam
717 697 890 757 viralius,de
899 699 1041 764 Gyuriaeo,
1050 696 1180 749 Girardus
1194 697 1290 761 Guyotl

10 834 32 841 -
106 795 230 857 mahein
248 796 383 848 consimili
402 796 495 862 populi
515 798 680 862 praesentia.
694 810 767 849 anne
786 797 894 858 eodem,
908 801 1037 849 attestans
1056 811 1117 849 rum
1134 799 1292 862 juramento

82 891 157 960 bquotl
166 894 263 947 callidus
275 896 387 947 humani
399 895 510 962 generis
521 899 676 961 temptator,
689 902 720 947 ut
732 897 775 949 leo
788 897 899 963 rugiens
915 909 1051 963 quaerens
1069 910 1152 962 quem
1169 896 1291 958 devoret,

10 1026 13 1031 ·
105 1004 175 1058 eorpus
190 994 267 1060 ipsius
288 994 411 1046 testantis
431 1000 543 1060 repente
566 994 675 1047 intrarit
693 999 721 1047 et
739 996 882 1047 tormentis
905 996 1051 1047 aerissimis
1072 996 1164 1062 viginti
1186 994 1292 1046 duabus

20 1101 27 1135 ·.
103 1091 222 1156 septimanis
239 1093 408 1144 incessanter
427 1093 548 1144 animum
576 1106 639 1144 eum
664 1106 780 1158 corpore
800 1094 917 1145 vexavit.
938 1093 1059 1146 Tandem
1083 1107 1133 1158 per
1153 1097 1290 1158 parentes,

10 1199 29 1233 '-·
102 1189 190 1244 menes
200 1197 395 1245 tormentorum
408 1192 489 1258 hujus
501 1194 628 1258 patientis
647 1193 850 1245 multitudinem
869 1195 1128 1260 insupportabilium
1147 1192 1292 1245 aturbone

10 1299 27 1334 'r
101 1290 259 1356 impensorum,
273 1290 399 1345 inanibus
418 1293 548 1358 impensis
567 1299 594 1345 et
606 1307 672 1347 voce
691 1293 850 1347 lacrimabili
864 1297 949 1348 boum
969 1302 997 1348 et
1008 1296 1117 1347 beatum
1136 1294 1289 1357 Claudiurn,

16 1400 24 1433 -·
55 1386 121 1441 -ttu
132 1392 178 1456 ejus
192 1391 432 1444 intercessionibus
450 1392 608 1444 incolumen
630 1392 766 1457 redderet,
786 1393 978 1456 reclamarunt,
992 1407 1088 1446 sensus
1107 1394 1289 1459 recuperatio·

99 1495 171 1541 leuet
181 1491 280 1541 inimici
293 1490 416 1555 corporis
428 1490 594 1566 fugationem
614 1478 753 1543 humiliter
765 1490 963 1555 deposcentes:
978 1496 1092 1558 postque
1105 1489 1205 1544 modici
1219 1495 1285 1543 tem·

10 1654 12 1663 Ι
98 1586 148 1649 pods
156 1588 263 1652 spatium
275 1600 292 1638 a
303 1585 446 1639 daemonis
458 1587 600 1639 vexatione
613 1585 750 1639 dimissus.
763 1589 842 1640 ilnno
854 1593 883 1640 ut
895 1601 987 1654 supra.
1001 1591 1030 1641 P.
1044 1587 1182 1640 Gaillardi.

153 1685 245 1753 [ml
263 1684 401 1749 Quidam
417 1683 454 1736 xi
470 1684 564 1737 annis
581 1685 824 1751 spumatoribuu
840 1686 942 1739 muris
959 1686 993 1738 in
1010 1685 1214 1752 compedibus

154 1783 268 1837 invitus
284 1783 442 1846 servieus,
459 1797 563 1848 parvo
580 1784 682 1837 modio
693 1797 715 1837 a
726 1786 823 1838 beato
835 1785 968 1838 claudio
978 1787 1139 1839 liberatur·
1150 1785 1201 1850 (2).

10 1898 15 1915 =
60 1882 89 1935 lb
119 1882 252 1937 lneeelesia
264 1884 337 1935 beati
350 1882 464 1947 Claudii,
476 1886 619 1936 attestante
631 1886 739 1936 lloneto
752 1884 848 1937 Clerici
861 1887 945 1950 llycre
958 1897 1021 1936 cum
1031 1885 1187 1950 juramento
1200 1897 1289 1937 sacro·

98 1982 168 2033 unus
177 1981 321 2050 evangeliis
333 1982 420 2047 tactis,
434 1983 499 2034 anni
512 1983 597 2048 elapsi
614 1982 744 2034 undecim
758 1988 915 2050 pergentem
928 1983 1017 2036 l'iciae
1031 1984 1125 2048 patria,
1139 1997 1189 2048 per
1200 1983 1289 2050 pelagi

10 2084 15 2095 “
97 2085 230 2142 quereres
242 2080 454 2133 Gathelanorum
473 2081 576 2146 patriae
595 2083 753 2147 captivatus,
766 2086 794 2132 et
812 2080 942 2133 undecim
962 2083 1042 2133 annis
1062 2081 1168 2133 delatus
1180 2083 1209 2134 in
1227 2082 1289 2133 nari

10 2178 13 2209 ῑ
98 2176 229 2241 compeditus
246 2190 341 2245 grossa
353 2177 419 2229 ferri
438 2184 533 2230 catena
552 2191 634 2243 super
655 2178 771 2230 alterum
791 2192 903 2231 suorum
923 2178 1034 2244 pedum,
1053 2183 1080 2230 et
1099 2178 1166 2230 inibi
1187 2177 1288 2230 sudore

10 2274 13 2279 '
42 2290 46 2297 ·
97 2283 167 2339 utrm
177 2275 395 2342 diversarumque
407 2276 643 2330 verberaturarum
657 2281 683 2329 et
695 2290 846 2343 poenarum
859 2279 985 2343 passione
999 2277 1045 2329 illo
1059 2277 1209 2342 permansit
1222 2281 1288 2328 tem-

45 2366 153 2434 'flpore
168 2376 216 2438 buo
235 2375 361 2438 durante,
380 2387 435 2427 non
456 2375 516 2427 sinc
535 2375 600 2428 tletu
621 2379 648 2427 et
667 2376 772 2427 tristitia
791 2377 906 2442 plusque
925 2376 1017 2428 animo
1036 2375 1285 2440 contemplativo,a

10 2474 12 2491 ³
98 2468 137 2521 beo
148 2473 246 2540 ejusque
257 2474 418 2542 genitricem
431 2479 458 2526 et
476 2450 586 2527 beatum
605 2474 747 2527 Claudium
771 2489 810 2540 se,
823 2480 853 2527 ut
870 2488 886 2527 a
904 2475 1006 2527 viribus
1023 2474 1132 2526 illorum
1149 2475 1288 2539 eriperent

12 2584 15 2588 ·
97 2572 207 2637 redeam,
225 2572 435 2627 commendarit.
456 2572 546 2626 Altera
565 2583 655 2626 autem
674 2575 798 2640 sequenti
818 2574 873 2631 dic,
893 2575 939 2626 bei
958 2574 1151 2640 genitricisque
1170 2576 1197 2624 et
1214 2572 1285 2624 beati

10 2671 13 2685 ¹
95 2663 172 2720 tuctu
182 2671 379 2736 praedictorum
388 2673 537 2737 juvamine.
552 2672 642 2725 medio
655 2675 664 2693 ·
676 2674 759 2725 unius
776 2674 926 2738 parvissimi
945 2672 1036 2725 eutelli
1050 2672 1154 2723 terrum
1172 2677 1285 2723 catenae
1302 2668 1383 2744 'unc
1396 2667 1463 2719 aud·

41 2768 44 2773 '
94 2761 247 2829 bpdnenti
265 2772 308 2823 sui
327 2771 415 2837 tregit.
435 2773 573 2837 Sequente
591 2785 656 2824 vero
678 2777 767 2836 noete,
787 2773 892 2838 hospite
917 2773 1061 2823 insalutato
1085 2772 1114 2822 in
1139 2770 1235 2837 pelago
1256 2737 1475 2865 somam

55 2857 190 2928 inquom
199 2871 314 2935 spatium
327 2870 441 2921 hilarem
454 2874 562 2935 portum
574 2872 717 2938 ilonegne,
730 2884 807 2922 suam
820 2871 884 2922 satis
902 2884 986 2936 prope
1005 2871 1129 2936 patriam,
1144 2868 1283 2935 applicuit.
1335 2865 1436 2942 tepere

92 2959 207 3018 &dudm
224 2968 341 3020 eandem
361 2968 560 3034 peregrinando
579 2970 704 3034 pervenit
724 2969 878 3027 ecclesiam,
891 2970 989 3036 gratias
1002 2971 1057 3021 beo
1075 2974 1102 3020 et
1114 2968 1194 3020 heato
1207 2942 1484 3020 οΙιιιι-ἰθφηωηω

90 3054 138 3123 di⁰;
153 3067 174 3113 et
189 3065 322 3130 praedicta
343 3066 371 3116 in
390 3066 571 3131 plurimorum
592 3067 745 3132 praesentia
767 3067 846 3118 tortia
867 3066 1022 3118 novembris
1043 3080 1116 3119 anno
1137 3066 1284 3119 referendo

89 3158 208 3220 praedicto.
220 3167 248 3216 Ρ.
262 3163 401 3216 Galliardi.

214 3263 408 3314 Mla-aculam
426 3264 546 3327 [uxnp
564 3263 704 3327 Quidam
720 3265 880 3328 loquelam
897 3264 1125 3318 obscenitatem

45 3350 72 3407 tt
370 3374 469 3424 quam
487 3361 677 3425 perdiderat
692 3362 906 3427 recuperavit
916 3362 969 3426 (3).

108 3451 162 3514 0⁰1³
172 3457 238 3509 beus
249 3457 387 3510 interdum
399 3465 555 3512 sanctorum
568 3460 695 3525 precibus
707 3472 763 3513 non
783 3461 842 3513 vult
859 3461 1009 3527 peccatoris
1030 3461 1188 3512 erueionem
1200 3461 1281 3512 meri-

74 3557 152 3604 tomm
163 3557 313 3623 exigentem
325 3557 373 3608 sed
385 3563 457 3610 stare
469 3563 499 3610 ut
510 3565 692 3625 convertatur,
705 3561 801 3613 heatus
819 3561 877 3625 ipse
890 3559 1017 3612 Claudius
1035 3559 1069 3611 ad
1081 3565 1156 3626 grata
1168 3558 1280 3611 adluen-

68 3654 135 3706 tibus
145 3657 289 3720 persistens
307 3657 427 3710 tribuere
445 3671 569 3721 munera,
584 3671 639 3711 non
660 3659 799 3724 paulisper
817 3658 866 3711 sed
884 3657 1014 3722 armidcc,
1028 3663 1058 3711 ut
1075 3658 1204 3711 sathanae
1217 3671 1280 3711 eon·

63 3750 158 3807 tribdis
168 3758 194 3806 et
203 3755 312 3822 generis
324 3756 434 3807 humani
448 3755 620 3808 aduersarius
631 3758 791 3810 succumbat
808 3758 836 3808 in
855 3758 912 3810 suis
929 3758 1065 3823 perversis
1078 3758 1281 3824 negotialium

10 3860 40 3915 Ι
52 3866 156 3919 nuper,
167 3858 229 3906 ante
240 3853 350 3905 ceneris
362 3854 483 3919 proxime
497 3854 577 3911 lluxa.
590 3856 707 3909 lacobus
718 3856 844 3909 Richardi
863 3855 898 3908 de
915 3857 1073 3923 Trivlgnon,
1087 3857 1176 3909 subito
1189 3859 1281 3922 raptus

48 3953 163 4016 morbo,
175 3952 371 4020 propterquod
384 3967 440 4005 non
459 3959 563 4007 tantum
582 3956 705 4021 corporis
723 3959 855 4022 potestate
867 3954 916 4024 sed
934 3957 1015 4008 etiam
1028 3957 1138 4022 loquela
1150 3961 1177 4008 et
1189 3957 1281 4022 epula·

42 4067 113 4112 rum
125 4065 225 4118 sapore
236 4054 365 4119 privatus,
379 4054 505 4119 stetitque
517 4060 586 4107 statu
599 4068 633 4107 eo
645 4055 742 4108 diebus
754 4068 786 4107 ac
803 4056 936 4108 noctibus.
951 4055 1072 4108 Tandem
1086 4056 1196 4109 mentali
1215 4069 1279 4109 con-

39 4159 132 4220 ceptu
146 4157 238 4204 erecta
250 4151 284 4203 ad
298 4153 397 4204 mentis
409 4153 493 4217 ipsius
506 4155 591 4205 saneti
612 4153 715 4206 Claudii
734 4155 929 4207 convalescens
947 4155 981 4207 ab
999 4155 1182 4215 hebetatione,
1197 4156 1280 4224 digito

33 4254 124 4313 fratri
140 4264 192 4304 suo
204 4251 341 4315 praesenti
355 4250 547 4304 demonstrans
559 4252 675 4319 Virginis
687 4253 834 4320 imaginem
846 4267 896 4306 suo
906 4255 1030 4319 junctam
1043 4254 1115 4319 pileo
1128 4267 1191 4306 cum
1204 4255 1280 4321 signo

70 4529 111 4593 (ι)
130 4523 191 4576 err.
214 4523 290 4586 roro,
304 4539 331 4589 p.
344 4526 402 4589 ιιι,
416 4537 444 4577 n.
458 4526 499 4577 ιι.
525 4551 559 4563 -
583 4525 616 4587 e)
635 4524 689 4577 un.
711 4504 788 4588 roro,
803 4540 829 4590 p.
843 4527 901 4585 me,
916 4540 943 4577 n.
957 4528 999 4578 ao.
1024 4553 1058 4565 -
1083 4529 1117 4591 (ι)
1134 4528 1188 4581 un.
1202 4530 1280 4591 ιιιι..
1477 4574 1479 4578 ,

26 4634 62 4685 p.
78 4610 150 4668 065,
164 4619 194 4658 n.
208 4607 240 4658 bd
251 4611 321 4659 extr.
1474 4588 1482 4649 ¹

1473 4684 1482 4721 i
