3136 5482
162 306 229 372 536
508 317 632 368 cursu.
652 316 755 367 cono.
775 316 1050 368 exercentur.

160 491 342 557 firmaremus,
356 491 403 556 qui
426 491 498 541 nunc
519 487 659 541 infirmum
680 500 729 540 sua
751 487 873 555 largitate
894 488 1048 555 nutrierat;
1076 501 1162 556 quem
1175 488 1269 542 divina
1278 491 1378 556 potentia
1416 504 1418 511 ·

161 590 241 643 statui
255 586 410 641 restitutum
423 587 537 653 pristino
553 587 633 640 nobis
644 587 791 653 multisque
804 587 864 639 aliis
876 585 1004 641 fidelibus
1017 588 1214 655 praesentibus
1227 589 1294 642 vidit
1301 593 1324 642 el
1335 602 1378 641 cre

163 688 241 753 didit,
252 687 430 753 sanitatisque
441 664 627 739 restitutorem
645 699 706 739 oum
725 686 853 739 omnibus
871 687 1023 740 astantibus
1035 685 1215 740 collaudavit.
1229 688 1376 741 llultietian

162 787 207 840 alii
221 787 321 839 infirmi
335 785 490 852 huiusmodi
509 786 654 838 sanitatem
666 784 807 838 redierunt
816 784 851 838 ad
863 785 1014 851 pristinam.

195 888 258 951 [11.]
271 889 326 939 lloc
338 898 448 952 (quoquc
461 885 535 951 quod
548 884 659 939 relaturi
672 898 767 937 sumus
780 884 928 938 multorum
938 884 1129 950 astipulatione
1140 883 1269 939 fidelium
1277 888 1400 952 comprol

164 987 251 1039 batur.
265 985 513 1037 thessalonicensis
524 982 646 1050 quidam,
660 989 801 1037 senectute
814 990 841 1036 et
851 984 926 1050 lepra
939 996 1095 1050 oppressus,
1108 996 1306 1038 aemmnosam
1316 985 1378 1038 ntem

163 1085 276 1144 babens.
290 1084 443 1150 passionem
465 1084 603 1162 praesenti
624 1083 778 1136 sustinebat
798 1085 825 1135 in
846 1088 978 1149 tempore.
997 1084 1057 1149 cui,
1071 1083 1143 1136 sicut
1155 1082 1217 1150 ipse
1229 1084 1378 1151 postmodum

162 1184 308 1248 referebat,
321 1183 417 1235 beatus
428 1183 554 1235 Nicolaus
566 1182 594 1234 in
607 1183 711 1235 visione
723 1181 841 1248 quadam
853 1195 911 1235 non
924 1181 1010 1234 semel
1030 1195 1128 1235 verum
1147 1183 1307 1237 multotiens
1317 1195 1377 1248 appu·

162 1282 226 1348 ruit,
240 1283 386 1335 exhortans
398 1282 475 1333 illum
486 1286 516 1333 ut
536 1284 633 1334 barum
651 1281 713 1344 iret,
734 1280 780 1334 ubi
801 1287 911 1334 sanctus
928 1281 1053 1335 Nicolaus
1065 1285 1134 1347 erat,
1149 1282 1242 1348 quise
1255 1283 1341 1335 morbo
1352 1281 1377 1333 ab

162 1381 214 1434 isto
224 1386 333 1434 sanaret
346 1381 479 1433 horribili.
493 1385 632 1445 Quaerens
642 1381 734 1448 itaque
746 1393 843 1434 navem
856 1394 910 1447 qua
922 1382 1076 1447 veheretur,
1091 1381 1199 1434 invenit
1211 1379 1376 1435 tandemsed
1389 1380 1408 1430 u

163 1487 272 1545 nautae,
285 1481 331 1547 qui
355 1480 443 1532 barini
456 1485 544 1546 erant,
558 1480 774 1547 contemplantes
796 1485 869 1532 tauta
882 1479 1052 1546 praedictum
1065 1479 1210 1533 infirmum
1232 1482 1329 1547 talique
1342 1479 1376 1532 ob

163 1579 312 1633 scoenitate
325 1580 499 1638 maculatum,
513 1579 713 1632 exborruemnt
725 1579 815 1645 primo
826 1578 1066 1646 despexeruntque
1079 1592 1175 1632 secum
1189 1593 1240 1633 sua
1252 1578 1377 1647 portareir

95 1742 98 1747 ἡ
164 1685 230 1732 rate.
243 1679 347 1745 Quippe
359 1680 388 1730 in
401 1680 459 1746 lege
472 1680 557 1732 veteri
571 1679 687 1745 separati
700 1677 858 1745 hujusmodi
871 1692 886 1731 a
899 1678 1101 1732 cohabitatione
1110 1685 1269 1733 ceterorum
1280 1689 1377 1732 commo

164 1778 217 1832 rari
227 1779 395 1844 iubebantur
408 1791 445 1843 3a
467 1778 567 1844 populo
588 1779 670 1831 etiam
690 1790 765 1831 nunc
783 1777 856 1831 ildeli
877 1777 1046 1831 dirimuntur
1066 1783 1094 1830 et
1114 1791 1243 1832 seorsum
1265 1778 1376 1831 habitant

163 1878 238 1930 lllius
255 1881 345 1929 mmen
364 1875 568 1930 misericordiae
590 1878 674 1945 gratia
696 1877 818 1930 faventes
839 1877 1085 1943 supplicationibus
1105 1878 1210 1945 miseri,
1230 1879 1344 1944 puppim,
1354 1885 1377 1927 ut
1389 1874 1408 1925 tt

160 1978 314 2038 veheretur,
336 1977 441 2044 ingredi
461 1977 653 2042 permiserunt.
676 1977 725 2041 Qui
747 1979 845 2029 Barum
866 1976 1026 2041 adveniens,
1048 1980 1112 2030 ante
1128 1977 1233 2031 Nicolai
1245 1974 1376 2029 beatissimi

162 2090 262 2142 corpus
274 2077 401 2142 precibus
412 2082 441 2129 ct
449 2077 694 2144 supplicationibus
705 2077 803 2130 diebus
815 2077 920 2144 aliquot
932 2079 1032 2131 mansit
1043 2078 1167 2132 assidue.
1186 2081 1272 2144 Quem
1285 2076 1375 2145 plurimi

164 2177 357 2241 eximproviso
379 2176 605 2243 contemplantes,
628 2190 692 2242 prae
713 2177 899 2230 obscoenitate
920 2177 1044 2231 borribili
1064 2177 1154 2231 visum
1177 2178 1264 2232 semel
1280 2176 1377 2244 amplius

165 2277 258 2330 videre
271 2276 410 2345 fugiebant
421 2284 448 2329 et
460 2277 617 2345 contingere
629 2278 758 2331 vitabant.
773 2278 820 2330 bie
831 2282 922 2329 autem
935 2276 1064 2344 quadam,
1083 2291 1147 2329 cum
1157 2278 1269 2331 missale
1279 2276 1376 2331 odicium

165 2379 243 2431 ficret
255 2391 337 2444 super
349 2378 506 2445 capsellam,
516 2379 603 2431 sensit
615 2378 687 2431 idem
698 2378 787 2431 calore
802 2378 887 2430 nimio
911 2377 1067 2444 sudoreque
1080 2391 1182 2444 corpus
1192 2392 1272 2432 suum
1281 2377 1375 2445 fabgari
1387 2373 1407 2424 b

167 2479 248 2544 Cuius
260 2490 321 2529 cum
335 2477 441 2544 singula
455 2479 576 2531 membra
590 2478 687 2530 fricare
700 2477 826 2529 manibus
839 2481 1012 2530 contrectans
1029 2477 1176 2543 coepisset,
1190 2479 1293 2544 aspexit
1303 2476 1375 2530 subit)

165 2579 238 2645 quod
252 2576 418 2643 inopinatam
432 2578 540 2630 sibimet
552 2577 681 2630 laetitiam
693 2576 841 2645 generavit.
854 2580 920 2629 Nam
933 2577 1010 2644 quasi
1024 2589 1156 2644 squamae
1174 2590 1225 2630 suo
1237 2577 1376 2631 videbanur

166 2677 200 2730 de
220 2690 334 2743 corpore
351 2677 459 2742 cadere,
472 2677 596 2744 cutisque
617 2677 743 2730 mundari
765 2676 951 2742 mandataque
974 2677 1118 2730 nitescere.
1138 2677 1218 2740 Quod
1238 2691 1298 2730 cum
1316 2674 1374 2733 vidit,

165 2777 264 2843 gratias
284 2778 338 2829 lieo
359 2776 460 2828 referre
479 2776 575 2842 coepit.
599 2789 737 2842 sanusque
755 2775 789 2828 ad
809 2776 924 2841 patriam
946 2789 1079 2830 remeare.
1094 2779 1128 2830 Ut
1145 2784 1237 2831 autem
1259 2776 1373 2829 Bariuisa

167 2876 309 2928 moenibus
321 2876 398 2940 quasi
411 2875 518 2927 diorum
531 2875 702 2941 geminorum
716 2875 813 2927 itinere
825 2875 936 2938 abisset,
950 2889 1012 2928 ecee
1021 2875 1127 2928 visione
1139 2876 1258 2942 quadam
1268 2875 1315 2928 sibi
1327 2866 1405 2926 bea-b

167 2980 210 3027 tus
223 2975 379 3040 apparuisse
400 2975 524 3026 Nicolaus
547 2975 686 3026 videbatui·
707 2980 733 3025 et
753 2973 921 3041 redarguens
941 2974 1062 3027 dixisse:
1089 2974 1194 3033 occare
1212 2977 1312 3042 melea
1330 2974 1374 3025 liet

166 3087 272 3127 coram
284 3072 424 3125 ciuilibus
444 3076 567 3139 recepta
581 3086 642 3139 pro
663 3073 800 3125 exercitate
821 3085 884 3125 nou
903 3073 1079 3139 reddidisti,
1105 3077 1141 3126 ut
1161 3087 1265 3127 orienes
1281 3071 1373 3125 scireut

166 3187 280 3225 cratinus
293 3174 373 3239 qnod
386 3172 441 3224 tibi
460 3171 608 3224 Dominus
629 3172 799 3225 concessit?
823 3172 898 3226 Redi
917 3184 987 3239 erqo
999 3172 1204 3239 consessurus
1216 3171 1343 3227 orrrrtzbrts
1352 3168 1372 3219 ct

165 3275 346 3324 ostensurus
358 3272 538 3340 beneficium
550 3272 632 3338 quod
644 3248 800 3338 occepisti,
813 3284 852 3323 ace
871 3271 926 3325 tibi
937 3272 1045 3324 redeat
1056 3274 1180 3327 mutum
1198 3273 1275 3340 quod
1287 3268 1372 3322 bubni·

162 3372 213 3424 sti.
229 3372 316 3423 lletliit
328 3385 390 3437 ergo
405 3375 500 3423 lterum
513 3372 607 3423 elfere
621 3373 748 3424 omnibus
760 3373 806 3437 qui
819 3371 933 3424 aderant
944 3372 1063 3437 scipsum
1077 3375 1247 3424 monstravit.
1380 3361 1401 3410 ὅθ

354 3790 567 3881 cclxvii.
593 3793 716 3879 (lodex
737 3793 925 3901 signatus
946 3821 1058 3914 uum.
1080 3796 1203 3889 5291.

199 4002 267 4052 Olim
281 4002 564 4082 l‘olcardimontcnsis,
579 4004 678 4057 deinde
690 4006 863 4060 colbertinus
875 4011 924 4060 tite·
936 4010 980 4074 (l),
994 4015 1088 4074 postea
1102 4012 1202 4078 Regius
1215 4014 1242 4064 C.
1256 4012 1343 4063 steti.

200 4101 335 4152 Foliorum
350 4102 396 4151 lov
408 4103 465 4165 (sed
479 4103 566 4155 ablata
580 4111 643 4155 sunt
656 4105 718 4157 lolia
733 4108 815 4164 loia,
832 4110 887 4171 lla,
903 4110 959 4170 120,
976 4109 1102 4175 litlot),
1115 4113 1179 4176 mai.
1191 4107 1366 4175 (demidii-

167 4200 302 4253 columnis
314 4200 396 4259 binis,
410 4208 537 4254 exaratus
550 4216 621 4255 saec.
636 4207 701 4256 lllll.

268 4298 305 4371 l⁰
323 4298 454 4375 Passio
473 4302 593 4377 saucii
615 4301 821 4378 Concordii
841 4305 1057 4405 presbyteri
1077 4307 1154 4405 (fol.
1178 4308 1288 4404 lidi.

201 4429 248 4480 Ed.
264 4430 327 4480 Act.
344 4430 401 4495 83,
416 4430 449 4482 ad
463 4432 489 4482 tl.
506 4436 602 4494 lien„
617 4440 681 4486 torn.
698 4437 716 4495 l,
732 4450 757 4500 p.
771 4437 839 4489 till).

201 4594 235 4655 (l)
254 4593 308 4644 Cir.
324 4596 353 4646 L.
368 4594 476 4654 belisia
494 4596 560 4649 ch.
573 4598 626 4650 des
638 4612 722 4665 titus,
738 4605 802 4653 tom.
816 4604 836 4665 l,
851 4616 877 4667 p.
890 4603 948 4653 478,
