3136 5482
98 459 201 514 etiam
213 461 348 527 rumare
361 460 451 514 libuit
462 460 607 529 siupulas
627 461 710 515 Vitas
722 462 921 528 quorundam
933 464 1115 518 sauctorum
1127 463 1190 530 qui,
1205 466 1340 531 tempore

98 559 204 612 medii
215 561 286 614 nevi
291 561 448 628 populari
456 562 545 615 cultu
550 561 724 629 praecipue
734 560 891 628 celebrati,
902 562 1012 616 multis
1023 563 1198 629 ipnotorum
1209 562 1340 616 aliunde

98 660 297 727 scriptorum
318 651 596 729 umbrationibus,
610 663 680 716 sola
697 663 821 716 ratione
840 662 997 716 scribendi
1016 663 1158 729 diversis,
1171 663 1339 717 materiam

94 758 287 828 praebuere,
307 764 342 814 ut
362 763 389 815 S.
406 761 538 830 Georpii,
551 762 578 814 S.
596 760 817 828 Christcpbori,
835 762 864 815 S.
882 763 997 830 Aleuii,
1010 765 1040 816 et
1059 763 1089 816 si
1106 764 1162 831 qui
1180 766 1256 818 sunt
1268 762 1338 817 alii.

98 857 143 910 Ιιι
154 871 216 924 quo
226 873 339 926 oenere
349 863 380 914 et
399 873 461 914 uon
478 860 558 914 satis
577 873 686 915 seuera
700 861 824 914 trutina
837 873 893 914 uos
910 874 983 915 nisos
994 860 1271 928 fortejndicabunt
1283 862 1339 929 qui

97 960 131 1011 et
144 960 216 1012 alia
227 961 391 1029 quaedam,
405 965 441 1015 ut
458 962 542 1015 Vitas
554 960 701 1015 metricas
713 961 740 1013 S.
756 961 872 1015 Luciae
889 963 918 1014 el
930 962 977 1014 85¹.
995 961 1097 1026 Gyrict
1113 974 1151 1016 ac
1163 961 1298 1015 lulittae
1308 964 1338 1015 et

98 1058 183 1111 Aeta
207 1061 362 1114 nonnulla
385 1058 551 1127 manifeste
573 1057 762 1126 apocrypha,
784 1072 805 1112 a
825 1058 1045 1126 compilatione
1065 1061 1175 1114 nestra
1199 1062 1337 1114 emulare

101 1160 257 1226 inaltent;
269 1161 323 1214 sed
334 1173 406 1215 cum
417 1173 458 1215 ea
469 1173 536 1214 una
548 1162 643 1227 parte
654 1172 717 1214 non
737 1159 815 1214 adeo
828 1173 963 1227 maenae
974 1160 1066 1214 molis
1086 1159 1161 1215 baec
1174 1165 1284 1229 esseut,
1298 1176 1339 1215 eu

102 1259 213 1312 altera
221 1272 293 1314 vero
302 1261 345 1314 ad
354 1259 520 1315 historiam
533 1260 725 1312 litterariam
734 1259 783 1312 rei
795 1258 1059 1327 bapicprapbicae
1068 1262 1177 1314 autad
1187 1263 1338 1329 oripinem

101 1360 311 1423 quarundam
316 1360 526 1428 popularium
544 1359 631 1413 circa
647 1362 771 1414 sanctos
790 1360 998 1415 traditionum
1018 1361 1268 1429 inoestipandam
1280 1363 1339 1417 ali-

100 1457 183 1523 quid
193 1458 329 1512 subsidii
347 1459 464 1526 afferre
483 1460 620 1525 valeant,
633 1456 797 1526 faciliores
819 1460 853 1511 iu
866 1460 907 1512 iis
928 1460 1132 1515 admittendis
1153 1475 1248 1529 quom
1264 1463 1339 1530 ripi·

101 1557 210 1612 diores
224 1560 513 1627 essepraeplacuit.

144 1658 262 1712 Titulos
273 1659 528 1713 documentorum
548 1661 578 1712 et
590 1659 660 1726 ipsa
681 1660 874 1726 documenta,
891 1659 945 1713 ubi
961 1659 1080 1714 edenda
1096 1660 1239 1728 fuerunt,
1253 1675 1338 1717 more

98 1760 211 1810 nostro
229 1770 248 1811 e
258 1757 414 1812 codicibus
426 1757 564 1826 fideliter
585 1757 823 1826 euseripsimus,
836 1759 883 1812 ita
904 1761 1009 1812 tamen
1020 1762 1056 1812 ut
1071 1761 1261 1829 plerumque
1272 1774 1336 1816 nou

99 1854 242 1921 formam
264 1857 421 1911 scribendi
447 1870 503 1910 seu
531 1855 789 1925 ortboprapbiam
812 1857 928 1912 codicis
956 1871 1164 1926 sequeremur,
1190 1861 1244 1914 sed
1263 1861 1336 1926 jam

99 1956 273 2010 recentiori
289 1957 494 2024 aetatevulpo
515 1957 616 2024 mapis
635 1959 833 2025 usurpatam,
847 1956 914 2025 fere
935 1959 1061 2024 qualem
1080 1971 1151 2013 eam
1171 1960 1284 2014 statuit
1295 1961 1335 2014 cl.

109 2054 156 2106 W.
169 2055 346 2111 Brambacb
359 2056 393 2108 in
413 2056 481 2109 suis
492 2057 531 2109 de
543 2055 602 2109 bac
622 2069 657 2109 re
669 2056 918 2122 tractationibus,
932 2070 1087 2124 quamque
1108 2058 1143 2111 in
1163 2059 1336 2113 Germania

99 2158 132 2207 et
147 2155 245 2208 etiam
256 2156 432 2222 utapisjam
442 2155 476 2208 iu
485 2156 595 2209 diesin
611 2155 720 2211 Gallia
728 2159 883 2223 receptam
892 2156 1040 2210 videmus.
1051 2157 1104 2210 ilbi
1113 2171 1183 2212 vero
1192 2158 1335 2226 aliquam

100 2255 254 2307 lacunam
266 2255 301 2307 in
314 2257 402 2309 textu
413 2254 500 2308 nobis
507 2255 687 2321 perspicere
698 2254 759 2308 oisi
770 2268 889 2323 sumus,
899 2256 981 2322 quod
995 2268 1080 2309 voces
1091 2258 1267 2311 nonnullae
1278 2260 1335 2311 aut

98 2353 228 2407 litterae
247 2353 374 2407 librarii
396 2353 566 2409 oscitantia
584 2353 831 2420 praetermissae
853 2352 993 2422 fuerunt,
1018 2368 1072 2409 eas
1090 2356 1332 2423 perspicuitatis

98 2453 212 2519 pratia
232 2467 293 2521 per
315 2454 509 2520 coniecturas
530 2453 753 2520 supplevimus,
774 2454 829 2507 sed
854 2453 980 2508 uncinis
999 2454 1046 2507 ita
1069 2453 1106 2522 []
1131 2455 1273 2510 inclusas
1295 2458 1331 2510 ut

102 2553 230 2619 iutepra
258 2552 374 2607 codicis
401 2553 489 2606 lectio
520 2552 686 2619 tepentium
709 2553 809 2607 oculis
832 2555 996 2620 appareat.
1022 2554 1211 2622 Perpratum
1239 2555 1335 2610 etiam

100 2650 217 2702 iisdem
228 2663 283 2704 nos
295 2649 437 2717 facturos
448 2648 549 2718 fuisse
555 2650 741 2717 putavimus
748 2650 933 2718 proliaiora
950 2651 1135 2706 documenta
1147 2653 1182 2705 iu
1194 2652 1335 2708 breuiora

99 2750 210 2816 capita
233 2749 456 2817 distribuendo,
469 2762 529 2817 quo
551 2752 581 2803 et
603 2751 703 2816 mapis
721 2751 890 2818 perspicue
913 2751 1166 2806 discernerentur
1191 2753 1335 2808 diversae

95 2852 210 2915 partes
220 2849 418 2905 narrationis
437 2853 467 2904 et
478 2849 610 2918 facilius
621 2850 767 2917 sinpulae
778 2851 855 2903 data
872 2851 1032 2904 occasione
1049 2850 1190 2920 conferri
1195 2856 1332 2920 possent.

98 2949 359 3005 Distributionem
381 2949 462 3005 banc
479 2953 620 3005 nostram
640 2951 722 3017 typis
741 2962 945 3004 numerorum
967 2964 1042 3017 quos
1062 2955 1172 3006 vocant
1192 2953 1334 3008 arabicos

96 3049 329 3116 detinuimus,-
348 3050 403 3103 ubi
421 3062 493 3104 oero
515 3050 669 3117 capitibus
688 3053 928 3118 praeponuntur
948 3051 1074 3104 numeri
1096 3051 1152 3118 qui
1174 3055 1334 3120 appellari

95 3149 202 3201 solent
213 3149 347 3216 romani,
360 3147 395 3201 bi
405 3161 445 3202 ecc
458 3149 524 3215 ipso
536 3148 640 3202 codice
651 3148 773 3215 eacepti
791 3148 1025 3216 iutellepautur,
1039 3148 1121 3202 sicut
1133 3151 1162 3203 et
1173 3150 1333 3205 documen

95 3252 206 3301 teram
217 3248 436 3316 inscriptiones
448 3261 528 3315 quae
538 3248 746 3302 crassioribus
760 3248 843 3317 typis
855 3261 1022 3315 eapressae
1033 3252 1119 3324 sunt.

132 3349 173 3401 In.
192 3347 394 3402 describenda
414 3360 485 3401 vero
503 3348 654 3401 exteriori
675 3347 817 3401 codicum
837 3348 946 3415 specie,
968 3348 1191 3415 amplitudinis
1211 3348 1331 3418 formos

94 3448 309 3502 distineimus
321 3449 492 3502 secundum
503 3461 620 3502 morem
633 3448 667 3500 iu
679 3446 870 3502 Bibliotheca
882 3448 1048 3501 Nationcli
1059 3452 1217 3515 receptum
1228 3468 1237 3504 .·
1250 3453 1332 3504 maxi·

96 3563 173 3602 mam
192 3549 311 3603 scilicet
330 3551 432 3615 (mam),
453 3548 506 3601 ubi
525 3547 607 3617 folio
627 3548 742 3613 maiori
763 3562 824 3601 sua
843 3548 1036 3602 dimersione
1053 3551 1134 3611 0¹¹¹,50
1157 3553 1330 3617 superant,-

93 3650 232 3715 majorem
242 3647 336 3714 (mm),
347 3647 400 3700 ubi
409 3647 491 3701 inter
501 3648 582 3714 0¹¹³,bb
590 3650 619 3700 et
631 3649 710 3711 0³⁰,37
717 3649 848 3714 patent,·
859 3646 976 3699 mediam
986 3660 1041 3700 seu
1051 3647 1217 3702 mediocrem
1226 3648 1329 3715 (mei),

89 3747 151 3800 sebi
162 3747 247 3801 inter
257 3750 337 3808 bebi
349 3749 379 3801 et
390 3747 469 3811 0¹⁰3?
482 3764 489 3812 ;
500 3747 634 3800 minorem
648 3746 736 3811 (min.)
748 3746 889 3813 denique,
900 3745 954 3799 ubi
966 3743 1047 3800 baruc
1058 3747 1206 3800 ultimam
1218 3749 1329 3815 ampli·

88 3847 238 3901 tudinem
249 3860 313 3901 non
332 3846 501 3914 attineant.
514 3845 648 3899 Materia
668 3848 772 3899 autem
785 3844 936 3911 soliorum
955 3844 1152 3901 membraneo
1164 3847 1325 3916 intellepa-

88 3952 158 4014 tur,
171 3946 239 3999 nisi
250 3946 396 4000 distinete
410 3945 567 3999 indicetur
579 3957 644 3998 esse
655 3930 831 3998 cbartacea.

124 4045 268 4113 Siripulis
282 4044 447 4112 prioribus
471 4044 612 4112 Cotaiopi
632 4044 723 4098 tomis
744 4058 844 4097 uuum
864 4045 1077 4099 tautummodo
1095 4046 1230 4100 indicem
1248 4048 1328 4101 subi·

84 4147 223 4212 ciemus,
235 4147 417 4198 sanctorum
428 4142 570 4197 videlicet
578 4143 707 4196 uomina
719 4143 926 4196 coutinentem
939 4156 1072 4211 quorum
1081 4144 1158 4198 Acta
1172 4145 1206 4197 in
1219 4146 1323 4200 eodem

85 4249 175 4299 temo
186 4244 360 4295 numerata
371 4242 420 4294 vel
430 4241 516 4294 edita
527 4242 602 4293 sunt
611 4258 620 4305 ‚·
630 4241 741 4294 ultimo
752 4253 824 4295 vero
830 4242 940 4308 plures
953 4242 1043 4309 alios,
1054 4242 1208 4296 nimirum
1220 4247 1325 4298 aucte

82 4356 164 4398 rum
177 4339 321 4408 aquibus
332 4340 393 4393 illa
402 4341 478 4393 Acta
487 4339 664 4406 cmiscripta
674 4341 758 4405 sunt,
769 4341 911 4393 uirorum
921 4340 1182 4406 oelcollepiorum
1191 4355 1324 4409 quorum

79 4440 235 4509 sinpulos
253 4438 374 4492 codices
392 4437 549 4505 quondam
570 4436 670 4504 fuisse
689 4439 797 4491 notum
817 4441 872 4505 est,
891 4451 928 4492 ae
949 4438 1075 4492 tandem
1096 4438 1248 4494 librorum
1270 4442 1320 4496 vel

79 4538 309 4597 collectionum
320 4549 401 4604 quoe
413 4536 598 4591 documenta
612 4535 646 4588 in
661 4535 805 4604 calamae
817 4539 988 4592 memorata
1000 4536 1166 4591 continent.
