<?xml version="1.0" encoding="UTF-8"?>
<!DOCTYPE html PUBLIC "-//W3C//DTD XHTML 1.0 Transitional//EN"
    "http://www.w3.org/TR/xhtml1/DTD/xhtml1-transitional.dtd">
<html xmlns="http://www.w3.org/1999/xhtml" xml:lang="en" lang="en">
 <head>
  <title>
</title>
<meta http-equiv="Content-Type" content="text/html;charset=utf-8" />
  <meta name='ocr-system' content='tesseract 3.04.00' />
  <meta name='ocr-capabilities' content='ocr_page ocr_carea ocr_par ocr_line ocrx_word'/>
</head>
<body>
  <div class='ocr_page' id='page_1' title='image "./cataloguscodicu01manugoog_0047.png"; bbox 0 0 3136 5482; ppageno 0'>
   <div class='ocr_carea' id='block_1_1' title="bbox 31 1702 151 1835">
    <p class='ocr_par' dir='ltr' id='par_1_1' title="bbox 31 1702 151 1835">
     <span class='ocr_line' id='line_1_1' title="bbox 40 1702 130 1758; baseline -0.044 0"><span class='ocrx_word' id='word_1_1' title='bbox 40 1705 48 1723; x_wconf 85' lang='lat'><strong>·</strong></span> <span class='ocrx_word' id='word_1_2' title='bbox 65 1702 130 1758; x_wconf 80' lang='lat' dir='ltr'><strong>cod.</strong></span> 
     </span>
     <span class='ocr_line' id='line_1_2' title="bbox 31 1782 151 1835; baseline 0.008 -15"><span class='ocrx_word' id='word_1_3' title='bbox 31 1782 151 1835; x_wconf 76' lang='lat' dir='ltr'><strong>presepe.</strong></span> 
     </span>
    </p>
   </div>
   <div class='ocr_carea' id='block_1_2' title="bbox 25 2197 150 2314">
    <p class='ocr_par' dir='ltr' id='par_1_2' title="bbox 25 2197 150 2314">
     <span class='ocr_line' id='line_1_3' title="bbox 50 2197 134 2249; baseline -0.06 1"><span class='ocrx_word' id='word_1_4' title='bbox 50 2198 57 2215; x_wconf 85' lang='lat'>&#39;</span> <span class='ocrx_word' id='word_1_5' title='bbox 70 2197 134 2249; x_wconf 79' lang='lat' dir='ltr'><strong>cod.</strong></span> 
     </span>
     <span class='ocr_line' id='line_1_4' title="bbox 25 2260 150 2314; baseline 0.016 -3"><span class='ocrx_word' id='word_1_6' title='bbox 25 2260 150 2314; x_wconf 76' lang='lat' dir='ltr'><strong>Cerillic.</strong></span> 
     </span>
    </p>
   </div>
   <div class='ocr_carea' id='block_1_3' title="bbox 189 326 1069 394">
    <p class='ocr_par' dir='ltr' id='par_1_3' title="bbox 189 326 1069 394">
     <span class='ocr_line' id='line_1_5' title="bbox 189 326 1069 394; baseline 0.001 -3"><span class='ocrx_word' id='word_1_7' title='bbox 189 326 234 391; x_wconf 81' lang='lat'><strong>32</strong></span> <span class='ocrx_word' id='word_1_8' title='bbox 535 343 659 393; x_wconf 76' lang='lat' dir='ltr'><strong>carna.</strong></span> <span class='ocrx_word' id='word_1_9' title='bbox 678 342 779 394; x_wconf 84' lang='lat' dir='ltr'><strong>cono.</strong></span> <span class='ocrx_word' id='word_1_10' title='bbox 798 343 971 394; x_wconf 75' lang='lat' dir='ltr'><strong>enoiosa.</strong></span> <span class='ocrx_word' id='word_1_11' title='bbox 991 344 1069 393; x_wconf 74' lang='lat' dir='ltr'><strong>aar.</strong></span> 
     </span>
    </p>
   </div>
   <div class='ocr_carea' id='block_1_4' title="bbox 187 510 1382 4431">
    <p class='ocr_par' dir='ltr' id='par_1_4' title="bbox 188 510 1382 1557">
     <span class='ocr_line' id='line_1_6' title="bbox 190 510 1382 577; baseline 0.001 -15"><span class='ocrx_word' id='word_1_12' title='bbox 190 511 266 564; x_wconf 84' lang='lat' dir='ltr'><strong>naris</strong></span> <span class='ocrx_word' id='word_1_13' title='bbox 278 516 471 577; x_wconf 82' lang='lat' dir='ltr'><strong>praenarratae</strong></span> <span class='ocrx_word' id='word_1_14' title='bbox 484 523 533 577; x_wconf 90' lang='lat' dir='ltr'><strong>per</strong></span> <span class='ocrx_word' id='word_1_15' title='bbox 545 523 627 562; x_wconf 89' lang='lat' dir='ltr'><strong>unam</strong></span> <span class='ocrx_word' id='word_1_16' title='bbox 646 511 751 564; x_wconf 77' lang='lat' dir='ltr'><strong>leucam</strong></span> <span class='ocrx_word' id='word_1_17' title='bbox 765 517 792 564; x_wconf 88' lang='lat' dir='ltr'><strong>et</strong></span> <span class='ocrx_word' id='word_1_18' title='bbox 803 512 874 564; x_wconf 90' lang='lat' dir='ltr'><strong>ultra</strong></span> <span class='ocrx_word' id='word_1_19' title='bbox 892 510 1038 575; x_wconf 77' lang='lat' dir='ltr'><strong>uastando,</strong></span> <span class='ocrx_word' id='word_1_20' title='bbox 1052 510 1124 564; x_wconf 87' lang='lat' dir='ltr'><strong>dieto</strong></span> <span class='ocrx_word' id='word_1_21' title='bbox 1141 511 1266 564; x_wconf 83' lang='lat' dir='ltr'><strong>iohanne</strong></span> <span class='ocrx_word' id='word_1_22' title='bbox 1285 510 1382 576; x_wconf 89' lang='lat' dir='ltr'><strong>praelll</strong></span> 
     </span>
     <span class='ocr_line' id='line_1_7' title="bbox 191 607 1382 675; baseline 0 -16"><span class='ocrx_word' id='word_1_23' title='bbox 191 614 247 660; x_wconf 89' lang='lat' dir='ltr'><strong>tum</strong></span> <span class='ocrx_word' id='word_1_24' title='bbox 260 607 448 675; x_wconf 83' lang='lat' dir='ltr'><strong>Regnauldum</strong></span> <span class='ocrx_word' id='word_1_25' title='bbox 471 612 579 659; x_wconf 88' lang='lat' dir='ltr'><strong>naetare</strong></span> <span class='ocrx_word' id='word_1_26' title='bbox 598 608 738 660; x_wconf 76' lang='lat' dir='ltr'><strong>nesciente</strong></span> <span class='ocrx_word' id='word_1_27' title='bbox 758 621 841 674; x_wconf 84' lang='lat' dir='ltr'><strong>supra</strong></span> <span class='ocrx_word' id='word_1_28' title='bbox 853 609 912 675; x_wconf 85' lang='lat' dir='ltr'><strong>ejus</strong></span> <span class='ocrx_word' id='word_1_29' title='bbox 933 608 1057 673; x_wconf 88' lang='lat' dir='ltr'><strong>scapulas</strong></span> <span class='ocrx_word' id='word_1_30' title='bbox 1075 608 1178 674; x_wconf 79' lang='lat' dir='ltr'><strong>absque</strong></span> <span class='ocrx_word' id='word_1_31' title='bbox 1197 607 1382 660; x_wconf 77' lang='lat' dir='ltr'><strong>turbationes</strong></span> 
     </span>
     <span class='ocr_line' id='line_1_8' title="bbox 190 704 1382 773; baseline -0.001 -14"><span class='ocrx_word' id='word_1_32' title='bbox 190 708 263 759; x_wconf 85' lang='lat' dir='ltr'><strong>renti</strong></span> <span class='ocrx_word' id='word_1_33' title='bbox 285 706 512 760; x_wconf 75' lang='lat' dir='ltr'><strong>exterminatione</strong></span> <span class='ocrx_word' id='word_1_34' title='bbox 533 706 583 758; x_wconf 88' lang='lat' dir='ltr'><strong>sihi</strong></span> <span class='ocrx_word' id='word_1_35' title='bbox 601 704 664 759; x_wconf 88' lang='lat' dir='ltr'><strong>dato</strong></span> <span class='ocrx_word' id='word_1_36' title='bbox 676 706 792 769; x_wconf 83' lang='lat' dir='ltr'><strong>serente,</strong></span> <span class='ocrx_word' id='word_1_37' title='bbox 806 712 862 759; x_wconf 91' lang='lat' dir='ltr'><strong>tute</strong></span> <span class='ocrx_word' id='word_1_38' title='bbox 880 720 942 759; x_wconf 86' lang='lat' dir='ltr'><strong>curn</strong></span> <span class='ocrx_word' id='word_1_39' title='bbox 955 707 1018 758; x_wconf 90' lang='lat' dir='ltr'><strong>atmi</strong></span> <span class='ocrx_word' id='word_1_40' title='bbox 1032 710 1057 759; x_wconf 91' lang='lat' dir='ltr'><strong>et</strong></span> <span class='ocrx_word' id='word_1_41' title='bbox 1070 707 1142 759; x_wconf 90' lang='lat' dir='ltr'><strong>beati</strong></span> <span class='ocrx_word' id='word_1_42' title='bbox 1155 705 1259 759; x_wconf 81' lang='lat' dir='ltr'><strong>claudii</strong></span> <span class='ocrx_word' id='word_1_43' title='bbox 1272 704 1382 773; x_wconf 83' lang='lat' dir='ltr'><strong>adjutor</strong></span> 
     </span>
     <span class='ocr_line' id='line_1_9' title="bbox 191 803 1382 872; baseline -0.002 -14"><span class='ocrx_word' id='word_1_44' title='bbox 191 805 317 858; x_wconf 74' lang='lat' dir='ltr'><strong>videlicet</strong></span> <span class='ocrx_word' id='word_1_45' title='bbox 334 805 368 858; x_wconf 81' lang='lat' dir='ltr'><strong>atl</strong></span> <span class='ocrx_word' id='word_1_46' title='bbox 384 810 492 871; x_wconf 86' lang='lat' dir='ltr'><strong>portum</strong></span> <span class='ocrx_word' id='word_1_47' title='bbox 511 804 546 857; x_wconf 87' lang='lat' dir='ltr'><strong>‹lc</strong></span> <span class='ocrx_word' id='word_1_48' title='bbox 565 808 673 857; x_wconf 84' lang='lat' dir='ltr'><strong>Sauone</strong></span> <span class='ocrx_word' id='word_1_49' title='bbox 694 805 851 872; x_wconf 84' lang='lat' dir='ltr'><strong>adoptatum</strong></span> <span class='ocrx_word' id='word_1_50' title='bbox 871 805 988 857; x_wconf 80' lang='lat' dir='ltr'><strong>feliciter</strong></span> <span class='ocrx_word' id='word_1_51' title='bbox 1009 810 1206 871; x_wconf 80' lang='lat' dir='ltr'><strong>pervenerunt,</strong></span> <span class='ocrx_word' id='word_1_52' title='bbox 1228 809 1255 857; x_wconf 90' lang='lat' dir='ltr'><strong>et</strong></span> <span class='ocrx_word' id='word_1_53' title='bbox 1275 803 1382 872; x_wconf 85' lang='lat' dir='ltr'><strong>magnitl</strong></span> 
     </span>
     <span class='ocr_line' id='line_1_10' title="bbox 188 902 1382 971; baseline -0.002 -14"><span class='ocrx_word' id='word_1_54' title='bbox 188 903 263 971; x_wconf 82' lang='lat' dir='ltr'><strong>quoti</strong></span> <span class='ocrx_word' id='word_1_55' title='bbox 275 908 407 957; x_wconf 81' lang='lat' dir='ltr'><strong>rorarunt</strong></span> <span class='ocrx_word' id='word_1_56' title='bbox 418 916 549 971; x_wconf 80' lang='lat' dir='ltr'><strong>peregere</strong></span> <span class='ocrx_word' id='word_1_57' title='bbox 562 904 650 955; x_wconf 89' lang='lat' dir='ltr'><strong>conati</strong></span> <span class='ocrx_word' id='word_1_58' title='bbox 665 902 786 956; x_wconf 82' lang='lat' dir='ltr'><strong>suerunt.</strong></span> <span class='ocrx_word' id='word_1_59' title='bbox 800 904 904 956; x_wconf 88' lang='lat' dir='ltr'><strong>Gratias</strong></span> <span class='ocrx_word' id='word_1_60' title='bbox 917 906 971 956; x_wconf 82' lang='lat' dir='ltr'><strong>lieo</strong></span> <span class='ocrx_word' id='word_1_61' title='bbox 984 910 1011 957; x_wconf 89' lang='lat' dir='ltr'><strong>et</strong></span> <span class='ocrx_word' id='word_1_62' title='bbox 1023 904 1103 956; x_wconf 86' lang='lat' dir='ltr'><strong>beato</strong></span> <span class='ocrx_word' id='word_1_63' title='bbox 1110 903 1223 956; x_wconf 80' lang='lat' dir='ltr'><strong>Claudio</strong></span> <span class='ocrx_word' id='word_1_64' title='bbox 1233 902 1341 971; x_wconf 80' lang='lat' dir='ltr'><strong>agendo</strong></span> <span class='ocrx_word' id='word_1_65' title='bbox 1350 904 1382 955; x_wconf 89' lang='lat' dir='ltr'><strong>ha</strong></span> 
     </span>
     <span class='ocr_line' id='line_1_11' title="bbox 188 1001 1382 1069; baseline 0 -14"><span class='ocrx_word' id='word_1_66' title='bbox 188 1001 352 1055; x_wconf 83' lang='lat' dir='ltr'><strong>reserantur.</strong></span> <span class='ocrx_word' id='word_1_67' title='bbox 367 1003 418 1067; x_wconf 89' lang='lat' dir='ltr'><strong>ipsi</strong></span> <span class='ocrx_word' id='word_1_68' title='bbox 431 1001 569 1055; x_wconf 84' lang='lat' dir='ltr'><strong>iohannes</strong></span> <span class='ocrx_word' id='word_1_69' title='bbox 586 1006 614 1054; x_wconf 90' lang='lat' dir='ltr'><strong>et</strong></span> <span class='ocrx_word' id='word_1_70' title='bbox 631 1001 805 1069; x_wconf 85' lang='lat' dir='ltr'><strong>ltegnauldus</strong></span> <span class='ocrx_word' id='word_1_71' title='bbox 824 1002 913 1068; x_wconf 92' lang='lat' dir='ltr'><strong>palam</strong></span> <span class='ocrx_word' id='word_1_72' title='bbox 926 1007 953 1054; x_wconf 87' lang='lat' dir='ltr'><strong>et</strong></span> <span class='ocrx_word' id='word_1_73' title='bbox 972 1002 1081 1068; x_wconf 88' lang='lat' dir='ltr'><strong>publice</strong></span> <span class='ocrx_word' id='word_1_74' title='bbox 1091 1003 1253 1067; x_wconf 77' lang='lat' dir='ltr'><strong>juraverunt</strong></span> <span class='ocrx_word' id='word_1_75' title='bbox 1270 1001 1305 1054; x_wconf 86' lang='lat' dir='ltr'><strong>ad</strong></span> <span class='ocrx_word' id='word_1_76' title='bbox 1323 1014 1382 1055; x_wconf 83' lang='lat' dir='ltr'><strong>sant</strong></span> 
     </span>
     <span class='ocr_line' id='line_1_12' title="bbox 188 1099 1381 1169; baseline 0 -16"><span class='ocrx_word' id='word_1_77' title='bbox 188 1115 264 1155; x_wconf 90' lang='lat' dir='ltr'><strong>sacra</strong></span> <span class='ocrx_word' id='word_1_78' title='bbox 284 1101 424 1169; x_wconf 84' lang='lat' dir='ltr'><strong>evangelia</strong></span> <span class='ocrx_word' id='word_1_79' title='bbox 445 1101 503 1154; x_wconf 83' lang='lat' dir='ltr'><strong>lore</strong></span> <span class='ocrx_word' id='word_1_80' title='bbox 524 1114 597 1153; x_wconf 82' lang='lat' dir='ltr'><strong>reia.</strong></span> <span class='ocrx_word' id='word_1_81' title='bbox 612 1103 690 1153; x_wconf 76' lang='lat' dir='ltr'><strong>huno</strong></span> <span class='ocrx_word' id='word_1_82' title='bbox 709 1101 792 1154; x_wconf 78' lang='lat' dir='ltr'><strong>etrite</strong></span> <span class='ocrx_word' id='word_1_83' title='bbox 811 1115 893 1167; x_wconf 89' lang='lat' dir='ltr'><strong>supra</strong></span> <span class='ocrx_word' id='word_1_84' title='bbox 913 1102 1002 1167; x_wconf 90' lang='lat' dir='ltr'><strong>primo</strong></span> <span class='ocrx_word' id='word_1_85' title='bbox 1014 1101 1104 1165; x_wconf 65' lang='lat' dir='ltr'><strong>dietis</strong></span> <span class='ocrx_word' id='word_1_86' title='bbox 1121 1114 1214 1155; x_wconf 86' lang='lat' dir='ltr'><strong>coram</strong></span> <span class='ocrx_word' id='word_1_87' title='bbox 1226 1099 1381 1167; x_wconf 82' lang='lat' dir='ltr'><strong>pluribusit</strong></span> 
     </span>
     <span class='ocr_line' id='line_1_13' title="bbox 188 1198 691 1267; baseline 0 -16"><span class='ocrx_word' id='word_1_88' title='bbox 188 1200 278 1267; x_wconf 78' lang='lat' dir='ltr'><strong>(lignis</strong></span> <span class='ocrx_word' id='word_1_89' title='bbox 290 1200 405 1252; x_wconf 87' lang='lat' dir='ltr'><strong>testibus</strong></span> <span class='ocrx_word' id='word_1_90' title='bbox 416 1203 443 1252; x_wconf 89' lang='lat' dir='ltr'><strong>el</strong></span> <span class='ocrx_word' id='word_1_91' title='bbox 456 1213 499 1250; x_wconf 89' lang='lat' dir='ltr'><strong>me</strong></span> <span class='ocrx_word' id='word_1_92' title='bbox 513 1202 541 1250; x_wconf 80' lang='grc'><strong>1).</strong></span> <span class='ocrx_word' id='word_1_93' title='bbox 554 1198 691 1263; x_wconf 77' lang='lat' dir='ltr'><strong>Gaillartli.</strong></span> 
     </span>
     <span class='ocr_line' id='line_1_14' title="bbox 364 1294 1243 1360; baseline 0 -12"><span class='ocrx_word' id='word_1_94' title='bbox 364 1295 557 1348; x_wconf 68' lang='lat' dir='ltr'><strong>miraculum</strong></span> <span class='ocrx_word' id='word_1_95' title='bbox 575 1296 650 1359; x_wconf 74' lang='lat' dir='ltr'><strong>[La]</strong></span> <span class='ocrx_word' id='word_1_96' title='bbox 667 1294 796 1347; x_wconf 78' lang='lat' dir='ltr'><strong>Meritis</strong></span> <span class='ocrx_word' id='word_1_97' title='bbox 811 1297 931 1348; x_wconf 78' lang='lat' dir='ltr'><strong>beatae</strong></span> <span class='ocrx_word' id='word_1_98' title='bbox 948 1295 1077 1349; x_wconf 78' lang='lat' dir='ltr'><strong>Mariae</strong></span> <span class='ocrx_word' id='word_1_99' title='bbox 1094 1295 1243 1360; x_wconf 62' lang='lat' dir='ltr'><strong>decinis,</strong></span> 
     </span>
     <span class='ocr_line' id='line_1_15' title="bbox 224 1393 1382 1460; baseline -0.001 -12"><span class='ocrx_word' id='word_1_100' title='bbox 224 1397 343 1448; x_wconf 76' lang='lat' dir='ltr'><strong>beatae</strong></span> <span class='ocrx_word' id='word_1_101' title='bbox 359 1393 489 1447; x_wconf 78' lang='lat' dir='ltr'><strong>Mariae</strong></span> <span class='ocrx_word' id='word_1_102' title='bbox 507 1394 718 1458; x_wconf 67' lang='lat' dir='ltr'><strong>magdalum</strong></span> <span class='ocrx_word' id='word_1_103' title='bbox 734 1397 768 1446; x_wconf 81' lang='lat' dir='ltr'><strong>et</strong></span> <span class='ocrx_word' id='word_1_104' title='bbox 784 1394 874 1447; x_wconf 85' lang='lat' dir='ltr'><strong>beati</strong></span> <span class='ocrx_word' id='word_1_105' title='bbox 892 1394 1017 1447; x_wconf 78' lang='lat' dir='ltr'><strong>matidii</strong></span> <span class='ocrx_word' id='word_1_106' title='bbox 1034 1394 1165 1460; x_wconf 78' lang='lat' dir='ltr'><strong>quidem</strong></span> <span class='ocrx_word' id='word_1_107' title='bbox 1181 1396 1220 1447; x_wconf 84' lang='lat' dir='ltr'><strong>de</strong></span> <span class='ocrx_word' id='word_1_108' title='bbox 1238 1394 1382 1448; x_wconf 79' lang='lat' dir='ltr'><strong>maxim</strong></span> 
     </span>
     <span class='ocr_line' id='line_1_16' title="bbox 587 1490 1018 1557; baseline 0.005 -16"><span class='ocrx_word' id='word_1_109' title='bbox 587 1490 781 1544; x_wconf 76' lang='lat' dir='ltr'><strong>infirmitate</strong></span> <span class='ocrx_word' id='word_1_110' title='bbox 797 1491 963 1545; x_wconf 82' lang='lat' dir='ltr'><strong>convaluit</strong></span> <span class='ocrx_word' id='word_1_111' title='bbox 973 1493 1018 1557; x_wconf 81' lang='lat'><strong>(1).</strong></span> 
     </span>
    </p>

    <p class='ocr_par' dir='ltr' id='par_1_5' title="bbox 187 1591 1382 3344">
     <span class='ocr_line' id='line_1_17' title="bbox 220 1591 1382 1658; baseline -0.001 -14"><span class='ocrx_word' id='word_1_112' title='bbox 220 1594 293 1645; x_wconf 81' lang='lat' dir='ltr'><strong>hicet</strong></span> <span class='ocrx_word' id='word_1_113' title='bbox 305 1604 389 1658; x_wconf 88' lang='lat' dir='ltr'><strong>opera</strong></span> <span class='ocrx_word' id='word_1_114' title='bbox 402 1591 449 1642; x_wconf 87' lang='lat' dir='ltr'><strong>bei</strong></span> <span class='ocrx_word' id='word_1_115' title='bbox 462 1597 491 1642; x_wconf 84' lang='lat' dir='ltr'><strong>et</strong></span> <span class='ocrx_word' id='word_1_116' title='bbox 509 1595 666 1642; x_wconf 87' lang='lat' dir='ltr'><strong>sanctorum</strong></span> <span class='ocrx_word' id='word_1_117' title='bbox 684 1592 744 1657; x_wconf 88' lang='lat' dir='ltr'><strong>ejus</strong></span> <span class='ocrx_word' id='word_1_118' title='bbox 763 1591 958 1644; x_wconf 82' lang='lat' dir='ltr'><strong>inenarrabilia</strong></span> <span class='ocrx_word' id='word_1_119' title='bbox 977 1596 1152 1651; x_wconf 86' lang='lat' dir='ltr'><strong>censeantur,</strong></span> <span class='ocrx_word' id='word_1_120' title='bbox 1166 1591 1200 1643; x_wconf 87' lang='lat' dir='ltr'><strong>ad</strong></span> <span class='ocrx_word' id='word_1_121' title='bbox 1218 1603 1316 1644; x_wconf 88' lang='lat' dir='ltr'><strong>eorum</strong></span> <span class='ocrx_word' id='word_1_122' title='bbox 1329 1596 1382 1643; x_wconf 89' lang='lat' dir='ltr'><strong>tam</strong></span> 
     </span>
     <span class='ocr_line' id='line_1_18' title="bbox 187 1687 1382 1757; baseline -0.003 -15"><span class='ocrx_word' id='word_1_123' title='bbox 187 1691 275 1744; x_wconf 82' lang='lat' dir='ltr'><strong>laurlis</strong></span> <span class='ocrx_word' id='word_1_124' title='bbox 298 1694 474 1757; x_wconf 81' lang='lat' dir='ltr'><strong>augmentum</strong></span> <span class='ocrx_word' id='word_1_125' title='bbox 493 1687 615 1740; x_wconf 84' lang='lat' dir='ltr'><strong>llrlclium</strong></span> <span class='ocrx_word' id='word_1_126' title='bbox 634 1694 661 1740; x_wconf 92' lang='lat' dir='ltr'><strong>et</strong></span> <span class='ocrx_word' id='word_1_127' title='bbox 673 1689 898 1755; x_wconf 84' lang='lat' dir='ltr'><strong>orthodoxorum,</strong></span> <span class='ocrx_word' id='word_1_128' title='bbox 917 1691 1070 1756; x_wconf 73' lang='lat' dir='ltr'><strong>persaepe*</strong></span> <span class='ocrx_word' id='word_1_129' title='bbox 1088 1690 1160 1742; x_wconf 87' lang='lat' dir='ltr'><strong>ultra</strong></span> <span class='ocrx_word' id='word_1_130' title='bbox 1176 1691 1250 1743; x_wconf 74' lang='lat' dir='ltr'><strong>circs</strong></span> <span class='ocrx_word' id='word_1_131' title='bbox 1269 1690 1382 1743; x_wconf 69' lang='lat' dir='ltr'><strong>naturali</strong></span> 
     </span>
     <span class='ocr_line' id='line_1_19' title="bbox 191 1787 1382 1855; baseline -0.002 -13"><span class='ocrx_word' id='word_1_132' title='bbox 191 1790 293 1842; x_wconf 83' lang='lat' dir='ltr'><strong>notium</strong></span> <span class='ocrx_word' id='word_1_133' title='bbox 306 1790 406 1853; x_wconf 89' lang='lat' dir='ltr'><strong>anima,</strong></span> <span class='ocrx_word' id='word_1_134' title='bbox 417 1787 466 1839; x_wconf 80' lang='lat' dir='ltr'><strong>secl</strong></span> <span class='ocrx_word' id='word_1_135' title='bbox 478 1793 503 1839; x_wconf 84' lang='lat' dir='ltr'><strong>et</strong></span> <span class='ocrx_word' id='word_1_136' title='bbox 514 1801 628 1853; x_wconf 86' lang='lat' dir='ltr'><strong>corpore</strong></span> <span class='ocrx_word' id='word_1_137' title='bbox 641 1789 812 1847; x_wconf 79' lang='lat' dir='ltr'><strong>afflictorum.</strong></span> <span class='ocrx_word' id='word_1_138' title='bbox 824 1789 987 1854; x_wconf 75' lang='lat' dir='ltr'><strong>provisionis</strong></span> <span class='ocrx_word' id='word_1_139' title='bbox 995 1788 1160 1854; x_wconf 84' lang='lat' dir='ltr'><strong>exemplum,</strong></span> <span class='ocrx_word' id='word_1_140' title='bbox 1172 1794 1202 1841; x_wconf 92' lang='lat' dir='ltr'><strong>ut</strong></span> <span class='ocrx_word' id='word_1_141' title='bbox 1213 1790 1315 1855; x_wconf 83' lang='lat' dir='ltr'><strong>quibus</strong></span> <span class='ocrx_word' id='word_1_142' title='bbox 1327 1789 1382 1840; x_wconf 88' lang='lat' dir='ltr'><strong>hun</strong></span> 
     </span>
     <span class='ocr_line' id='line_1_20' title="bbox 191 1886 1382 1955; baseline -0.003 -13"><span class='ocrx_word' id='word_1_143' title='bbox 191 1904 258 1942; x_wconf 90' lang='lat' dir='ltr'><strong>uum</strong></span> <span class='ocrx_word' id='word_1_144' title='bbox 270 1888 390 1941; x_wconf 86' lang='lat' dir='ltr'><strong>studium</strong></span> <span class='ocrx_word' id='word_1_145' title='bbox 404 1900 459 1940; x_wconf 90' lang='lat' dir='ltr'><strong>uon</strong></span> <span class='ocrx_word' id='word_1_146' title='bbox 471 1888 551 1947; x_wconf 75' lang='lat' dir='ltr'><strong>valet,</strong></span> <span class='ocrx_word' id='word_1_147' title='bbox 560 1886 697 1939; x_wconf 86' lang='lat' dir='ltr'><strong>altissimis</strong></span> <span class='ocrx_word' id='word_1_148' title='bbox 705 1894 860 1940; x_wconf 88' lang='lat' dir='ltr'><strong>sauctorum</strong></span> <span class='ocrx_word' id='word_1_149' title='bbox 874 1889 1001 1954; x_wconf 87' lang='lat' dir='ltr'><strong>precibus</strong></span> <span class='ocrx_word' id='word_1_150' title='bbox 1010 1888 1382 1955; x_wconf 75' lang='lat' dir='ltr'><strong>supernaturaliterprovitle:</strong></span> 
     </span>
     <span class='ocr_line' id='line_1_21' title="bbox 189 1987 1382 2055; baseline -0.001 -13"><span class='ocrx_word' id='word_1_151' title='bbox 189 1988 320 2042; x_wconf 87' lang='lat' dir='ltr'><strong>miracula</strong></span> <span class='ocrx_word' id='word_1_152' title='bbox 339 1993 402 2041; x_wconf 89' lang='lat' dir='ltr'><strong>sunt</strong></span> <span class='ocrx_word' id='word_1_153' title='bbox 422 1987 603 2042; x_wconf 81' lang='lat' dir='ltr'><strong>describenda</strong></span> <span class='ocrx_word' id='word_1_154' title='bbox 623 1993 651 2040; x_wconf 91' lang='lat' dir='ltr'><strong>et</strong></span> <span class='ocrx_word' id='word_1_155' title='bbox 672 1987 739 2039; x_wconf 86' lang='lat' dir='ltr'><strong>tides</strong></span> <span class='ocrx_word' id='word_1_156' title='bbox 760 1987 872 2041; x_wconf 84' lang='lat' dir='ltr'><strong>indubia</strong></span> <span class='ocrx_word' id='word_1_157' title='bbox 892 1988 937 2040; x_wconf 89' lang='lat' dir='ltr'><strong>itia</strong></span> <span class='ocrx_word' id='word_1_158' title='bbox 958 1990 1126 2055; x_wconf 82' lang='lat' dir='ltr'><strong>experientia</strong></span> <span class='ocrx_word' id='word_1_159' title='bbox 1147 2002 1212 2041; x_wconf 79' lang='lat' dir='ltr'><strong>vera</strong></span> <span class='ocrx_word' id='word_1_160' title='bbox 1232 1989 1382 2042; x_wconf 78' lang='lat' dir='ltr'><strong>obtinentin</strong></span> 
     </span>
     <span class='ocr_line' id='line_1_22' title="bbox 189 2088 1382 2156; baseline -0.001 -14"><span class='ocrx_word' id='word_1_161' title='bbox 189 2088 354 2142; x_wconf 83' lang='lat' dir='ltr'><strong>adhibenda.</strong></span> <span class='ocrx_word' id='word_1_162' title='bbox 367 2090 462 2142; x_wconf 76' lang='lat' dir='ltr'><strong>Evenit</strong></span> <span class='ocrx_word' id='word_1_163' title='bbox 474 2089 556 2156; x_wconf 89' lang='lat' dir='ltr'><strong>igitur</strong></span> <span class='ocrx_word' id='word_1_164' title='bbox 574 2089 602 2139; x_wconf 94' lang='lat' dir='ltr'><strong>in</strong></span> <span class='ocrx_word' id='word_1_165' title='bbox 618 2088 724 2141; x_wconf 70' lang='lat' dir='ltr'><strong>ciuitate</strong></span> <span class='ocrx_word' id='word_1_166' title='bbox 738 2089 857 2154; x_wconf 69' lang='lat' dir='ltr'><strong>aquensi</strong></span> <span class='ocrx_word' id='word_1_167' title='bbox 871 2089 1029 2141; x_wconf 77' lang='lat' dir='ltr'><strong>Provinciae</strong></span> <span class='ocrx_word' id='word_1_168' title='bbox 1046 2088 1185 2154; x_wconf 84' lang='lat' dir='ltr'><strong>quendam</strong></span> <span class='ocrx_word' id='word_1_169' title='bbox 1202 2089 1334 2141; x_wconf 86' lang='lat' dir='ltr'><strong>iacobum</strong></span> <span class='ocrx_word' id='word_1_170' title='bbox 1348 2088 1382 2141; x_wconf 70' lang='lat' dir='ltr'><strong>bl:</strong></span> 
     </span>
     <span class='ocr_line' id='line_1_23' title="bbox 191 2186 1382 2255; baseline -0.002 -13"><span class='ocrx_word' id='word_1_171' title='bbox 191 2189 295 2255; x_wconf 81' lang='lat' dir='ltr'><strong>eliardi,</strong></span> <span class='ocrx_word' id='word_1_172' title='bbox 308 2189 473 2242; x_wconf 88' lang='lat' dir='ltr'><strong>serenissimi</strong></span> <span class='ocrx_word' id='word_1_173' title='bbox 494 2188 587 2240; x_wconf 87' lang='lat' dir='ltr'><strong>domni</strong></span> <span class='ocrx_word' id='word_1_174' title='bbox 609 2189 680 2255; x_wconf 84' lang='lat' dir='ltr'><strong>regis</strong></span> <span class='ocrx_word' id='word_1_175' title='bbox 697 2187 804 2239; x_wconf 86' lang='lat' dir='ltr'><strong>siciliae</strong></span> <span class='ocrx_word' id='word_1_176' title='bbox 817 2190 826 2208; x_wconf 88' lang='grc'><em>·</em></span> <span class='ocrx_word' id='word_1_177' title='bbox 839 2188 1026 2251; x_wconf 86' lang='lat' dir='ltr'><strong>secretarium,</strong></span> <span class='ocrx_word' id='word_1_178' title='bbox 1040 2186 1127 2239; x_wconf 82' lang='lat' dir='ltr'><strong>hlium</strong></span> <span class='ocrx_word' id='word_1_179' title='bbox 1148 2188 1296 2251; x_wconf 67' lang='lat' dir='ltr'><strong>lirancisei⁹</strong></span> <span class='ocrx_word' id='word_1_180' title='bbox 1309 2200 1382 2255; x_wconf 85' lang='lat' dir='ltr'><strong>orgar</strong></span> 
     </span>
     <span class='ocr_line' id='line_1_24' title="bbox 191 2283 1382 2353; baseline 0 -15"><span class='ocrx_word' id='word_1_181' title='bbox 191 2287 261 2339; x_wconf 89' lang='lat' dir='ltr'><strong>rium</strong></span> <span class='ocrx_word' id='word_1_182' title='bbox 273 2287 325 2339; x_wconf 86' lang='lat' dir='ltr'><strong>loci</strong></span> <span class='ocrx_word' id='word_1_183' title='bbox 346 2287 468 2353; x_wconf 71' lang='lat' dir='ltr'><strong>areensi,</strong></span> <span class='ocrx_word' id='word_1_184' title='bbox 481 2285 644 2338; x_wconf 68' lang='lat' dir='ltr'><strong>vivariensis</strong></span> <span class='ocrx_word' id='word_1_185' title='bbox 666 2284 792 2349; x_wconf 80' lang='lat' dir='ltr'><strong>diocesis,</strong></span> <span class='ocrx_word' id='word_1_186' title='bbox 806 2283 894 2337; x_wconf 78' lang='lat' dir='ltr'><strong>(lictae</strong></span> <span class='ocrx_word' id='word_1_187' title='bbox 916 2286 1008 2336; x_wconf 90' lang='lat' dir='ltr'><strong>curiae</strong></span> <span class='ocrx_word' id='word_1_188' title='bbox 1026 2284 1161 2350; x_wconf 78' lang='lat' dir='ltr'><strong>ripuensis</strong></span> <span class='ocrx_word' id='word_1_189' title='bbox 1180 2285 1306 2347; x_wconf 73' lang='lat' dir='ltr'><strong>ciuitatis,</strong></span> <span class='ocrx_word' id='word_1_190' title='bbox 1319 2297 1382 2352; x_wconf 77' lang='lat' dir='ltr'><strong>grav</strong></span> 
     </span>
     <span class='ocr_line' id='line_1_25' title="bbox 190 2380 1382 2450; baseline -0.003 -13"><span class='ocrx_word' id='word_1_191' title='bbox 190 2385 257 2437; x_wconf 91' lang='lat' dir='ltr'><strong>sima</strong></span> <span class='ocrx_word' id='word_1_192' title='bbox 278 2382 434 2436; x_wconf 86' lang='lat' dir='ltr'><strong>infirmitate</strong></span> <span class='ocrx_word' id='word_1_193' title='bbox 446 2384 549 2450; x_wconf 91' lang='lat' dir='ltr'><strong>percuti</strong></span> <span class='ocrx_word' id='word_1_194' title='bbox 571 2387 599 2434; x_wconf 87' lang='lat' dir='ltr'><strong>et</strong></span> <span class='ocrx_word' id='word_1_195' title='bbox 611 2395 626 2434; x_wconf 91' lang='lat' dir='ltr'><strong>a</strong></span> <span class='ocrx_word' id='word_1_196' title='bbox 639 2383 755 2448; x_wconf 82' lang='lat' dir='ltr'><strong>physicis</strong></span> <span class='ocrx_word' id='word_1_197' title='bbox 775 2382 859 2447; x_wconf 91' lang='lat' dir='ltr'><strong>ipsius</strong></span> <span class='ocrx_word' id='word_1_198' title='bbox 878 2380 972 2433; x_wconf 83' lang='lat' dir='ltr'><strong>domni</strong></span> <span class='ocrx_word' id='word_1_199' title='bbox 987 2382 1058 2448; x_wconf 87' lang='lat' dir='ltr'><strong>regis</strong></span> <span class='ocrx_word' id='word_1_200' title='bbox 1078 2387 1105 2433; x_wconf 90' lang='lat' dir='ltr'><strong>et</strong></span> <span class='ocrx_word' id='word_1_201' title='bbox 1125 2380 1186 2434; x_wconf 90' lang='lat' dir='ltr'><strong>aliis</strong></span> <span class='ocrx_word' id='word_1_202' title='bbox 1202 2381 1382 2448; x_wconf 82' lang='lat' dir='ltr'><strong>perclootissin</strong></span> 
     </span>
     <span class='ocr_line' id='line_1_26' title="bbox 189 2479 1382 2546; baseline -0.003 -11"><span class='ocrx_word' id='word_1_203' title='bbox 189 2490 253 2536; x_wconf 90' lang='lat' dir='ltr'><strong>tune</strong></span> <span class='ocrx_word' id='word_1_204' title='bbox 266 2484 428 2536; x_wconf 87' lang='lat' dir='ltr'><strong>moriturum</strong></span> <span class='ocrx_word' id='word_1_205' title='bbox 447 2480 574 2546; x_wconf 80' lang='lat' dir='ltr'><strong>judicari,</strong></span> <span class='ocrx_word' id='word_1_206' title='bbox 588 2485 670 2546; x_wconf 90' lang='lat' dir='ltr'><strong>prout</strong></span> <span class='ocrx_word' id='word_1_207' title='bbox 690 2484 749 2532; x_wconf 86' lang='lat' dir='ltr'><strong>erat</strong></span> <span class='ocrx_word' id='word_1_208' title='bbox 767 2479 914 2546; x_wconf 85' lang='lat' dir='ltr'><strong>judicatus,</strong></span> <span class='ocrx_word' id='word_1_209' title='bbox 927 2484 956 2532; x_wconf 95' lang='lat' dir='ltr'><strong>ut</strong></span> <span class='ocrx_word' id='word_1_210' title='bbox 979 2480 1036 2545; x_wconf 91' lang='lat' dir='ltr'><strong>ipse</strong></span> <span class='ocrx_word' id='word_1_211' title='bbox 1047 2480 1184 2533; x_wconf 85' lang='lat' dir='ltr'><strong>veraciter</strong></span> <span class='ocrx_word' id='word_1_212' title='bbox 1201 2481 1277 2533; x_wconf 80' lang='lat' dir='ltr'><strong>norit</strong></span> <span class='ocrx_word' id='word_1_213' title='bbox 1288 2498 1296 2546; x_wconf 88' lang='lat'>;</span> <span class='ocrx_word' id='word_1_214' title='bbox 1309 2479 1359 2532; x_wconf 72' lang='lat' dir='ltr'><strong>secl</strong></span> <span class='ocrx_word' id='word_1_215' title='bbox 1371 2495 1382 2546; x_wconf 86' lang='lat' dir='ltr'><strong>p</strong></span> 
     </span>
     <span class='ocr_line' id='line_1_27' title="bbox 188 2578 1382 2649; baseline -0.004 -13"><span class='ocrx_word' id='word_1_216' title='bbox 188 2582 326 2649; x_wconf 70' lang='lat' dir='ltr'><strong>cruendam</strong></span> <span class='ocrx_word' id='word_1_217' title='bbox 339 2595 398 2648; x_wconf 75' lang='lat' dir='ltr'><strong>epus</strong></span> <span class='ocrx_word' id='word_1_218' title='bbox 411 2581 532 2646; x_wconf 80' lang='lat' dir='ltr'><strong>fratrem,</strong></span> <span class='ocrx_word' id='word_1_219' title='bbox 547 2584 733 2644; x_wconf 87' lang='lat' dir='ltr'><strong>nuncupatum</strong></span> <span class='ocrx_word' id='word_1_220' title='bbox 746 2579 896 2642; x_wconf 85' lang='lat' dir='ltr'><strong>Simonem,</strong></span> <span class='ocrx_word' id='word_1_221' title='bbox 910 2579 981 2631; x_wconf 92' lang='lat' dir='ltr'><strong>beati</strong></span> <span class='ocrx_word' id='word_1_222' title='bbox 994 2578 1098 2631; x_wconf 81' lang='lat' dir='ltr'><strong>claudii</strong></span> <span class='ocrx_word' id='word_1_223' title='bbox 1116 2579 1247 2645; x_wconf 86' lang='lat' dir='ltr'><strong>precibus</strong></span> <span class='ocrx_word' id='word_1_224' title='bbox 1264 2592 1382 2633; x_wconf 87' lang='lat' dir='ltr'><strong>reeomn</strong></span> 
     </span>
     <span class='ocr_line' id='line_1_28' title="bbox 189 2678 1382 2748; baseline -0.001 -15"><span class='ocrx_word' id='word_1_225' title='bbox 189 2697 245 2748; x_wconf 79' lang='lat' dir='ltr'><strong>sus,</strong></span> <span class='ocrx_word' id='word_1_226' title='bbox 258 2682 311 2734; x_wconf 90' lang='lat' dir='ltr'><strong>illis</strong></span> <span class='ocrx_word' id='word_1_227' title='bbox 324 2688 351 2733; x_wconf 87' lang='lat' dir='ltr'><strong>et</strong></span> <span class='ocrx_word' id='word_1_228' title='bbox 362 2682 567 2734; x_wconf 71' lang='lat' dir='ltr'><strong>beataemariae</strong></span> <span class='ocrx_word' id='word_1_229' title='bbox 579 2679 830 2747; x_wconf 74' lang='lat' dir='ltr'><strong>i&#39;irginisetbeatac</strong></span> <span class='ocrx_word' id='word_1_230' title='bbox 844 2679 942 2731; x_wconf 82' lang='lat' dir='ltr'><strong>blariae</strong></span> <span class='ocrx_word' id='word_1_231' title='bbox 952 2678 1128 2747; x_wconf 82' lang='lat' dir='ltr'><strong>blagdalenae</strong></span> <span class='ocrx_word' id='word_1_232' title='bbox 1137 2678 1210 2744; x_wconf 82' lang='lat' dir='ltr'><strong>apud</strong></span> <span class='ocrx_word' id='word_1_233' title='bbox 1224 2682 1311 2732; x_wconf 86' lang='lat' dir='ltr'><strong>boum</strong></span> <span class='ocrx_word' id='word_1_234' title='bbox 1324 2692 1382 2745; x_wconf 75' lang='lat' dir='ltr'><strong>coop</strong></span> 
     </span>
     <span class='ocr_line' id='line_1_29' title="bbox 190 2779 1376 2848; baseline -0.003 -12"><span class='ocrx_word' id='word_1_235' title='bbox 190 2783 323 2847; x_wconf 88' lang='lat' dir='ltr'><strong>rantibus,</strong></span> <span class='ocrx_word' id='word_1_236' title='bbox 336 2783 394 2848; x_wconf 89' lang='lat' dir='ltr'><strong>ipse</strong></span> <span class='ocrx_word' id='word_1_237' title='bbox 406 2784 560 2847; x_wconf 81' lang='lat' dir='ltr'><strong>aegrotatus</strong></span> <span class='ocrx_word' id='word_1_238' title='bbox 573 2780 745 2844; x_wconf 84' lang='lat' dir='ltr'><strong>miraculose,</strong></span> <span class='ocrx_word' id='word_1_239' title='bbox 759 2786 789 2833; x_wconf 88' lang='lat' dir='ltr'><strong>ut</strong></span> <span class='ocrx_word' id='word_1_240' title='bbox 808 2781 948 2833; x_wconf 91' lang='lat' dir='ltr'><strong>notorium</strong></span> <span class='ocrx_word' id='word_1_241' title='bbox 960 2784 1002 2833; x_wconf 87' lang='lat' dir='ltr'><strong>est</strong></span> <span class='ocrx_word' id='word_1_242' title='bbox 1024 2781 1052 2831; x_wconf 95' lang='lat' dir='ltr'><strong>in</strong></span> <span class='ocrx_word' id='word_1_243' title='bbox 1066 2780 1172 2833; x_wconf 75' lang='lat' dir='ltr'><strong>civitate</strong></span> <span class='ocrx_word' id='word_1_244' title='bbox 1185 2779 1285 2833; x_wconf 88' lang='lat' dir='ltr'><strong>eadem</strong></span> <span class='ocrx_word' id='word_1_245' title='bbox 1302 2786 1331 2832; x_wconf 86' lang='lat' dir='ltr'><strong>et</strong></span> <span class='ocrx_word' id='word_1_246' title='bbox 1342 2780 1376 2833; x_wconf 91' lang='lat' dir='ltr'><strong>ab</strong></span> 
     </span>
     <span class='ocr_line' id='line_1_30' title="bbox 191 2878 1382 2946; baseline -0.002 -13"><span class='ocrx_word' id='word_1_247' title='bbox 191 2881 305 2933; x_wconf 88' lang='lat' dir='ltr'><strong>tirmiter</strong></span> <span class='ocrx_word' id='word_1_248' title='bbox 325 2880 455 2943; x_wconf 82' lang='lat' dir='ltr'><strong>ereditur,</strong></span> <span class='ocrx_word' id='word_1_249' title='bbox 468 2879 503 2931; x_wconf 91' lang='lat' dir='ltr'><strong>ab</strong></span> <span class='ocrx_word' id='word_1_250' title='bbox 523 2878 620 2931; x_wconf 86' lang='lat' dir='ltr'><strong>eadem</strong></span> <span class='ocrx_word' id='word_1_251' title='bbox 641 2878 798 2931; x_wconf 71' lang='lat' dir='ltr'><strong>infirmitate</strong></span> <span class='ocrx_word' id='word_1_252' title='bbox 820 2880 915 2939; x_wconf 79' lang='lat' dir='ltr'><strong>erasit,</strong></span> <span class='ocrx_word' id='word_1_253' title='bbox 928 2884 956 2932; x_wconf 92' lang='lat' dir='ltr'><strong>ct</strong></span> <span class='ocrx_word' id='word_1_254' title='bbox 971 2879 1007 2932; x_wconf 94' lang='lat' dir='ltr'><strong>ob</strong></span> <span class='ocrx_word' id='word_1_255' title='bbox 1029 2878 1056 2930; x_wconf 87' lang='lat' dir='ltr'><strong>id</strong></span> <span class='ocrx_word' id='word_1_256' title='bbox 1069 2892 1131 2932; x_wconf 89' lang='lat' dir='ltr'><strong>cum</strong></span> <span class='ocrx_word' id='word_1_257' title='bbox 1152 2879 1301 2946; x_wconf 81' lang='lat' dir='ltr'><strong>gratianum</strong></span> <span class='ocrx_word' id='word_1_258' title='bbox 1315 2879 1382 2932; x_wconf 88' lang='lat' dir='ltr'><strong>actio</strong></span> 
     </span>
     <span class='ocr_line' id='line_1_31' title="bbox 192 2958 1382 3043; baseline -0.003 -12"><span class='ocrx_word' id='word_1_259' title='bbox 192 2982 262 3032; x_wconf 90' lang='lat' dir='ltr'><strong>haue</strong></span> <span class='ocrx_word' id='word_1_260' title='bbox 274 2979 345 3031; x_wconf 87' lang='lat' dir='ltr'><strong>beati</strong></span> <span class='ocrx_word' id='word_1_261' title='bbox 358 2958 463 3030; x_wconf 80' lang='lat' dir='ltr'><strong>Claudii</strong></span> <span class='ocrx_word' id='word_1_262' title='bbox 476 2977 620 3029; x_wconf 87' lang='lat' dir='ltr'><strong>ecelesiam</strong></span> <span class='ocrx_word' id='word_1_263' title='bbox 633 2982 660 3028; x_wconf 89' lang='lat' dir='ltr'><strong>et</strong></span> <span class='ocrx_word' id='word_1_264' title='bbox 679 2977 763 3043; x_wconf 90' lang='lat' dir='ltr'><strong>ipsius</strong></span> <span class='ocrx_word' id='word_1_265' title='bbox 775 2977 962 3030; x_wconf 91' lang='lat' dir='ltr'><strong>beatissimum</strong></span> <span class='ocrx_word' id='word_1_266' title='bbox 980 2990 1079 3043; x_wconf 88' lang='lat' dir='ltr'><strong>corpus</strong></span> <span class='ocrx_word' id='word_1_267' title='bbox 1098 2978 1126 3029; x_wconf 90' lang='lat' dir='ltr'><strong>iu</strong></span> <span class='ocrx_word' id='word_1_268' title='bbox 1144 2978 1256 3043; x_wconf 89' lang='lat' dir='ltr'><strong>proprio</strong></span> <span class='ocrx_word' id='word_1_269' title='bbox 1269 2992 1331 3029; x_wconf 89' lang='lat' dir='ltr'><strong>cum</strong></span> <span class='ocrx_word' id='word_1_270' title='bbox 1349 2976 1382 3028; x_wconf 76' lang='lat' dir='ltr'><strong>uir</strong></span> 
     </span>
     <span class='ocr_line' id='line_1_32' title="bbox 191 3075 1382 3146; baseline -0.003 -16"><span class='ocrx_word' id='word_1_271' title='bbox 191 3081 250 3146; x_wconf 84' lang='lat' dir='ltr'><strong>ejus</strong></span> <span class='ocrx_word' id='word_1_272' title='bbox 263 3078 346 3131; x_wconf 79' lang='lat' dir='ltr'><strong>fratre</strong></span> <span class='ocrx_word' id='word_1_273' title='bbox 366 3078 480 3129; x_wconf 76' lang='lat' dir='ltr'><strong>visitarit</strong></span> <span class='ocrx_word' id='word_1_274' title='bbox 492 3076 537 3128; x_wconf 80' lang='lat' dir='ltr'><strong>ilie</strong></span> <span class='ocrx_word' id='word_1_275' title='bbox 556 3077 625 3143; x_wconf 75' lang='lat' dir='ltr'><strong>jocis</strong></span> <span class='ocrx_word' id='word_1_276' title='bbox 643 3075 818 3142; x_wconf 82' lang='lat' dir='ltr'><strong>quindecima</strong></span> <span class='ocrx_word' id='word_1_277' title='bbox 839 3077 943 3128; x_wconf 89' lang='lat' dir='ltr'><strong>mensis</strong></span> <span class='ocrx_word' id='word_1_278' title='bbox 963 3077 1037 3143; x_wconf 87' lang='lat' dir='ltr'><strong>maii,</strong></span> <span class='ocrx_word' id='word_1_279' title='bbox 1054 3088 1128 3129; x_wconf 90' lang='lat' dir='ltr'><strong>anno</strong></span> <span class='ocrx_word' id='word_1_280' title='bbox 1149 3076 1256 3130; x_wconf 86' lang='lat' dir='ltr'><strong>bomini</strong></span> <span class='ocrx_word' id='word_1_281' title='bbox 1275 3075 1382 3128; x_wconf 89' lang='lat' dir='ltr'><strong>millesir</strong></span> 
     </span>
     <span class='ocr_line' id='line_1_33' title="bbox 194 3175 1382 3245; baseline -0.001 -15"><span class='ocrx_word' id='word_1_282' title='bbox 194 3178 307 3232; x_wconf 67' lang='lat' dir='ltr'><strong>reccho</strong></span> <span class='ocrx_word' id='word_1_283' title='bbox 327 3178 424 3245; x_wconf 75' lang='lat' dir='ltr'><strong>prrinto</strong></span> <span class='ocrx_word' id='word_1_284' title='bbox 443 3179 462 3229; x_wconf 84' lang='lat'><strong>‘.</strong></span> <span class='ocrx_word' id='word_1_285' title='bbox 475 3179 507 3229; x_wconf 80' lang='lat' dir='ltr'><strong>ut</strong></span> <span class='ocrx_word' id='word_1_286' title='bbox 527 3177 654 3242; x_wconf 88' lang='lat' dir='ltr'><strong>inhujus</strong></span> <span class='ocrx_word' id='word_1_287' title='bbox 674 3177 798 3229; x_wconf 87' lang='lat' dir='ltr'><strong>miraculi</strong></span> <span class='ocrx_word' id='word_1_288' title='bbox 821 3177 943 3229; x_wconf 85' lang='lat' dir='ltr'><strong>veritatis</strong></span> <span class='ocrx_word' id='word_1_289' title='bbox 961 3177 1070 3243; x_wconf 84' lang='lat' dir='ltr'><strong>signum</strong></span> <span class='ocrx_word' id='word_1_290' title='bbox 1091 3175 1158 3229; x_wconf 85' lang='lat' dir='ltr'><strong>illud</strong></span> <span class='ocrx_word' id='word_1_291' title='bbox 1179 3177 1236 3243; x_wconf 91' lang='lat' dir='ltr'><strong>ipse</strong></span> <span class='ocrx_word' id='word_1_292' title='bbox 1258 3177 1382 3230; x_wconf 78' lang='lat' dir='ltr'><strong>blanchar</strong></span> 
     </span>
     <span class='ocr_line' id='line_1_34' title="bbox 191 3273 861 3344; baseline -0.004 -14"><span class='ocrx_word' id='word_1_293' title='bbox 191 3291 273 3330; x_wconf 89' lang='lat' dir='ltr'><strong>manu</strong></span> <span class='ocrx_word' id='word_1_294' title='bbox 286 3277 396 3344; x_wconf 86' lang='lat' dir='ltr'><strong>propria</strong></span> <span class='ocrx_word' id='word_1_295' title='bbox 409 3275 510 3328; x_wconf 86' lang='lat' dir='ltr'><strong>ibidem</strong></span> <span class='ocrx_word' id='word_1_296' title='bbox 523 3275 640 3340; x_wconf 85' lang='lat' dir='ltr'><strong>scripsit.</strong></span> <span class='ocrx_word' id='word_1_297' title='bbox 653 3277 676 3327; x_wconf 85' lang='lat' dir='ltr'><strong>l.</strong></span> <span class='ocrx_word' id='word_1_298' title='bbox 691 3273 861 3327; x_wconf 81' lang='lat' dir='ltr'><strong>blanchardi.</strong></span> 
     </span>
    </p>

    <p class='ocr_par' dir='ltr' id='par_1_6' title="bbox 237 3371 1369 3438">
     <span class='ocr_line' id='line_1_35' title="bbox 237 3371 1369 3438; baseline -0.001 -11"><span class='ocrx_word' id='word_1_299' title='bbox 237 3375 432 3428; x_wconf 68' lang='lat' dir='ltr'><strong>miraculum</strong></span> <span class='ocrx_word' id='word_1_300' title='bbox 449 3374 539 3437; x_wconf 85' lang='lat'><strong>[1.11].</strong></span> <span class='ocrx_word' id='word_1_301' title='bbox 558 3375 605 3425; x_wconf 84' lang='lat' dir='ltr'><strong>De</strong></span> <span class='ocrx_word' id='word_1_302' title='bbox 622 3386 721 3436; x_wconf 80' lang='lat' dir='ltr'><strong>puero</strong></span> <span class='ocrx_word' id='word_1_303' title='bbox 745 3371 895 3426; x_wconf 75' lang='lat' dir='ltr'><strong>abortivo</strong></span> <span class='ocrx_word' id='word_1_304' title='bbox 912 3371 1010 3438; x_wconf 70' lang='lat' dir='ltr'><strong>signe</strong></span> <span class='ocrx_word' id='word_1_305' title='bbox 1030 3371 1121 3426; x_wconf 76' lang='lat' dir='ltr'><strong>vitae</strong></span> <span class='ocrx_word' id='word_1_306' title='bbox 1137 3374 1277 3427; x_wconf 79' lang='lat' dir='ltr'><strong>habente</strong></span> <span class='ocrx_word' id='word_1_307' title='bbox 1294 3377 1369 3426; x_wconf 77' lang='lat' dir='ltr'><strong>voto</strong></span> 
     </span>
    </p>

    <p class='ocr_par' dir='ltr' id='par_1_7' title="bbox 390 3470 1217 3537">
     <span class='ocr_line' id='line_1_36' title="bbox 390 3470 1217 3537; baseline 0 -12"><span class='ocrx_word' id='word_1_308' title='bbox 390 3473 433 3525; x_wconf 80' lang='lat' dir='ltr'><strong>ad</strong></span> <span class='ocrx_word' id='word_1_309' title='bbox 452 3474 582 3525; x_wconf 64' lang='lat' dir='ltr'><strong>matum</strong></span> <span class='ocrx_word' id='word_1_310' title='bbox 601 3471 770 3525; x_wconf 79' lang='lat' dir='ltr'><strong>Claudium</strong></span> <span class='ocrx_word' id='word_1_311' title='bbox 786 3485 809 3524; x_wconf 76' lang='lat' dir='ltr'><strong>a</strong></span> <span class='ocrx_word' id='word_1_312' title='bbox 828 3470 1018 3535; x_wconf 76' lang='lat' dir='ltr'><strong>parentinus</strong></span> <span class='ocrx_word' id='word_1_313' title='bbox 1035 3471 1149 3525; x_wconf 78' lang='lat' dir='ltr'><strong>omisso</strong></span> <span class='ocrx_word' id='word_1_314' title='bbox 1165 3472 1217 3537; x_wconf 78' lang='lat'><strong>(2).</strong></span> 
     </span>
    </p>

    <p class='ocr_par' dir='ltr' id='par_1_8' title="bbox 187 3570 1382 4431">
     <span class='ocr_line' id='line_1_37' title="bbox 221 3570 1382 3639; baseline -0.001 -13"><span class='ocrx_word' id='word_1_315' title='bbox 221 3574 355 3639; x_wconf 80' lang='lat' dir='ltr'><strong>Quoniam</strong></span> <span class='ocrx_word' id='word_1_316' title='bbox 368 3575 439 3626; x_wconf 84' lang='lat' dir='ltr'><strong>Deus</strong></span> <span class='ocrx_word' id='word_1_317' title='bbox 451 3570 586 3624; x_wconf 89' lang='lat' dir='ltr'><strong>mirabilia</strong></span> <span class='ocrx_word' id='word_1_318' title='bbox 599 3572 627 3622; x_wconf 94' lang='lat' dir='ltr'><strong>in</strong></span> <span class='ocrx_word' id='word_1_319' title='bbox 639 3572 740 3623; x_wconf 90' lang='lat' dir='ltr'><strong>sanctis</strong></span> <span class='ocrx_word' id='word_1_320' title='bbox 751 3573 808 3623; x_wconf 93' lang='lat' dir='ltr'><strong>suis</strong></span> <span class='ocrx_word' id='word_1_321' title='bbox 820 3571 960 3623; x_wconf 80' lang='lat' dir='ltr'><strong>intertium</strong></span> <span class='ocrx_word' id='word_1_322' title='bbox 974 3572 1038 3623; x_wconf 83' lang='lat' dir='ltr'><strong>iacit</strong></span> <span class='ocrx_word' id='word_1_323' title='bbox 1046 3584 1143 3638; x_wconf 86' lang='lat' dir='ltr'><strong>magna</strong></span> <span class='ocrx_word' id='word_1_324' title='bbox 1153 3581 1182 3625; x_wconf 88' lang='lat' dir='ltr'><strong>et</strong></span> <span class='ocrx_word' id='word_1_325' title='bbox 1190 3585 1261 3638; x_wconf 85' lang='lat' dir='ltr'><strong>quae</strong></span> <span class='ocrx_word' id='word_1_326' title='bbox 1271 3586 1322 3639; x_wconf 89' lang='lat' dir='ltr'><strong>per</strong></span> <span class='ocrx_word' id='word_1_327' title='bbox 1330 3572 1382 3625; x_wconf 84' lang='lat' dir='ltr'><strong>riiri</strong></span> 
     </span>
     <span class='ocr_line' id='line_1_38' title="bbox 187 3671 1382 3742; baseline 0 -16"><span class='ocrx_word' id='word_1_328' title='bbox 187 3678 305 3742; x_wconf 86' lang='lat' dir='ltr'><strong>aguntur</strong></span> <span class='ocrx_word' id='word_1_329' title='bbox 317 3679 431 3725; x_wconf 88' lang='lat' dir='ltr'><strong>naturae</strong></span> <span class='ocrx_word' id='word_1_330' title='bbox 446 3671 565 3724; x_wconf 89' lang='lat' dir='ltr'><strong>humana</strong></span> <span class='ocrx_word' id='word_1_331' title='bbox 578 3671 722 3724; x_wconf 82' lang='lat' dir='ltr'><strong>indubiese</strong></span> <span class='ocrx_word' id='word_1_332' title='bbox 742 3671 887 3731; x_wconf 75' lang='lat' dir='ltr'><strong>habentur.</strong></span> <span class='ocrx_word' id='word_1_333' title='bbox 900 3676 931 3723; x_wconf 87' lang='lat' dir='ltr'><strong>ut</strong></span> <span class='ocrx_word' id='word_1_334' title='bbox 943 3672 1074 3725; x_wconf 87' lang='lat' dir='ltr'><strong>seriosius</strong></span> <span class='ocrx_word' id='word_1_335' title='bbox 1086 3675 1132 3725; x_wconf 80' lang='lat' dir='ltr'><strong>liei</strong></span> <span class='ocrx_word' id='word_1_336' title='bbox 1146 3678 1265 3739; x_wconf 88' lang='lat' dir='ltr'><strong>potestas</strong></span> <span class='ocrx_word' id='word_1_337' title='bbox 1278 3678 1306 3725; x_wconf 87' lang='lat' dir='ltr'><strong>et</strong></span> <span class='ocrx_word' id='word_1_338' title='bbox 1318 3686 1382 3726; x_wconf 86' lang='lat' dir='ltr'><strong>sanc</strong></span> 
     </span>
     <span class='ocr_line' id='line_1_39' title="bbox 188 3770 1382 3839; baseline 0 -14"><span class='ocrx_word' id='word_1_339' title='bbox 188 3787 249 3825; x_wconf 86' lang='lat' dir='ltr'><strong>rum</strong></span> <span class='ocrx_word' id='word_1_340' title='bbox 270 3773 329 3838; x_wconf 88' lang='lat' dir='ltr'><strong>ejus</strong></span> <span class='ocrx_word' id='word_1_341' title='bbox 341 3770 492 3824; x_wconf 88' lang='lat' dir='ltr'><strong>eluseeseat</strong></span> <span class='ocrx_word' id='word_1_342' title='bbox 512 3774 540 3822; x_wconf 92' lang='lat' dir='ltr'><strong>et</strong></span> <span class='ocrx_word' id='word_1_343' title='bbox 551 3783 584 3822; x_wconf 90' lang='lat' dir='ltr'><strong>oa</strong></span> <span class='ocrx_word' id='word_1_344' title='bbox 596 3782 666 3836; x_wconf 83' lang='lat' dir='ltr'><strong>quae</strong></span> <span class='ocrx_word' id='word_1_345' title='bbox 688 3782 842 3836; x_wconf 80' lang='lat' dir='ltr'><strong>perrarum</strong></span> <span class='ocrx_word' id='word_1_346' title='bbox 864 3777 990 3823; x_wconf 90' lang='lat' dir='ltr'><strong>naturam</strong></span> <span class='ocrx_word' id='word_1_347' title='bbox 1009 3783 1065 3824; x_wconf 93' lang='lat' dir='ltr'><strong>non</strong></span> <span class='ocrx_word' id='word_1_348' title='bbox 1085 3771 1222 3824; x_wconf 89' lang='lat' dir='ltr'><strong>habentur</strong></span> <span class='ocrx_word' id='word_1_349' title='bbox 1234 3784 1284 3838; x_wconf 92' lang='lat' dir='ltr'><strong>per</strong></span> <span class='ocrx_word' id='word_1_350' title='bbox 1295 3785 1382 3839; x_wconf 78' lang='lat' dir='ltr'><strong>exemp</strong></span> 
     </span>
     <span class='ocr_line' id='line_1_40' title="bbox 189 3868 1380 3938; baseline 0.001 -14"><span class='ocrx_word' id='word_1_351' title='bbox 189 3882 388 3937; x_wconf 84' lang='lat' dir='ltr'><strong>nonnunquam</strong></span> <span class='ocrx_word' id='word_1_352' title='bbox 409 3869 593 3933; x_wconf 82' lang='lat' dir='ltr'><strong>deluduntur,</strong></span> <span class='ocrx_word' id='word_1_353' title='bbox 614 3882 688 3921; x_wconf 89' lang='lat' dir='ltr'><strong>nuno</strong></span> <span class='ocrx_word' id='word_1_354' title='bbox 708 3872 750 3921; x_wconf 89' lang='lat' dir='ltr'><strong>est</strong></span> <span class='ocrx_word' id='word_1_355' title='bbox 770 3868 843 3935; x_wconf 81' lang='lat' dir='ltr'><strong>quoti</strong></span> <span class='ocrx_word' id='word_1_356' title='bbox 865 3870 971 3923; x_wconf 75' lang='lat' dir='ltr'><strong>noviter</strong></span> <span class='ocrx_word' id='word_1_357' title='bbox 992 3882 1061 3923; x_wconf 80' lang='lat' dir='ltr'><strong>uxor</strong></span> <span class='ocrx_word' id='word_1_358' title='bbox 1080 3870 1217 3936; x_wconf 81' lang='lat' dir='ltr'><strong>llycoleti‚</strong></span> <span class='ocrx_word' id='word_1_359' title='bbox 1236 3872 1380 3938; x_wconf 81' lang='lat' dir='ltr'><strong>lingonen</strong></span> 
     </span>
     <span class='ocr_line' id='line_1_41' title="bbox 189 3965 1382 4041; baseline 0.003 -22"><span class='ocrx_word' id='word_1_360' title='bbox 189 3969 307 4023; x_wconf 84' lang='lat' dir='ltr'><strong>rliocesis</strong></span> <span class='ocrx_word' id='word_1_361' title='bbox 318 3967 523 4041; x_wconf 84' lang='lat' dir='ltr'><strong>commorantis,</strong></span> <span class='ocrx_word' id='word_1_362' title='bbox 537 3966 608 4019; x_wconf 86' lang='lat' dir='ltr'><strong>sieut</strong></span> <span class='ocrx_word' id='word_1_363' title='bbox 619 3969 674 4019; x_wconf 87' lang='lat' dir='ltr'><strong>beo</strong></span> <span class='ocrx_word' id='word_1_364' title='bbox 696 3965 807 4032; x_wconf 86' lang='lat' dir='ltr'><strong>placuit,</strong></span> <span class='ocrx_word' id='word_1_365' title='bbox 821 3968 928 4032; x_wconf 84' lang='lat' dir='ltr'><strong>peperit</strong></span> <span class='ocrx_word' id='word_1_366' title='bbox 942 3968 1096 4020; x_wconf 81' lang='lat' dir='ltr'><strong>abortivum</strong></span> <span class='ocrx_word' id='word_1_367' title='bbox 1118 3974 1164 4020; x_wconf 88' lang='lat' dir='ltr'><strong>aut</strong></span> <span class='ocrx_word' id='word_1_368' title='bbox 1184 3969 1281 4021; x_wconf 87' lang='lat' dir='ltr'><strong>saltem</strong></span> <span class='ocrx_word' id='word_1_369' title='bbox 1302 3983 1382 4035; x_wconf 83' lang='lat' dir='ltr'><strong>pueri</strong></span> 
     </span>
     <span class='ocr_line' id='line_1_42' title="bbox 192 4066 1382 4137; baseline 0.002 -16"><span class='ocrx_word' id='word_1_370' title='bbox 192 4071 350 4135; x_wconf 87' lang='lat' dir='ltr'><strong>incapacem</strong></span> <span class='ocrx_word' id='word_1_371' title='bbox 362 4067 396 4120; x_wconf 90' lang='lat' dir='ltr'><strong>ad</strong></span> <span class='ocrx_word' id='word_1_372' title='bbox 410 4068 574 4133; x_wconf 89' lang='lat' dir='ltr'><strong>baptismum</strong></span> <span class='ocrx_word' id='word_1_373' title='bbox 587 4066 803 4132; x_wconf 88' lang='lat' dir='ltr'><strong>suscipiendum.</strong></span> <span class='ocrx_word' id='word_1_374' title='bbox 817 4069 865 4130; x_wconf 81' lang='lat' dir='ltr'><strong>Qui</strong></span> <span class='ocrx_word' id='word_1_375' title='bbox 878 4080 928 4132; x_wconf 91' lang='lat' dir='ltr'><strong>per</strong></span> <span class='ocrx_word' id='word_1_376' title='bbox 939 4073 995 4120; x_wconf 89' lang='lat' dir='ltr'><strong>tres</strong></span> <span class='ocrx_word' id='word_1_377' title='bbox 1006 4067 1066 4120; x_wconf 86' lang='lat' dir='ltr'><strong>dics</strong></span> <span class='ocrx_word' id='word_1_378' title='bbox 1078 4069 1232 4129; x_wconf 79' lang='lat' dir='ltr'><strong>continuos,</strong></span> <span class='ocrx_word' id='word_1_379' title='bbox 1246 4074 1276 4122; x_wconf 91' lang='lat' dir='ltr'><strong>ut</strong></span> <span class='ocrx_word' id='word_1_380' title='bbox 1288 4071 1337 4121; x_wconf 85' lang='lat' dir='ltr'><strong>bei</strong></span> <span class='ocrx_word' id='word_1_381' title='bbox 1348 4072 1382 4137; x_wconf 84' lang='lat' dir='ltr'><strong>ju</strong></span> 
     </span>
     <span class='ocr_line' id='line_1_43' title="bbox 190 4163 1382 4234; baseline 0.002 -16"><span class='ocrx_word' id='word_1_382' title='bbox 190 4165 264 4218; x_wconf 89' lang='lat' dir='ltr'><strong>ruine</strong></span> <span class='ocrx_word' id='word_1_383' title='bbox 275 4166 439 4229; x_wconf 76' lang='lat' dir='ltr'><strong>minaretur,</strong></span> <span class='ocrx_word' id='word_1_384' title='bbox 446 4163 477 4216; x_wconf 87' lang='lat' dir='ltr'><strong>in</strong></span> <span class='ocrx_word' id='word_1_385' title='bbox 486 4165 598 4217; x_wconf 88' lang='lat' dir='ltr'><strong>alteram</strong></span> <span class='ocrx_word' id='word_1_386' title='bbox 607 4164 722 4216; x_wconf 78' lang='lat' dir='ltr'><strong>civitatis</strong></span> <span class='ocrx_word' id='word_1_387' title='bbox 730 4164 908 4232; x_wconf 83' lang='lat' dir='ltr'><strong>hingonensis</strong></span> <span class='ocrx_word' id='word_1_388' title='bbox 915 4165 1059 4219; x_wconf 88' lang='lat' dir='ltr'><strong>ecclesiam</strong></span> <span class='ocrx_word' id='word_1_389' title='bbox 1068 4165 1192 4234; x_wconf 78' lang='lat' dir='ltr'><strong>vigilatus</strong></span> <span class='ocrx_word' id='word_1_390' title='bbox 1200 4167 1297 4220; x_wconf 79' lang='lat' dir='ltr'><strong>extitit.</strong></span> <span class='ocrx_word' id='word_1_391' title='bbox 1307 4169 1382 4220; x_wconf 84' lang='lat' dir='ltr'><strong>bcmt</strong></span> 
     </span>
     <span class='ocr_line' id='line_1_44' title="bbox 191 4263 1382 4332; baseline 0 -13"><span class='ocrx_word' id='word_1_392' title='bbox 191 4267 255 4332; x_wconf 81' lang='lat' dir='ltr'><strong>quia</strong></span> <span class='ocrx_word' id='word_1_393' title='bbox 267 4273 358 4319; x_wconf 84' lang='lat' dir='ltr'><strong>rector</strong></span> <span class='ocrx_word' id='word_1_394' title='bbox 378 4265 463 4331; x_wconf 91' lang='lat' dir='ltr'><strong>ipsius</strong></span> <span class='ocrx_word' id='word_1_395' title='bbox 483 4265 616 4317; x_wconf 85' lang='lat' dir='ltr'><strong>ecclesiae</strong></span> <span class='ocrx_word' id='word_1_396' title='bbox 636 4263 700 4317; x_wconf 87' lang='lat' dir='ltr'><strong>alibi</strong></span> <span class='ocrx_word' id='word_1_397' title='bbox 723 4263 827 4317; x_wconf 84' lang='lat' dir='ltr'><strong>dictum</strong></span> <span class='ocrx_word' id='word_1_398' title='bbox 847 4277 963 4330; x_wconf 90' lang='lat' dir='ltr'><strong>puerum</strong></span> <span class='ocrx_word' id='word_1_399' title='bbox 981 4264 1089 4318; x_wconf 77' lang='lat' dir='ltr'><strong>deterre</strong></span> <span class='ocrx_word' id='word_1_400' title='bbox 1107 4265 1258 4331; x_wconf 73' lang='lat' dir='ltr'><strong>imperarit,</strong></span> <span class='ocrx_word' id='word_1_401' title='bbox 1272 4277 1382 4319; x_wconf 75' lang='lat' dir='ltr'><strong>assercn</strong></span> 
     </span>
     <span class='ocr_line' id='line_1_45' title="bbox 193 4362 1382 4431; baseline 0.001 -13"><span class='ocrx_word' id='word_1_402' title='bbox 193 4364 267 4431; x_wconf 73' lang='lat' dir='ltr'><strong>(ruod</strong></span> <span class='ocrx_word' id='word_1_403' title='bbox 288 4366 358 4416; x_wconf 86' lang='lat' dir='ltr'><strong>sicut</strong></span> <span class='ocrx_word' id='word_1_404' title='bbox 382 4364 483 4417; x_wconf 83' lang='lat' dir='ltr'><strong>lactum</strong></span> <span class='ocrx_word' id='word_1_405' title='bbox 508 4362 596 4415; x_wconf 82' lang='lat' dir='ltr'><strong>bremt</strong></span> <span class='ocrx_word' id='word_1_406' title='bbox 617 4365 672 4415; x_wconf 80' lang='lat' dir='ltr'><strong>lieo</strong></span> <span class='ocrx_word' id='word_1_407' title='bbox 691 4362 819 4429; x_wconf 83' lang='lat' dir='ltr'><strong>libuerat,</strong></span> <span class='ocrx_word' id='word_1_408' title='bbox 839 4362 1044 4430; x_wconf 76' lang='lat' dir='ltr'><strong>‹leserentloque</strong></span> <span class='ocrx_word' id='word_1_409' title='bbox 1065 4377 1114 4429; x_wconf 88' lang='lat' dir='ltr'><strong>per·</strong></span> <span class='ocrx_word' id='word_1_410' title='bbox 1132 4364 1246 4417; x_wconf 86' lang='lat' dir='ltr'><strong>alteram</strong></span> <span class='ocrx_word' id='word_1_411' title='bbox 1275 4367 1382 4419; x_wconf 83' lang='lat' dir='ltr'><strong>mulier</strong></span> 
     </span>
    </p>
   </div>
   <div class='ocr_carea' id='block_1_5' title="bbox 222 4557 1111 4626">
    <p class='ocr_par' dir='ltr' id='par_1_9' title="bbox 222 4557 1111 4626">
     <span class='ocr_line' id='line_1_46' title="bbox 222 4557 1111 4626; baseline 0.001 -16"><span class='ocrx_word' id='word_1_412' title='bbox 222 4560 257 4625; x_wconf 81' lang='lat' dir='ltr'><strong>p)</strong></span> <span class='ocrx_word' id='word_1_413' title='bbox 279 4558 334 4612; x_wconf 85' lang='lat' dir='ltr'><strong>cn.</strong></span> <span class='ocrx_word' id='word_1_414' title='bbox 348 4558 426 4621; x_wconf 78' lang='lat' dir='ltr'><strong>nm..</strong></span> <span class='ocrx_word' id='word_1_415' title='bbox 440 4574 467 4624; x_wconf 88' lang='lat' dir='ltr'><strong>p.</strong></span> <span class='ocrx_word' id='word_1_416' title='bbox 480 4558 539 4622; x_wconf 84' lang='lat' dir='ltr'><strong>cor,</strong></span> <span class='ocrx_word' id='word_1_417' title='bbox 553 4572 580 4610; x_wconf 84' lang='lat' dir='ltr'><strong>n.</strong></span> <span class='ocrx_word' id='word_1_418' title='bbox 595 4559 636 4610; x_wconf 81' lang='lat' dir='ltr'><strong>ao.</strong></span> <span class='ocrx_word' id='word_1_419' title='bbox 654 4584 688 4594; x_wconf 91' lang='lat'>-</span> <span class='ocrx_word' id='word_1_420' title='bbox 704 4558 738 4622; x_wconf 77' lang='lat' dir='ltr'><strong>(e)</strong></span> <span class='ocrx_word' id='word_1_421' title='bbox 755 4557 811 4611; x_wconf 83' lang='lat' dir='ltr'><strong>arr.</strong></span> <span class='ocrx_word' id='word_1_422' title='bbox 825 4558 902 4625; x_wconf 77' lang='lat' dir='ltr'><strong>niu,</strong></span> <span class='ocrx_word' id='word_1_423' title='bbox 915 4575 942 4626; x_wconf 84' lang='lat' dir='ltr'><strong>p.</strong></span> <span class='ocrx_word' id='word_1_424' title='bbox 955 4560 1014 4626; x_wconf 82' lang='lat' dir='ltr'><strong>eos,</strong></span> <span class='ocrx_word' id='word_1_425' title='bbox 1028 4573 1056 4612; x_wconf 84' lang='lat' dir='ltr'><strong>rr.</strong></span> <span class='ocrx_word' id='word_1_426' title='bbox 1069 4562 1111 4612; x_wconf 82' lang='lat' dir='ltr'><strong>ro.</strong></span> 
     </span>
    </p>
   </div>
   <div class='ocr_carea' id='block_1_6' title="bbox 0 0 1573 5482">
    <p class='ocr_par' dir='ltr' id='par_1_10' title="bbox 0 0 1573 5482">
     <span class='ocr_line' id='line_1_47' title="bbox 0 0 1573 5482; baseline 0 0"><span class='ocrx_word' id='word_1_427' title='bbox 0 0 1573 5482; x_wconf 95' lang='lat' dir='ltr'><strong> </strong></span> 
     </span>
    </p>
   </div>
  </div>
 </body>
</html>
