3136 5482
329 362 420 413 amn.
440 362 525 412 una.
544 363 660 413 ranis.
679 383 725 392 -
741 362 895 411 arpano.
915 362 962 410 nn
978 360 1056 409 ooo.
1074 355 1150 407 5291.
1291 335 1354 402 591

126 528 204 581 nodo
218 528 249 581 in
261 541 344 597 regno
357 530 453 597 ipsius,
471 530 595 596 quamvis
616 529 746 583 laudabili
768 544 847 595 ausu,
870 530 963 581 iacere
981 527 1208 593 praesumpserat,
1228 521 1355 575 videlicet

126 632 147 678 lt
160 629 297 681 universa
314 641 364 681 sua
385 629 558 694 patrimonia,
580 643 651 696 quae
673 644 688 682 a
708 629 878 697 genitoribus
900 629 939 680 illi
961 629 1154 692 provenerant,
1171 620 1356 676 cleronomiae

126 727 221 779 :bristi
246 726 407 780 condonans
427 728 653 794 transcripsisset.
674 731 705 781 Et
724 733 756 780 ut
771 729 799 779 in
821 727 965 794 prouerbio
985 725 1105 778 dicitur:
1122 719 1356 783 dccniameotc

126 824 253 879 miseria
264 828 350 880 caret
367 826 499 888 invidia,
519 829 549 880 et
564 828 648 881 unde
667 826 764 881 boetus
778 827 917 895 proficit,
939 825 1013 878 inde
1027 823 1143 891 impios
1155 817 1353 884 contabescit,

126 926 153 979 io
162 926 401 992 contigitvae'illi
410 927 505 991 menti,
515 939 598 993 quam
608 927 768 979 excrucians
778 926 846 979 odor
855 926 943 978 bonae
953 924 1121 990 operationis
1130 924 1264 988 cujusque
1274 918 1351 972 occi·
1415 916 1426 938 ·

125 1024 169 1076 lit.
194 1024 264 1075 liam
284 1028 311 1076 et
331 1024 485 1090 praedictus
507 1037 556 1076 rex
568 1028 651 1091 atque
671 1025 814 1090 optimates
835 1024 908 1076 illius
926 1023 1044 1076 cundem
1065 1020 1215 1074 Gerardum
1229 1017 1355 1071 comitem

126 1128 276 1177 nneterato
289 1121 352 1176 odio
364 1122 523 1176 multotiens
535 1123 606 1176 civili
618 1124 690 1177 bello
708 1124 916 1185 lacessiverant;
931 1124 989 1189 ipse
999 1128 1090 1175 tamen
1101 1121 1192 1174 diuina
1206 1132 1235 1172 se
1245 1120 1358 1185 juvante

126 1223 210 1289 palia
224 1222 393 1289 triumphum
405 1223 535 1276 victoriae
548 1225 706 1290 reportavit.
724 1225 841 1277 illenim
854 1228 1022 1289 compertum
1037 1223 1157 1275 habuere
1170 1219 1357 1286 prodigiosum

127 1321 302 1387 niraculum,
316 1321 388 1388 quod
402 1323 552 1389 contigerat
574 1323 601 1374 in
621 1324 783 1389 exceptione
805 1324 926 1389 corporis
948 1324 1042 1376 beatae
1059 1322 1158 1374 Mariae
1173 1317 1357 1386 llagdalenae,

127 1422 258 1476 mitiores
270 1420 357 1474 enecti
369 1426 424 1474 tam
436 1434 483 1474 rex
495 1436 577 1488 quam
589 1423 719 1488 primates
732 1423 816 1487 illius,
829 1423 965 1476 amicitiae
977 1424 1062 1490 gratia
1074 1435 1135 1474 sese
1149 1419 1186 1472 illi
1197 1421 1357 1486 junxerunt.

127 1526 209 1588 tuam
223 1521 418 1586 multiplicibus
431 1521 551 1586 denique
563 1522 755 1574 miraculorum
769 1523 854 1590 signis
863 1521 963 1575 exinde
977 1523 1053 1575 locus
1062 1522 1119 1588 jam
1132 1519 1257 1585 superius
1270 1516 1359 1569 dictus

127 1622 323 1676 viceliacensis
334 1622 463 1675 claruerit
475 1634 531 1674 non
544 1628 605 1688 eget
618 1621 769 1674 litterarum
783 1623 955 1675 testimoniis.

154 1721 189 1773 2.
205 1721 334 1797 Sequenti
347 1718 467 1785 deinque
481 1725 603 1784 tempore
614 1721 728 1788 contigit
740 1700 801 1773 os'sa
815 1721 896 1772 etiam
909 1726 1019 1772 sanctae
1029 1719 1157 1780 Marthae,
1171 1716 1274 1770 sororis
1287 1717 1356 1781 ejus·

127 1820 187 1873 lem
198 1819 310 1883 blaciae,
324 1818 358 1871 ab
371 1818 503 1870 Africanis
515 1817 637 1883 partibus
647 1832 696 1884 per
712 1818 850 1885 quendam
864 1820 1039 1884 monachum,
1054 1815 1168 1870 nominc
1181 1815 1352 1880 (tentionem,

127 1918 159 1970 ld
174 1915 297 1971 eundem
310 1916 399 1969 locum
412 1916 522 1969 deterri.
546 1917 646 1969 Fratris
666 1931 776 1984 quoque
788 1931 893 1985 earum,
907 1918 992 1971 sancti
1007 1916 1133 1969 uidelicet
1144 1916 1248 1978 Lazari,
1259 1913 1356 1968 eadem

130 2020 288 2082 empestate
300 2014 333 2067 acl
346 2014 467 2068 aeduam
481 2015 616 2067 ciuitatem
635 2028 697 2068 ossa
718 2015 806 2069 delata
828 2022 900 2068 sunt.
920 2019 1073 2078 Praeterea,
1093 2008 1221 2080 utsupra
1236 2019 1355 2065 taxatum

127 2118 170 2179 st,
185 2112 321 2164 industria
331 2112 731 2179 comitisGerardiperplurima
746 2114 890 2167 beatorum
905 2114 1018 2181 pignora
1033 2113 1227 2178 undecumque
1243 2111 1356 2164 collecta

131 2212 230 2265 bidem
248 2212 433 2270 continentur,
447 2225 477 2263 ac
491 2212 636 2277 praecipue
648 2213 832 2278 apostolorum
847 2213 918 2264 Petri
936 2218 963 2265 et
981 2212 1065 2274 Pauli,
1080 2212 1221 2277 sanctione
1241 2208 1355 2262 bncleoli

128 2311 252 2376 nartyris
265 2324 326 2375 pars
338 2310 478 2376 potissima
490 2311 614 2376 corporis
638 2310 741 2364 ibidem
760 2316 883 2365 servatur
897 2310 1047 2364 honorifice
1066 2311 1216 2364 recondita.
1231 2309 1354 2362 blasilius

128 2423 235 2479 puocpue
257 2415 356 2474 martyr
374 2422 405 2461 ae
417 2410 540 2474 pontifex
558 2411 709 2463 senonicae
721 2411 836 2463 celsitatis
848 2411 1039 2463 decentissime
1053 2410 1107 2460 illic
1120 2409 1268 2462 tumulatus
1280 2408 1357 2475 quie·

128 2511 187 2561 icit.
205 2510 326 2560 Serenus
337 2509 418 2560 etiam
433 2508 572 2561 consessor
592 2522 625 2562 ex
645 2511 749 2578 integro
769 2512 841 2576 jacet
862 2511 939 2575 inibi,
953 2511 998 2577 qui
1012 2510 1138 2575 primitus
1147 2510 1270 2575 jacuerat
1281 2505 1352 2574 apud

128 2607 268 2661 ecclesiam
283 2607 373 2659 Sancti
394 2606 527 2658 lobannis
541 2609 683 2674 Baptistae,
697 2610 724 2660 in
738 2609 797 2661 loco
809 2611 856 2676 qui
877 2613 956 2663 vetus
975 2609 1123 2661 viceliacus
1136 2608 1354 2675 cognominatur.

128 2708 321 2774 >arsdeuique
334 2709 476 2761 beatorum
489 2714 637 2774 martyrum
650 2711 769 2774 Eusebii,
792 2712 935 2773 Vincentii,
957 2710 1092 2771 Pontiani,
1116 2708 1253 2775 Peregrini
1275 2714 1357 2773 atque

128 2810 189 2862 tulii
203 2808 293 2860 media
307 2820 452 2873 corporum
472 2809 569 2861 eodem
590 2811 618 2861 in
641 2811 699 2863 loco
721 2806 1354 2877 scr·uatnr,c1uiuidelioetallomanopontiiiee

128 2908 289 2959 »hamorem
301 2906 409 2959 comitis
420 2907 531 2959 Gerardi
543 2906 577 2960 ad
590 2908 708 2961 eundem
721 2909 811 2962 locum
822 2909 927 2973 directi,
942 2913 995 2960 tam
1008 2908 1036 2958 in
1047 2907 1144 2958 itinere
1153 2918 1235 2972 uuam
1245 2904 1346 2959 ibidem

128 3005 194 3057 ositi
207 3002 303 3071 [sunt].
318 3003 437 3055 Plurima
450 3004 582 3058 beneticia
594 3019 643 3071 per
655 3007 764 3059 iliorum
778 3008 873 3059 merita
884 3008 1007 3059 cbristus
1021 3004 1152 3071 praestitit
1173 3004 1339 3057 bominibus.
