3136 5482
299 323 366 388 482
642 342 768 392 aaran.
788 342 890 393 cono.
911 318 1086 395 aiaraci.
1105 344 1189 396 aar.

298 511 345 562 liis
357 515 383 563 et
395 510 550 577 hujusmodi
563 512 708 566 virtutibus
721 513 827 579 pollens
845 521 872 567 ct
883 515 997 582 gloriam
1011 515 1128 568 labentis
1147 514 1253 567 saeculi
1276 528 1327 582 per
1346 517 1440 569 omnia
1451 516 1526 584 despi-

299 610 385 676 ciens,
398 624 448 677 per
459 615 601 678 angustam
610 612 682 664 viam
691 612 787 681 jugum
799 613 866 681 legis
879 615 985 666 bomini
999 614 1117 667 libenter
1127 615 1158 666 in
1169 615 1282 668 cervice
1290 627 1344 669 sua
1354 617 1527 684 portansjugi

298 712 349 771 ter,
362 714 570 775 praeparaverat
582 710 632 763 sibi
645 709 758 764 domum
771 713 799 764 in
812 712 896 765 choro
911 713 1072 766 caelestium
1087 713 1231 766 virtutum.

333 808 383 861 sa.
396 809 501 862 christo
514 822 577 877 ergo
587 809 722 873 amabilis,
737 811 802 864 dum
812 811 927 864 feliciter
936 812 1069 880 gauderet
1088 813 1219 866 vitiorum
1231 812 1362 867 tomitem
1375 815 1405 867 in
1416 816 1519 868 mucia

298 908 332 961 tis
344 909 441 962 itincre
454 909 573 975 pleniter
588 909 772 974 conculcasse,
785 911 867 963 etiam
884 911 1036 964 terminum
1046 912 1142 964 mortis
1154 917 1181 965 et
1193 912 1298 965 ostium
1308 913 1383 967 ritae
1392 912 1539 968 marcini

297 1005 349 1059 sibi
359 1008 602 1074 appropinquasse,
610 1013 673 1061 ante
686 1014 788 1074 septem
798 1007 857 1062 dies
869 1009 960 1061 exitus
972 1009 1014 1061 sui
1024 1010 1185 1063 convocavit
1193 1021 1296 1063 omnes
1303 1010 1458 1066 sacerdotes
1466 1022 1516 1064 suos

297 1110 325 1158 et
336 1106 402 1159 dixit
414 1107 449 1160 ad
461 1121 509 1161 eos
522 1124 529 1160 ε
543 1107 673 1162 Sabbata
684 1111 813 1163 venturo
824 1121 942 1174 mappa
954 1108 1015 1161 erit
1027 1107 1109 1162 caeti
1119 1107 1286 1162 serenitas.
1300 1110 1367 1177 an
1376 1110 1456 1164 enim
1462 1107 1513 1162 red·

297 1205 521 1260 decimatori
538 1220 602 1260 meo
623 1209 805 1261 creaturam
825 1220 925 1273 suam,
946 1209 981 1260 ut
993 1207 1114 1274 possim
1134 1220 1207 1262 cam
1229 1221 1266 1262 ea
1283 1209 1427 1276 adame
1444 1219 1512 1277 oren

296 1301 473 1357 desideravi
486 1304 627 1358 omnibus
638 1304 743 1358 diebus
755 1304 839 1358 vitae
855 1317 950 1358 meae.
962 1305 1020 1359 Sed
1027 1317 1142 1371 precor
1151 1318 1214 1373 vos,
1228 1319 1247 1359 ο
1259 1304 1386 1373 tratres
1405 1308 1435 1361 et
1450 1306 1509 1360 dile

296 1401 429 1455 ctissime·
438 1402 511 1472 filii,
526 1406 559 1456 ut
571 1416 642 1458 cam
659 1403 805 1471 dilipenti
822 1404 927 1457 studio
939 1417 1050 1472 corpas
1062 1417 1165 1458 meum
1175 1405 1343 1472 sepeliatis
1355 1405 1390 1459 in
1401 1402 1537 1460 tundali
1567 1444 1568 1454 ,

298 1501 336 1555 ut
348 1503 444 1557 nolite
456 1515 602 1570 umquam
622 1502 762 1556 oblivisci
776 1506 1019 1570 praeceptorum
1039 1503 1173 1571 Domini,
1196 1503 1354 1571 quatinus
1373 1502 1508 1560 socedat

300 1601 387 1655 sinas
407 1601 610 1669 requietionis
621 1602 775 1669 suscipiat
790 1605 819 1655 et
835 1603 870 1654 in
882 1604 1012 1656 aeterna
1024 1603 1125 1669 quiete
1141 1602 1327 1658 misericors
1345 1605 1424 1658 Deris
1434 1604 1507 1658 asur

295 1698 413 1753 naliter
422 1699 559 1766 paudere
571 1700 726 1754 concedat.
740 1700 787 1752 bic
798 1706 888 1754 autem
901 1700 1017 1767 sabbati,
1029 1714 1086 1768 quo
1098 1705 1209 1754 sanctus
1221 1701 1266 1754 vir
1283 1702 1331 1756 bei
1348 1703 1505 1769 praeditnl.

295 1802 323 1852 in
335 1800 434 1854 cellula
445 1802 492 1853 ubi
501 1802 560 1867 ipse
569 1800 757 1868 requiescebat
769 1806 880 1868 repente
899 1802 1049 1856 audiuntur
1058 1802 1235 1856 dulcissimae
1246 1816 1330 1857 voces
1349 1814 1504 1870 supemomu

295 1900 439 1966 spirituum
452 1900 480 1952 in
492 1901 567 1954 vario
580 1914 646 1954 sexu
659 1907 686 1954 ct
707 1906 803 1967 aetate,
822 1902 851 1953 in
873 1903 948 1954 exitu
965 1903 1026 1969 ejus
1037 1903 1195 1956 canentium
1208 1907 1238 1955 et
1248 1905 1337 1956 Deum
1347 1898 1531 1957 landramno

295 2001 367 2052 luter
388 1999 574 2066 hujuscemodi
592 2000 779 2066 jubilationes,
800 2001 872 2053 intcr
892 2014 1076 2067 supernorum
1094 2002 1236 2071 agminum
1249 2002 1502 2065 exultationesiotcs

294 2110 391 2151 manus
402 2106 559 2152 sanctorum
571 2099 740 2167 angelorum,
753 2100 825 2152 inter
836 2099 935 2167 gaudia
948 2105 1103 2154 sanctarum
1116 2102 1285 2167 animarum,
1297 2101 1445 2156 dulcissimi
1454 2112 1502 2168 pott-
1559 2099 1560 2104 ’

292 2197 372 2251 tillcis
383 2198 476 2251 anima
487 2199 561 2252 velut
573 2200 650 2252 nivea
663 2199 788 2253 columba
802 2201 909 2252 cunctis
920 2199 1079 2254 sidentibus
1090 2201 1207 2255 evolavit
1218 2206 1248 2254 et
1259 2214 1325 2255 cum
1336 2201 1385 2254 tali
1396 2202 1501 2256 misac

296 2298 442 2351 laetissima
455 2297 624 2364 pervenitad
638 2311 700 2351 cum
713 2310 795 2365 quem
805 2311 913 2364 semper
923 2298 1132 2365 desideraverat,
1144 2301 1296 2367 Christum,
1314 2314 1379 2355 cum
1395 2299 1502 2369 maisit

296 2396 411 2451 lelieitcr
422 2397 537 2451 laetatur
548 2401 575 2450 et
585 2395 685 2465 gautlet
697 2397 726 2449 in
737 2397 846 2451 saecula
858 2398 1040 2452 saeculorum.
1053 2401 1149 2453 nmen.
1511 2394 1532 2447 Ι

464 2617 507 2664 ou
523 2617 553 2665 s,
572 2617 702 2664 senuna
718 2617 858 2666 maurus
874 2598 956 2684 (Cir.
976 2619 1088 2685 supra,
1108 2621 1143 2686 p.
1162 2600 1245 2681 465,
1264 2602 1354 2689 20⁰).

327 2803 399 2855 llaec
410 2803 579 2855 sanctissima
593 2804 695 2855 serena
707 2801 780 2869 apud
792 2803 932 2868 Spolctum
950 2803 978 2855 in
994 2805 1162 2858 monasterio
1178 2806 1267 2859 sancti
1286 2806 1380 2860 savini
1400 2802 1505 2873 marinii

205 2904 211 2916 '
295 2901 362 2955 foris
383 2914 475 2953 muros
496 2901 581 2967 urbis,
603 2902 649 2954 ubi
671 2906 698 2953 et
718 2901 842 2967 pluribus
863 2902 1003 2955 miraculis
1015 2903 1185 2967 coruscabat,
1199 2903 1411 2970 quieveratzad
1422 2900 1505 2972 quen·

294 3013 381 3067 paene
393 3000 493 3053 cotidie
511 3014 626 3067 magnus
647 3001 810 3066 populorum
823 3002 948 3054 veniebat
961 3015 1111 3055 concursus
1122 3020 1129 3067 ;
1140 3003 1176 3055 ite
1189 3009 1220 3055 ut
1232 3010 1331 3057 noctes
1343 3017 1450 3071 quoque
1458 3013 1504 3068 pcr-

291 3101 385 3168 viffl’les
406 3102 500 3154 turbae
520 3113 582 3154 cum
603 3100 722 3153 lucernis
743 3102 895 3168 ceterisque
916 3101 1037 3155 donariis
1058 3103 1095 3155 ibi
1117 3110 1293 3170 peragerent.
1305 3107 1386 3157 Anno
1402 3094 1537 3168 deniqne!

291 3196 444 3251 dominicae
469 3199 663 3251 incarnationis
690 3200 896 3265 nongentesimo
920 3203 1130 3267 septuagesimo,
1152 3213 1251 3268 magno
1274 3207 1303 3254 et
1324 3200 1505 3270 gloriosissimo

290 3298 392 3350 octone
402 3300 515 3350 Caesare
525 3300 643 3365 Augusto
653 3299 767 3365 ejusque
777 3297 833 3351 lilio
843 3298 991 3365 aequivoco
1004 3313 1054 3353 suo
1064 3299 1264 3364 imperantibus
1275 3306 1304 3352 et
1315 3299 1408 3352 ltaliae
1416 3302 1506 3363 sceptra

289 3397 377 3450 solide
397 3411 428 3450 ac
448 3396 559 3463 pacillce
581 3411 667 3464 usque
688 3399 717 3450 in
738 3397 807 3452 lines
834 3398 974 3451 calabriae
1002 3400 1229 3467 gubernantibus,
1251 3400 1349 3452 beatae
1375 3396 1506 3451 memoriae

288 3494 407 3549 domnus
418 3496 601 3550 Theodericus
615 3499 709 3564 major,
722 3503 832 3550 sanctae
844 3498 970 3550 lietensis
988 3499 1120 3552 ccclesiae
1138 3498 1329 3552 nobilissimus
1340 3504 1367 3552 et
1379 3496 1506 3564 religiosus

289 3595 443 3661 episcopus,
456 3595 507 3659 ipsi
520 3596 676 3661 imperatori
689 3595 923 3661 consanguinitate
936 3609 967 3647 ac
986 3596 1054 3647 mira
1071 3595 1217 3648 dilectione
1239 3598 1414 3664 conjunctus,
1426 3596 1452 3647 in
1462 3584 1538 3659 (1⁰²³

290 3695 439 3747 triennium
450 3695 507 3746 iere
517 3695 648 3757 militarit,
659 3693 725 3746 dum
735 3706 861 3760 quaeque
873 3693 908 3746 ad
921 3695 1054 3747 bonorem
1066 3708 1116 3747 seu
1128 3693 1162 3747 ad
1177 3696 1322 3749 munimen
1334 3708 1400 3750 suae
1411 3700 1505 3748 saurus

289 3783 361 3846 sedis
379 3794 542 3860 exquireret.
556 3798 636 3859 atque
653 3792 797 3845 efficaciter
808 3793 878 3845 uotis
900 3793 959 3859 eius
974 3798 1071 3845 cuncta
1088 3798 1278 3860 suppeterent,
1293 3808 1437 3862 corporum
1456 3804 1504 3845 sau·

289 3897 395 3945 storum
416 3891 561 3944 maximam
581 3890 737 3944 exdiversls
757 3890 848 3944 ltaliae
868 3891 934 3944 locis
946 3891 1038 3944 divina
1056 3904 1086 3944 se
1098 3893 1183 3958 gratia
1203 3891 1353 3958 adjurante
1369 3893 1505 3948 collectam.

153 4005 161 4022 ·
197 4002 228 4055 ·,
289 3996 398 4044 sanctae
418 3991 705 4043 lletcnsis'invebcre
726 3990 839 4043 studuit.
853 3994 927 4043 inter
946 4004 1017 4057 quac
1035 3995 1157 4043 sanctam
1177 4005 1291 4060 quoque
1314 3996 1441 4047 &renam
1457 4001 1506 4043 curt

293 4092 404 4158 integris
416 4094 471 4143 toto
484 4102 598 4155 corpore
616 4090 733 4154 ossibus,
747 4090 830 4142 misso
850 4074 990 4155 Spoletum
1012 4089 1150 4143 liotbardo
1172 4089 1292 4145 diacono
1313 4106 1377 4145 cum
1393 4093 1451 4144 aliis
1465 4080 1539 4141 sibili

292 4190 419 4242 fidelibus
430 4190 505 4247 viris,
518 4188 681 4242 venerabilis
695 4188 816 4254 pontilex
827 4193 869 4241 est
880 4187 1004 4254 adeptus.
1019 4192 1055 4241 lie
1067 4201 1132 4255 qua,
1143 4195 1256 4255 praeter
1267 4190 1345 4257 quod
1359 4192 1388 4244 in
1399 4190 1509 4257 passione

291 4291 376 4343 sancti
392 4289 483 4343 savini
496 4288 640 4354 reperitur,
652 4301 712 4341 cam
725 4289 814 4353 ipsum
826 4288 936 4340 beatum
950 4293 1096 4353 martyrem
1109 4288 1269 4354 tumulasse,
1285 4290 1357 4343 nibil
1369 4290 1429 4357 plus
1440 4294 1512 4357 gesto

292 4402 352 4441 rum
364 4390 423 4455 ejus
437 4388 596 4454 perquirere
610 4390 768 4451 potuerunt.
780 4387 853 4449 Quae
863 4390 955 4437 umen
968 4389 1022 4437 tam
1035 4384 1154 4437 assiduis
1166 4399 1196 4439 se
1208 4387 1344 4440 virtutum
1356 4386 1514 4442 commendat

291 4487 454 4557 insignibus,
468 4492 498 4540 ut
518 4487 577 4538 viva
598 4486 695 4537 barum
715 4485 833 4537 lectione
853 4484 940 4537 oculis
960 4483 1092 4551 subjecta,
1105 4491 1245 4552 gestorum
1265 4490 1444 4543 attestatione
1460 4482 1516 4555 quid

292 4589 372 4641 luerit
384 4590 411 4641 in
423 4588 476 4642 vita
490 4600 545 4640 non
557 4592 644 4653 egeat.
658 4585 720 4637 bles
732 4585 791 4650 ejus
803 4595 821 4635 x
834 4583 898 4649 kal,
912 4582 1008 4635 eodem
1028 4595 1084 4649 quo
1105 4589 1133 4637 et
1151 4585 1237 4638 sancti
1249 4588 1347 4640 savini
1360 4576 1546 4644 celebratus!
