3136 5482
172 303 238 369 508
515 317 640 367 cunno.
660 318 760 368 cono.
776 317 951 368 asmona.
970 316 1052 367 nnn.

168 493 215 546 sie
227 492 261 544 in
273 493 450 560 memetipso
462 491 535 546 diesi
546 510 555 546 .·
570 509 581 541 ι
595 493 776 559 Nrimquam
788 491 916 546 credam
925 488 1046 544 bomini
1056 500 1155 557 super
1168 490 1314 571 terrama
1328 487 1377 541 ter·

98 616 106 625 -
168 590 305 644 ribiliter
318 590 416 658 r'pr‘tur
427 604 494 644 una
505 593 592 645 nocte
604 590 765 645 insomnis
777 590 837 643 iter
848 589 981 657 faciens,
994 586 1239 655 sterquilinium
1248 584 1380 654 positos

168 691 271 744 visum
282 693 328 744 est
339 689 418 742 inibi
426 691 544 758 fiumen
553 703 627 756 esse,
635 689 795 758 subitoque
804 690 838 742 in
850 688 934 743 illud
936 687 1084 757 prorupi,
1092 688 1190 754 utque
1199 684 1235 738 in
1242 684 1380 739 ouuiblm

169 801 270 841 meum
284 791 313 842 te
321 789 446 843 excelsa
457 800 528 842 voce
538 788 685 842 clamavi.
695 787 866 855 Statimque
876 800 917 841 ea
928 787 994 840 alto
1006 797 1140 839 manum
1146 781 1321 852 porrexisti
1332 783 1381 835 eto

168 891 324 959 spurcitia
336 890 446 958 sotoris
467 904 526 958 quo
547 893 685 944 retentus
700 901 788 942 eram
809 885 998 940 abstraxisti
1016 896 1074 938 me.
1088 884 1173 951 nepa
1192 894 1265 950 erpo
1280 884 1308 935 et
1320 881 1401 949 supi

163 990 250 1058 plico
263 990 375 1058 tibint,
387 990 469 1045 sicut
481 990 643 1044 insomnis
657 988 799 1042 liberasti
810 999 867 1055 me,
882 986 928 1039 ito
948 983 986 1038 ab
998 983 1059 1037 bae
1073 981 1232 1052 passione
1250 993 1336 1050 quun
1351 977 1382 1033 ab

168 1088 228 1142 illa
241 1087 319 1143 bora
335 1102 453 1155 possus
465 1102 536 1141 sum
556 1102 649 1142 sanes
668 1091 698 1141 et
711 1088 840 1154 adjuves
858 1098 915 1139 me.
930 1084 1006 1149 Quod
1018 1083 1136 1137 audiens
1148 1082 1250 1135 beatis
1270 1079 1382 1141 ltioolsus,

166 1185 233 1239 dixit
243 1187 277 1240 nd
290 1201 353 1240 eum
368 1205 374 1241 :
388 1189 468 1253 Esto,
482 1188 541 1256 fili,
555 1188 665 1242 amodo
686 1199 807 1254 semper
817 1185 932 1254 fidelis,
946 1183 1022 1252 quia
1042 1181 1208 1237 increduli
1221 1179 1379 1236 bomineset

167 1287 309 1355 infideles
321 1300 383 1341 non
399 1287 529 1341 evadent
548 1286 621 1341 buic
632 1285 912 1350 similejndicium.
925 1284 963 1338 lit
980 1282 1063 1337 sicta
1081 1295 1104 1336 a
1116 1280 1233 1350 fetom‘s
1247 1278 1381 1349 murato

168 1385 311 1439 liberavit
323 1389 352 1440 te
360 1387 519 1454 Dominus,
532 1387 577 1441 ita
589 1388 619 1440 et
633 1385 671 1440 ab
684 1385 872 1454 infirmitate
880 1382 1041 1451 passionis
1054 1383 1209 1435 tuaeesto
1221 1376 1411 1434 conminxit

166 1486 257 1553 itaque
270 1486 336 1538 abiit
348 1499 414 1539 sano
432 1498 546 1552 corpore
563 1499 684 1553 sanaque
707 1489 809 1552 mente,
822 1483 938 1537 laudans
950 1485 1036 1535 beum
1057 1485 1085 1535 et
1097 1480 1235 1534 famulum
1247 1492 1322 1533 suum
1330 1478 1380 1531 ben

166 1589 225 1638 tum
236 1585 386 1638 Nicolaum.

199 1685 249 1738 te.
262 1686 326 1738 Post
336 1697 393 1738 non
407 1684 522 1738 multum
536 1698 600 1738 vero
612 1690 720 1752 tempus
733 1690 828 1739 orante
841 1683 951 1737 Nicoluo
963 1694 1027 1735 cum
1040 1680 1169 1735 ministro
1182 1694 1235 1735 mo
1252 1678 1380 1734 mnan

166 1785 332 1851 presbytero,
345 1797 408 1838 ecce
421 1785 579 1838 immundus
592 1786 703 1852 spiritus
722 1786 795 1838 eirea
806 1783 925 1837 mediam
938 1787 1048 1837 noctem
1060 1795 1112 1849 per
1133 1781 1238 1835 scalam
1249 1776 1379 1835 assensisse

165 1888 192 1937 et
202 1883 371 1938 descendere
383 1885 457 1937 visus
469 1890 511 1937 est
522 1885 599 1951 qussi
621 1886 713 1939 homo.
730 1888 853 1952 cumque
865 1898 928 1937 eum
949 1882 1125 1935 intuerentur
1141 1881 1237 1945 ambo,
1249 1880 1377 1934 menan
1389 1870 1409 1925 lb

165 1996 314 2049 pavescens
327 1983 424 2036 timuit.
439 1987 514 2036 Tunc
527 1984 563 2037 ait
576 1984 608 2038 ad
623 1999 687 2038 eum
700 1986 826 2039 Nicotaus
840 1997 847 2036 :
861 1982 934 2038 Noli
946 1982 1064 2047 timere,
1077 1979 1195 2049 frater,
1208 1979 1284 2049 quia
1294 1972 1378 2031 inini-

164 2095 220 2137 eus
239 2085 344 2136 noster
361 2085 406 2136 est
426 2082 581 2150 diabolus,
595 2093 686 2148 pacm
705 2081 818 2149 cernis,
839 2095 903 2136 iton
923 2081 1021 2136 bomo.
1038 2079 1235 2136 consuet-m
1251 2078 1328 2134 enirn
1343 2075 1380 2130 est

165 2181 256 2235 illius
276 2194 380 2236 servos
392 2182 449 2235 Dei
468 2182 579 2236 multis
592 2181 692 2235 nwdis
713 2181 851 2235 illudere
869 2194 999 2250 semper.
1012 2183 1089 2234 ‘lune
1110 2179 1266 2246 increparit
1284 2177 1378 2231 eumut

165 2281 332 2335 abscederet.
346 2285 377 2334 lit
398 2283 506 2349 signum
525 2281 613 2334 crucis
625 2294 659 2334 eo
678 2281 848 2347 facientem
869 2281 928 2348 ipsa
940 2282 1008 2334 bora
1028 2279 1103 2333 scala
1124 2278 1249 2333 simulet
1268 2284 1377 2330 amem

165 2380 224 2446 eJ'us
237 2380 421 2445 phantasticus
432 2381 466 2432 ab
479 2394 575 2433 eorum
588 2379 655 2432 tacie
668 2378 785 2432 dissiluit
797 2386 878 2447 atque
890 2378 1032 2446 disparuit.
1383 2369 1404 2422 Ι

199 2481 248 2532 17.
263 2480 385 2534 Gloriosa
397 2485 553 2534 sanctorum
570 2480 710 2545 miracula,
724 2481 770 2547 qui
783 2480 892 2532 abortu
901 2478 1049 2533 nativitatis
1060 2490 1129 2531 suae
1151 2475 1269 2530 fideliter
1279 2471 1374 2528 mnus

165 2579 336 2645 placuerunt,
350 2580 411 2646 quis
423 2579 504 2648 digne
515 2585 545 2632 ut
559 2578 670 2646 expedit
680 2579 768 2632 ualeat
780 2578 915 2645 explicare
927 2576 1103 2630 sermonibus
1115 2578 1161 2630 i...
1171 2578 1219 2642 (t).

199 2677 249 2731 18.
263 2679 383 2742 Quodam
396 2692 507 2746 quoque
518 2686 640 2744 tempore
661 2692 677 2731 a
689 2679 865 2731 Plamitarum
877 2677 988 2730 castello
1004 2676 1039 2729 ad
1061 2681 1189 2730 sanctum
1211 2677 1297 2729 uirum
1313 2671 1373 2727 litto

163 2777 236 2831 laum
258 2780 382 2832 homines
401 2784 546 2844 venerunt,
559 2779 584 2831 ei
608 2779 792 2844 supplicantes
813 2777 949 2844 simulque
969 2777 1113 2830 dicentes:
1136 2772 1373 2832 meuntnnmt

159 2880 262 2945 pater,
275 2879 468 2946 deposcimus
493 2881 580 2931 tuam
592 2878 825 2932 sanctissimam
837 2876 1058 2944 benipnitatem
1070 2879 1107 2929 ut
1123 2875 1285 2930 auesilium
1301 2863 1403 2925 nebu!

162 2978 306 3046 conferre
329 2979 477 3046 timueris,
502 2980 577 3046 quia
602 2980 695 3032 valde
716 2978 928 3032 necessarium
951 2977 1038 3031 nobis
1061 2979 1108 3030 est
1132 2977 1271 3031 incidere
1291 2984 1371 3028 unum

162 3091 310 3145 rrrapnum
325 3079 444 3152 lipniun
460 3080 601 3146 cypressi
617 3081 810 3146 stonsjtcocta
831 3081 973 3133 nostrum
985 3078 1163 3146 castellum,
1176 3077 1212 3130 in
1233 3071 1371 3146 queunti-

161 3191 231 3229 mus
244 3177 441 3230 immundum
459 3179 608 3245 spiritum
623 3178 774 3245 babitare,
788 3178 843 3244 qai
853 3177 940 3231 nobis
959 3190 1022 3231 non
1030 3177 1192 3244 permittit
1204 3168 1372 3231 incidere&

156 3275 302 3340 posueris
323 3276 358 3327 in
377 3289 411 3329 eo
427 3289 557 3329 matrum
580 3262 688 3343 tuam,
701 3276 857 3331 credimus
878 3277 954 3343 qnia
974 3275 1151 3330 incidemus
1171 3278 1202 3329 ct
1221 3279 1370 3330 sternentis

78 3412 81 3419 ,
161 3373 254 3427 illud.
268 3378 344 3428 Tunc
356 3377 392 3427 sit
410 3389 504 3428 servus
518 3377 563 3428 liei
582 3376 706 3429 Nicotaus
720 3392 726 3427 :
740 3376 857 3429 Eamus
865 3375 1001 3442 pariter,
1015 3374 1146 3441 fratres.
1160 3375 1234 3428 Fial
1246 3364 1399 3428 ieiunarit

161 3474 286 3526 Domini
296 3475 397 3527 nostri
408 3476 482 3527 lesu
498 3474 614 3529 Christi
617 3516 623 3528 .
637 3478 759 3541 Cumque
771 3474 806 3527 ad
819 3474 939 3527 radicem
951 3473 1057 3527 arboris
1079 3475 1279 3540 pervenissem,
1291 3474 1369 3524 tinore

164 3575 280 3639 perculsi
292 3576 450 3628 metuebant
463 3583 603 3640 percutere
618 3576 731 3642 lignum.
745 3574 784 3627 nd
801 3575 867 3627 haec
879 3575 975 3628 beatus
987 3572 1153 3628 fiducialiter
1165 3573 1311 3642 intrepidis
1320 3580 1368 3623 cum

163 3673 250 3725 securi
269 3678 389 3726 sanciam
411 3676 568 3738 exprimens
581 3687 700 3738 crucem,
714 3679 817 3739 sepiem
839 3675 1029 3740 percussiones
1048 3687 1133 3727 manu
1154 3687 1204 3728 sua
1219 3677 1248 3728 in
1264 3674 1367 3727 arboren

164 3771 238 3823 dedit
251 3778 278 3823 et
291 3773 476 3824 laborantibus
489 3774 517 3823 in
530 3773 641 3824 nomine
658 3773 764 3825 bomini
786 3772 908 3826 incidere
920 3774 1067 3839 praecepit.
1081 3775 1186 3827 Deinde
1206 3787 1267 3827 cum
1279 3770 1367 3840 pertin

164 3877 238 3924 retur
250 3884 327 3936 opus,
342 3873 472 3937 impetum
486 3874 583 3926 arbore
596 3887 678 3938 super
690 3873 814 3926 homines
826 3874 944 3927 iaciente
956 3873 1068 3939 putabat
1080 3875 1200 3928 daemon
1212 3881 1243 3927 ut
1254 3862 1397 3927 occiderat

162 3971 270 4023 multos.
285 3974 316 4022 dt
329 3972 375 4023 ubi
388 3978 498 4024 sanctus
511 3973 600 4026 subito
614 3987 711 4026 manus
724 3973 752 4025 in
765 3975 892 4027 arborem
905 3973 992 4037 dedit,
1006 3976 1034 4026 in
1057 3975 1174 4027 alteram
1195 3980 1296 4040 partem
1308 3979 1369 4024 men

162 4070 224 4122 lecit
235 4076 259 4123 et
274 4072 380 4123 ruinam
398 4073 432 4124 ab
448 4073 604 4125 tronrinibus
618 4074 688 4128 tulit.
702 4078 778 4126 Tunc
798 4075 905 4142 fugiens
919 4074 1045 4127 diabolus
1067 4075 1095 4127 in
1108 4075 1205 4134 altum.
1221 4073 1368 4142 prmclnnans

163 4169 281 4237 lugendo
291 4171 380 4237 inquit
393 4187 398 4222 :
416 4172 483 4238 Vae,
494 4186 560 4239 vae,
572 4172 794 4227 habitationem
802 4186 904 4226 meam
911 4174 1042 4241 perdidt
1051 4178 1081 4228 ei
1089 4176 1282 4229 uoluntatem
1290 4179 1369 4224 meunt

161 4281 223 4322 iton
235 4270 366 4336 carpiani.
380 4271 471 4323 Nunc
483 4275 612 4324 satietas
618 4272 821 4337 persequitur
833 4286 882 4327 me
892 4275 1053 4330 Nicotaus.

195 4369 244 4422 te.
259 4371 380 4435 lienique
395 4375 517 4436 tempore
535 4370 663 4436 quodam,
677 4372 790 4437 cupiens
814 4381 924 4428 sanctus
937 4376 978 4427 vir
990 4374 1066 4426 obire
1079 4373 1107 4425 in
1127 4378 1222 4427 sancta
1234 4387 1266 4427 ac
1277 4360 1404 4427 renen-⁸

195 4534 227 4596 tt)
247 4533 334 4585 Multis
356 4533 420 4585 inde
443 4533 551 4586 disserit
571 4536 686 4601 scriptor
707 4535 741 4587 de
766 4535 963 4603 significatione
984 4536 1104 4589 nominis
1125 4536 1240 4599 nicolai,
1261 4534 1376 4605 quanin

163 4622 255 4669 sancto
268 4630 296 4669 re
309 4617 512 4682 comprobatam
524 4618 651 4672 ostendit.
