3136 5482
299 298 365 364 354
648 316 771 367 cnran.
789 316 892 369 cono.
911 319 1088 371 muscae.
1107 319 1188 371 nau.

297 496 388 537 meum
407 484 530 550 perticiet
549 484 596 551 qui
617 485 798 540 intentionem
817 487 908 540 cordis
927 487 1014 542 uidete
1033 489 1175 543 succincte
1198 487 1284 553 enim,
1305 487 1409 554 praevia
1430 491 1495 540 butu

296 585 419 651 veritate;
433 584 524 638 uerbis
542 584 605 639 licet
617 585 750 652 imperitis
763 585 860 652 loquar
878 588 975 641 Christi
996 588 1176 655 supplicibus,
1190 601 1226 642 ue
1244 587 1362 643 fecunda
1382 587 1496 641 rcrbonn

298 682 448 750 loquacitas
460 682 569 737 aurium
590 685 690 738 seruiat
709 685 827 751 pruritui
840 690 868 739 et
879 686 951 741 toliis
964 691 1076 741 utantur
1096 687 1223 742 homines
1234 698 1287 755 pro
1298 687 1395 743 bustu.
1405 686 1496 753 batque

299 795 355 836 non
374 783 432 837 visa
451 784 551 850 scribo,
565 797 635 850 quae
656 782 743 837 oculis
765 785 824 851 ipse
844 798 901 840 non
912 786 986 851 vidi3
1000 786 1112 841 domino
1131 790 1224 841 tamen
1236 787 1352 856 sugerio
1371 784 1496 841 udronusi

299 880 426 947 episeopo
438 887 466 934 et
477 881 538 934 aliis
550 881 615 934 uiris
625 881 767 936 catholicis
778 882 961 937 referentibus
973 885 1042 938 baec
1050 884 1108 951 ipsa
1120 884 1246 953 cognovi.
1259 885 1304 937 Sic
1315 896 1411 951 nempe
1421 881 1518 938 sumt

301 984 328 1033 et
339 982 426 1035 Lucas
444 981 626 1050 evangelium,
640 983 679 1035 sic
698 982 794 1037 beatus
806 983 951 1051 Gregorius
963 983 1100 1053 dialogum
1118 986 1196 1038 Petro
1208 984 1394 1053 interrogante
1407 981 1497 1038 eeneii·

300 1078 349 1147 bit,
363 1092 425 1133 cum
437 1084 529 1133 umen
541 1079 663 1135 uirorum
675 1079 729 1133 tide
742 1079 889 1149 dignorum
901 1082 1058 1136 narratione
1070 1086 1188 1149 mnium,
1201 1081 1261 1148 ipso
1271 1088 1352 1149 teste,
1364 1092 1428 1150 quac
1437 1079 1497 1135 reiut

299 1176 436 1231 didicerit.
450 1182 482 1233 tit
493 1184 583 1233 autem
597 1179 724 1234 fidelibus
745 1179 843 1234 deuote
863 1179 947 1234 uitam
966 1180 1045 1233 istam
1065 1181 1221 1249 legentibus
1238 1180 1322 1236 detur
1331 1178 1495 1235 mutabilius

300 1277 458 1332 inveniendi
471 1278 544 1346 quod
558 1283 704 1346 quaerum.
716 1292 787 1345 opus
807 1278 881 1334 istud
894 1278 924 1332 in
936 1278 1005 1334 duas
1016 1285 1107 1346 partes
1119 1279 1231 1334 distinxi
1243 1285 1272 1334 et
1281 1280 1402 1335 nubrieas
1411 1277 1495 1347 siumb

298 1377 424 1444 capitulis
435 1378 549 1433 inserui.
563 1381 595 1431 ln
607 1379 691 1444 priori
704 1378 817 1445 quidem
831 1378 971 1445 particula,
983 1379 1197 1433 conuersationis
1208 1380 1269 1447 ejus
1280 1379 1395 1449 insignia
1405 1384 1429 1433 et
1438 1388 1492 1445 regu
1504 1372 1526 1427 il

299 1473 364 1528 laris
383 1476 490 1529 babitus
518 1477 731 1543 susceptionem,
744 1475 780 1529 de
803 1476 895 1531 multis
920 1475 1056 1543 quaedam
1080 1477 1220 1531 brevitatis
1242 1489 1325 1532 causa
1348 1473 1494 1545 excipiente.

299 1574 409 1643 digessi.
423 1577 454 1628 ln
475 1576 601 1643 sequenti
623 1588 697 1642 vero,
711 1576 780 1629 mira
800 1588 871 1642 quae
892 1588 942 1642 per
961 1588 1025 1630 eum
1037 1581 1164 1643 operatus
1186 1580 1228 1630 eet
1247 1572 1493 1643 {lominusbambut

297 1675 397 1729 nostris
418 1680 445 1729 et
465 1674 592 1729 fidelibus
614 1675 674 1729 aliis
696 1675 763 1727 mibi
783 1675 982 1743 astruentibus,
994 1675 1157 1729 subiciendo
1175 1676 1313 1745 compegi.
1324 1678 1417 1731 lionor
1427 1678 1492 1729 autu

296 1771 427 1826 lectorem
440 1785 489 1841 ego
511 1774 558 1840 qui
576 1773 684 1841 scripsi,
697 1778 727 1827 ut
739 1786 802 1826 cnm
824 1773 893 1827 baec
913 1772 1010 1842 legerit
1026 1777 1053 1827 et
1075 1787 1120 1828 me
1137 1775 1167 1827 in
1190 1773 1284 1842 aliquo
1296 1774 1339 1828 vel
1350 1773 1431 1827 minua
1442 1772 1492 1825 bert

296 1870 398 1924 dixisse
410 1871 453 1924 uel
470 1876 544 1925 certe
556 1869 665 1925 incaute
678 1884 694 1924 a
705 1870 869 1937 loquacitate
889 1870 1010 1925 ueritatis
1030 1876 1117 1925 metas
1137 1871 1274 1939 quispiam
1297 1872 1432 1927 mmmm
1446 1864 1523 1937 atti!

298 1970 428 2037 spexerit,
441 1982 498 2024 non
510 1984 555 2024 me
568 1969 703 2024 mendacii
721 1973 768 2023 aut
780 1969 902 2024 salsitatis
914 1977 1019 2040 arguat,
1032 1971 1100 2039 quin
1112 1971 1204 2039 potius
1215 1971 1383 2041 monatius
1391 1974 1432 2027 aut
1444 1965 1491 2024 dil

295 2069 385 2124 uionis
397 2081 474 2124 meae
486 2069 614 2123 miseriae
626 2068 844 2124 misericorditer
856 2069 991 2137 ignoscat.

651 2262 813 2312 EPILOGUS
835 2262 871 2311 IN
892 2262 1033 2312 musii
1055 2263 1173 2313 VITAE.

330 2434 408 2500 Ecce,
422 2432 617 2501 benignissime
630 2435 718 2498 pater,
731 2438 778 2485 tua
788 2436 864 2500 gesta
875 2432 966 2485 uerbis
977 2431 1112 2500 imperitis
1121 2438 1272 2501 utcumque
1281 2426 1486 2501 scriptiuudtw

298 2533 355 2587 ravi
366 2550 374 2600 ;
387 2546 451 2587 ecce
463 2532 570 2586 virtutis
583 2537 645 2585 tuae
657 2530 883 2599 magnitudinem,
896 2531 947 2584 etsi
967 2543 1025 2585 non
1045 2531 1080 2585 ad
1091 2531 1216 2600 plenum,
1226 2532 1307 2600 iuxta
1325 2516 1515 2591 edendam

302 2632 457 2685 sibilitatem
478 2632 595 2699 loquens
610 2631 778 2684 annuntiavi.
800 2629 963 2695 Recordare,
976 2630 1103 2697 obsecro,
1116 2631 1159 2697 pie
1180 2636 1267 2698 pater,
1279 2630 1333 2686 mei
1350 2642 1404 2685 cum
1417 2618 1485 2679 affl

301 2737 364 2786 tuae
383 2731 600 2800 congregationis
615 2730 753 2797 iratribus,
765 2734 797 2782 ut
816 2729 863 2797 qui
878 2729 949 2783 felici
970 2736 1044 2782 sorte
1064 2729 1277 2784 immortalitatis
1295 2730 1401 2785 statione
1416 2725 1485 2777 droti

301 2832 408 2885 deitatis
428 2831 539 2897 assistis,
562 2830 730 2896 suspirantes
753 2828 787 2881 ad
808 2834 834 2881 te
856 2829 909 2882 tuis
930 2830 1057 2882 extrahas
1078 2829 1183 2883 meritis
1202 2830 1238 2884 de
1263 2830 1325 2885 lacu
1348 2826 1484 2882 maenaa

301 2931 358 2984 luto
379 2931 470 2984 faecis.
490 2933 634 2997 ilemento,
648 2930 769 2995 inquam,
793 2927 926 2981 viscerum
949 2927 1154 2982 misericordiae
1177 2930 1288 2996 quibus,
1309 2929 1371 2982 dum
1387 2917 1483 2979 adunit

301 3043 382 3084 carne
396 3036 503 3097 practer
516 3042 626 3082 carnem
638 3029 751 3093 viveres,
764 3040 828 3094 erga
840 3027 956 3080 miseros
968 3026 1099 3081 abluebas
1110 3045 1118 3094 ;
1131 3028 1179 3095 qui
1191 3027 1388 3083 misericordiae
1404 3010 1514 3087 adul-⁸

300 3136 359 3183 ctus
372 3131 447 3196 fonti,
462 3129 605 3194 uoluptatis
617 3128 692 3181 ionte
705 3127 806 3192 potaris
818 3126 963 3194 ulterioris,
979 3127 1067 3179 riuum
1079 3128 1184 3195 gratiae
1196 3128 1353 3182 sitientibus
1363 3120 1465 3181 dudda

380 3322 550 3371 enonocus
575 3321 609 3368 m
634 3321 738 3368 virtu
763 3323 790 3367 s.
810 3320 957 3368 annuunt
981 3300 1062 3391 (Gir.
1084 3322 1194 3389 supra,
1214 3324 1247 3389 p.
1268 3304 1345 3385 338,
1359 3300 1429 3388 45⁰).

328 3495 485 3547 Reuerendo
499 3494 568 3558 patri
582 3498 609 3544 ct
621 3492 722 3544 domno
735 3492 843 3543 aimoni
855 3490 957 3556 abbati,
975 3503 1123 3545 censemus
1136 3490 1253 3545 fratrum
1265 3497 1294 3545 et
1305 3490 1422 3543 minimus
1431 3480 1483 3537 abbi·

297 3601 354 3647 tum
366 3594 451 3660 oddo,
463 3600 621 3660 perpetuam
635 3593 750 3644 salutem
762 3593 791 3644 in
805 3592 1100 3659 bomin0.1logaveras,
1111 3597 1199 3658 pater,
1210 3604 1266 3645 una
1277 3604 1340 3645 cum
1351 3584 1485 3645 donmbr·

296 3696 376 3761 plone
398 3696 526 3760 episcopo
549 3705 657 3744 necnon
676 3696 703 3743 et
715 3690 774 3742 aliis
787 3703 843 3742 non
855 3691 949 3756 paucis
961 3691 1099 3744 nobilibus
1110 3691 1186 3759 uiris,
1200 3695 1232 3744 ut
1242 3690 1278 3745 de
1289 3692 1344 3746 uita
1355 3689 1393 3743 uel
1403 3668 1515 3739 mirati-2

155 3805 242 3859 wod,
298 3795 331 3847 lis
344 3794 436 3846 domni
449 3791 555 3845 beraldi
568 3790 672 3856 aliquid
685 3790 833 3843 scriberem
846 3791 864 3840 ¹.
878 3788 954 3852 Quod
973 3802 1022 3856 ego
1035 3791 1044 3809 ·
1055 3792 1064 3809 ·
1077 3789 1190 3856 quidem
1208 3790 1298 3855 primo
1315 3788 1410 3855 distuli,
1420 3778 1488 3851 portu

105 3936 123 3956 ,.
136 3872 267 3925 seribere·
299 3894 362 3959 quia
382 3906 426 3945 res
447 3896 557 3957 propter
577 3902 654 3941 suam
675 3889 823 3941 nouitatem
844 3888 910 3940 mibi
930 3888 1034 3941 incerta
1054 3886 1206 3955 videbatur,
1220 3889 1332 3956 partim,
1350 3889 1437 3951 fateor,
1450 3874 1493 3949 quit

135 3937 199 3991 Μ’
214 3951 288 4005 ergo'
299 3992 427 4045 timebam
440 3998 467 4043 et
479 3989 567 4042 adbuc
580 3989 660 4040 timeo
673 4000 708 4039 ne
721 3987 790 4041 torte
802 3988 852 4040 ista
865 3986 960 4041 relatio
972 3999 1022 4053 per
1034 3999 1077 4039 me
1088 3988 1288 4041 conuenienter
1299 3988 1371 4042 edita
1390 3999 1439 4040 uon
1452 3978 1496 4034 ide

300 4098 349 4145 set.
364 4091 489 4144 dubietas
510 4102 572 4142 vero
591 4101 639 4153 per
659 4088 711 4140 hoe
723 4088 841 4139 maxime
861 4086 1010 4150 suboritur,
1024 4086 1087 4153 quia
1105 4086 1192 4139 isdem
1215 4087 1258 4140 uir
1270 4087 1301 4141 in
1312 4086 1500 4152 medopam

300 4193 359 4257 luit,
373 4197 398 4243 el
410 4191 445 4243 ob
458 4190 509 4241 boc
521 4189 613 4245 eliam,
626 4186 700 4252 quod
712 4186 741 4237 in
757 4184 923 4252 quibusdam
943 4186 1008 4239 locis
1028 4193 1179 4239 conventus
1200 4188 1370 4241 rusticorum
1382 4188 1446 4241 solet
1460 4170 1533 4236 ieib
1558 4250 1560 4261 Ι

298 4297 326 4344 et
337 4292 406 4342 sicut
418 4302 461 4341 res
473 4300 542 4340 vana
554 4285 685 4352 paulatim
696 4298 814 4337 cessare.
824 4286 904 4350 Sane,
918 4298 980 4337 cum
999 4284 1107 4337 nobiles
1119 4284 1234 4351 quidem
1254 4287 1319 4341 laici
1333 4288 1413 4341 simul
1424 4294 1450 4341 et
1462 4282 1508 4339 rel'r
1557 4266 1560 4289 ¹

103 4396 189 4450 'cod
204 4397 287 4464 quoq,
300 4388 367 4456 giosi
381 4386 481 4451 clerici,
495 4398 564 4451 quos
576 4384 584 4399 ·
597 4382 684 4435 isdem
697 4381 814 4435 domnus
826 4382 957 4435 (teraldus
970 4395 985 4435 a
997 4364 1114 4449 pueritia
1132 4384 1282 4452 nutrierat,
1296 4388 1380 4441 nobis
1390 4394 1512 4442 contest

299 4489 402 4541 tionem
414 4488 472 4552 ejus
483 4485 566 4538 talem
583 4488 765 4549 enarrassent,
779 4488 809 4536 ut
829 4496 878 4548 per
889 4483 1057 4536 uoluntatem
1068 4484 1115 4537 bei
1129 4485 1273 4540 miraculis
1285 4487 1404 4559 indigua
1414 4502 1468 4545 nun
1482 4486 1519 4553 sil,

299 4584 465 4639 dubietatem
477 4581 690 4648 postposuimus.
