3136 5482
186 282 252 349 504
536 294 662 347 curm.
680 295 783 347 cono.
805 295 976 347 samson.
995 296 1076 348 nar.

185 472 263 521 ctens
275 467 414 521 benedixit
425 471 454 520 et
465 464 661 519 sanctificando
673 464 849 519 sanctitcavit
860 465 974 532 suisque
984 465 1159 521 orationihus
1170 480 1236 522 etun
1248 467 1399 522 commenda

186 567 224 619 vit
236 567 349 621 Domino
363 574 456 621 nostro
469 569 534 620 iesu
546 565 661 619 christo.

217 667 249 719 4.
262 670 394 721 itercator
414 665 525 733 quidam
544 666 675 719 orationis
695 671 723 718 et
743 666 898 720 dilectionis
919 680 1045 720 causa...
1074 668 1153 733 (Cat.
1180 669 1292 737 Brum,
1312 676 1367 722 ton.
1383 670 1400 736 i,

140 766 144 773 '
185 781 212 833 p.
226 767 330 827 itit-tit,
345 778 421 818 num.
437 766 470 828 i).

220 868 251 919 5.
264 866 371 919 Turbae
383 865 484 918 multae
495 864 530 916 de
543 865 659 918 castello
672 865 875 919 Arnavonttenst
888 872 1033 925 venerunt.
1048 867 1239 935 supplicantes
1251 869 1402 922 sanctissino
1416 868 1423 915 t

186 967 305 1031 Nicotao,
318 979 373 1019 uno
385 978 433 1018 ore
444 965 612 1030 postulantes
632 965 770 1032 simulque
782 965 905 1019 dicentes
919 982 926 1018 z
949 966 1179 1033 Bem'pm'ssime
1182 971 1289 1037 pater,
1300 982 1320 1021 a
1330 969 1405 1032 torm

186 1066 310 1134 quidem
321 1078 437 1131 aquom
457 1063 634 1131 descrimus,
655 1067 685 1118 et
702 1064 737 1117 io
756 1064 842 1132 fonte
862 1078 951 1132 quern
970 1064 1406 1136 habuimuspropeinpinnam

186 1165 388 1219 mutieremet
400 1165 500 1216 merite
511 1164 637 1230 captam
657 1162 836 1216 invenimus
848 1166 1016 1232 mortuam,
1032 1165 1137 1217 muita
1155 1165 1312 1233 spurcitia
1321 1164 1405 1219 sordi·

185 1267 259 1320 dato
271 1265 364 1333 sonte.
381 1265 462 1326 Ouia
479 1264 574 1318 etiam
588 1276 649 1331 per
668 1266 787 1318 noctem
800 1263 913 1318 ibidem
932 1266 1052 1319 clamat
1068 1267 1247 1320 nocturnis.
1260 1264 1404 1321 Posciuec

184 1367 294 1419 iratius
307 1364 558 1430 immortaliaque
575 1362 673 1416 bestia
694 1361 801 1416 hausit
812 1377 853 1417 coc
865 1363 931 1419 iilo.
946 1365 1001 1417 list
1012 1365 1138 1430 quidem
1144 1366 1248 1432 jueta
1259 1362 1428 1421 noscottistt

184 1466 307 1519 sicimis
319 1463 483 1531 abiprisco
496 1463 676 1529 intempore
686 1475 789 1529 aquae
801 1476 898 1517 omae
909 1463 1010 1532 tuisse
1025 1463 1251 1533 dinoscantur,
1267 1466 1319 1521 scd
1328 1476 1400 1519 aare

184 1563 366 1619 abscondita
374 1565 419 1616 est
430 1576 515 1628 aqua
523 1574 583 1628 per
594 1563 709 1615 mattos
713 1563 785 1627 jam
796 1575 907 1617 acinos.
923 1563 1118 1631 Quapropter
1135 1562 1296 1618 credimus
1302 1576 1356 1632 per
1367 1566 1401 1631 tc,

185 1664 360 1720 beatissime
364 1666 467 1731 pater,
482 1661 537 1715 Dei
548 1661 723 1730 opitulante
731 1662 896 1717 clericatis
909 1662 1021 1716 ibidem
1039 1663 1104 1717 tais
1121 1664 1248 1718 meritis
1253 1676 1340 1733 posse
1359 1676 1404 1719 cr·

182 1777 313 1832 sarpere
323 1776 451 1831 aquom.
465 1766 535 1815 iiacc
549 1762 602 1815 iltis
614 1763 694 1815 simut
707 1763 874 1831 petentibus,
888 1764 925 1816 ait
937 1765 1032 1817 beatus
1044 1764 1173 1819 Nicotaus
1187 1781 1194 1817 :
1206 1766 1291 1833 Ecce,
1301 1765 1403 1832 stades

182 1864 351 1932 carissimi,
364 1877 487 1917 summa
498 1876 570 1917 cum
580 1864 755 1916 reverentia
767 1863 958 1917 inmanitas
969 1865 1087 1919 nostris
1094 1868 1264 1933 portantes
1273 1866 1399 1920 sanctum
1408 1863 1430 1915 tt

184 1963 377 2049 evanpetium
395 1974 461 2015 ceno
474 1975 545 2015 cum
557 1961 730 2015 venerabili
742 1975 843 2028 cruce,
856 1963 936 2017 certi
946 1964 985 2017 dc
996 1964 1220 2019 misericordia
1233 1965 1289 2019 Dei
1297 1974 1399 2031 conpr

183 2064 251 2133 pati
263 2076 367 2118 carries
375 2063 595 2130 permisimus
613 2063 655 2116 cd
668 2065 776 2117 iocum.
799 2066 866 2116 curn
878 2068 970 2117 autem
982 2063 1016 2117 ad
1031 2064 1151 2118 eundem
1164 2065 1257 2119 iocum
1270 2066 1397 2119 venissent

94 2199 101 2219 .
186 2167 248 2218 iiico
260 2168 370 2218 sanctus
381 2163 505 2217 Nicotaus
518 2163 664 2216 fossorium
677 2162 868 2229 apprehendit,
882 2162 1014 2230 flexisque
1030 2164 1149 2230 genibus
1161 2165 1210 2218 diu
1222 2165 1316 2219 orarit.
1327 2163 1397 2217 finita

185 2263 401 2326 remoratione,
422 2263 451 2313 in
472 2261 557 2314 atium
578 2261 737 2314 innomine
759 2261 866 2314 iiomini
892 2261 1015 2315 cubitum
1036 2269 1063 2315 et
1074 2261 1223 2316 dimidium
1236 2260 1397 2329 iodit3conti·

185 2377 296 2430 nuoque
309 2361 473 2416 sufficienter
484 2362 620 2414 emanavit
640 2360 808 2414 abundantia
824 2374 921 2428 aquae.
941 2364 1017 2415 Tunc
1034 2375 1133 2415 omnes
1151 2363 1236 2417 simut
1246 2354 1427 2417 roeasdodsfl

186 2462 415 2525 runt‚'taudantes
427 2467 508 2527 atquo
520 2458 702 2526 glorificantes
714 2460 859 2513 Dominum
870 2462 962 2513 iesum
975 2461 1122 2519 christum,
1136 2462 1202 2527 quia
1214 2461 1314 2514 iontem
1326 2470 1395 2526 aquae

187 2563 289 2618 tumulo
301 2576 350 2617 suo
362 2561 471 2615 Nicolao
484 2561 627 2615 concessit.
641 2559 694 2612 Sed
708 2559 754 2612 iito
769 2573 826 2613 non
838 2560 905 2612 haec
918 2560 975 2613 suis
987 2560 1094 2613 meritis
1106 2560 1157 2613 sed
1167 2560 1260 2627 populi
1270 2558 1394 2626 deputarit

186 2665 225 2718 dd
237 2661 404 2717 horrendum
417 2666 507 2713 autem
522 2664 549 2713 et
567 2660 782 2712 contaminatum
795 2659 899 2712 iontem
917 2673 979 2711 cum
996 2662 1168 2718 accessisset.
1184 2660 1279 2713 audita
1289 2664 1346 2712 sunt
1356 2656 1393 2709 ot-

186 2765 249 2817 dem
262 2763 400 2816 teterrima
419 2760 552 2814 ‹tisboiica
571 2759 651 2811 sibila
672 2764 698 2812 et
716 2772 805 2812 voces.
829 2759 876 2811 iiis
895 2758 1011 2821 auditis,
1033 2760 1096 2812 itico
1117 2760 1246 2814 Nicotaus
1265 2759 1393 2813 orationem

188 2864 266 2917 iudit.
279 2866 344 2915 Cum
358 2866 447 2914 autem
460 2861 493 2912 ab
505 2859 633 2912 omnibus
652 2858 754 2911 dictum
777 2858 872 2910 suisset
892 2859 998 2917 Aram.
1021 2872 1084 2911 mox
1101 2873 1166 2911 cuni
1180 2861 1255 2913 turno
1267 2850 1422 2927 nigerrimi

50 2964 58 2982 ²
94 2959 100 2970 '
120 2999 126 3011 ·
190 2962 281 3018 cuncti
294 2962 420 3014 viderunt
432 2959 532 3011 exinde
545 2959 621 3011 exire
634 2963 732 3010 tetrum
747 2962 896 3009 noctunum
911 2960 919 2977 ·
933 2958 991 3009 taxa
1005 2971 1070 3011 voce
1083 2959 1247 3012 clamantem
1262 2956 1392 3015 :mairac

86 3080 89 3085 ·
187 3064 316 3120 minime
326 3061 414 3112 amico
426 3057 544 3111 alicubi
555 3059 713 3124 aspectum
725 3056 811 3123 ferre
822 3057 955 3110 Nicotai.

220 3167 251 3218 6.
265 3165 475 3216 Praetcroaerst
487 3157 597 3224 quidam
611 3158 710 3209 amisso
723 3156 826 3208 lumino
846 3170 952 3215 caecus,
967 3156 1079 3209 nominc
1092 3158 1236 3223 Antonius,
1255 3157 1299 3224 qui
1316 3152 1391 3208 cotidie

188 3264 299 3318 sedebat
312 3264 374 3313 ante
387 3258 530 3311 ecclesiam
543 3257 610 3308 ninii
624 3255 729 3308 viciens.
744 3259 826 3319 Quem
840 3256 936 3307 videns
949 3257 989 3307 vir
1002 3256 1046 3307 tici
1060 3256 1198 3319 Nicotaus,
1211 3256 1278 3308 dixit
1288 3255 1319 3309 ad
1328 3265 1389 3306 eun:

190 3367 265 3425 Quot
277 3361 356 3415 ortui
366 3362 441 3413 stent
452 3371 493 3411 cac
504 3370 563 3424 quo
573 3356 688 3408 arni-iso
700 3356 817 3408 immite
828 3369 891 3409 riori
902 3356 988 3408 vides
997 3355 1010 3407 i
1019 3359 1080 3427 iton
1092 3356 1132 3408 itti
1152 3357 1240 3410 isdem
1263 3368 1348 3409 caccus
1363 3344 1419 3403 rc!

188 3463 295 3529 spondit
310 3478 316 3512 :
331 3457 458 3512 Domine
469 3457 522 3522 mi,
544 3468 611 3509 cccc
622 3457 694 3521 jam
715 3458 777 3507 tres
788 3455 869 3507 dam·
883 3457 958 3508 sicat
967 3467 1008 3507 es·
1019 3468 1079 3521 quo
1090 3468 1151 3509 nori
1166 3456 1250 3515 ridi:
1265 3458 1293 3509 et
1304 3454 1391 3509 canuto

189 3575 268 3631 picae
280 3558 375 3613 iudici
385 3556 520 3623 espcrtdi
538 3555 571 3606 irc.
592 3554 729 3620 predicis,
751 3557 780 3607 ct
800 3553 883 3605 nihii
903 3553 983 3606 mitti
993 3552 1130 3620 proserit.
1155 3558 1231 3608 Tunc
1253 3555 1286 3608 ad
1305 3550 1393 3607 eundi

188 3665 282 3716 beatus
294 3659 418 3713 Nicotaus
432 3674 438 3708 :
457 3658 517 3710 Cur
529 3668 591 3709 aori
603 3655 766 3708 credidisti
778 3654 906 3723 sanctis,
926 3656 961 3707 ut
976 3667 1057 3707 esses
1070 3668 1172 3709 sanies
1184 3650 1394 3724 sirispecmtioi

189 3759 335 3825 Respondit
348 3770 445 3809 caccus
458 3771 464 3806 ι
479 3756 561 3819 Ecce,
581 3756 683 3820 pater.
702 3753 776 3807 doce
797 3766 846 3805 me
863 3753 940 3819 quid
953 3751 1083 3819 faciam,
1097 3755 1175 3820 puio
1194 3756 1285 3810 credo
1296 3758 1323 3808 ct
1335 3751 1395 3820 fidu·

188 3859 314 3914 cialiter
327 3859 422 3909 totam
442 3867 527 3920 spem
549 3865 647 3904 ticcam
671 3853 730 3904 Deo
751 3855 779 3904 ct
800 3852 919 3905 sanctis
937 3852 1004 3917 c’J'ics
1026 3852 1194 3907 contraitto.
1209 3856 1276 3908 iiicii
1288 3856 1311 3907 ei
1323 3842 1430 3907 odiosi

189 3961 332 4015 Nicotaus:
350 3957 454 4011 Credis
467 3956 555 4009 niodo
567 3955 643 4020 qaia
651 3965 780 4019 possum
802 3958 833 4006 tc
852 3953 887 4005 t‘ti
907 3953 1024 4005 virtute
1044 3953 1101 4005 Dei
1119 3968 1250 4017 satiare,
1271 3959 1305 4009 ut
1317 3956 1400 4008 tarsen

190 4061 295 4113 uideas
306 4059 318 4111 t
331 4054 480 4122 itespondit
494 4072 500 4106 :
515 4054 576 4120 Epo
597 4053 688 4106 credo
701 4054 760 4105 Deo
771 4055 800 4105 ct
813 4053 875 4105 tuis
891 4051 1010 4105 sanctis
1027 4052 1239 4122 orationibus,
1253 4057 1326 4123 aazia
1335 4055 1403 4122 potes

188 4160 357 4226 impetrare
368 4155 406 4209 air
418 4154 624 4221 omitipotcnte
646 4153 774 4206 Domino
796 4153 945 4219 qicatmas
962 4166 983 4205 α
1003 4166 1053 4205 me
1066 4154 1251 4211 miserrimo
1262 4154 1406 4212 coecitatis

190 4257 331 4311 tenebras
342 4254 474 4322 auferas
486 4256 514 4306 et
535 4255 638 4306 tumen
657 4252 817 4305 restituas.
836 4251 935 4305 Eadem
952 4253 1017 4305 hora
1032 4254 1164 4306 misertus
1181 4256 1280 4310 beatus
1293 4258 1409 4310 Nicotaus.

190 4362 263 4408 stans
276 4357 361 4408 oravit
374 4368 421 4421 pro
435 4355 490 4413 iiio,
504 4353 618 4418 tulitque
626 4353 717 4404 oleum
727 4353 760 4404 dc
772 4351 895 4416 tampade
906 4352 991 4403 sancti
1002 4353 1148 4415 Theodori,
1160 4356 1330 4425 signumque
1337 4356 1412 4410 crocis
1424 4348 1440 4402 t

190 4469 272 4520 super
283 4469 346 4507 eum
370 4455 470 4505 taciens
492 4459 518 4504 ot
540 4453 634 4504 ocutos
655 4452 727 4503 itlius
740 4466 855 4519 ungens.
869 4452 925 4503 uit:
945 4452 1037 4518 Spero
1048 4451 1081 4504 ia
1096 4453 1220 4507 virtute
1233 4458 1358 4511 Dortiiai
1369 4454 1417 4509 rici

189 4555 259 4606 Jcsn
277 4553 392 4607 Christi
403 4552 477 4617 qaia
501 4553 603 4603 tumen
625 4551 706 4603 coeii
723 4550 905 4603 (idircnr'catc
922 4550 973 4602 dic
984 4551 1132 4605 crastina
1140 4558 1295 4623 propriis
1314 4557 1418 4612 uidetis
