3136 5482
298 320 361 385 fbf
634 337 758 387 cxrxu.
779 337 880 386 cono.
901 337 1174 388 exercemur.

294 508 454 573 scendisset‚
467 506 506 559 nil
518 512 610 560 tamen
622 507 762 573 potestatis
774 506 879 575 ingredi
891 507 1035 561 ecclesiam
1050 507 1202 561 habuisset.
1215 508 1325 560 Poterat
1336 505 1441 572 apertis
1452 503 1532 557 ostiis

294 610 406 674 hauriri,
420 621 519 663 nocere
537 608 675 675 quidpiam
698 607 830 660 ecclesiae
849 619 905 660 non
927 612 1043 674 poterat.
1056 605 1117 660 fuit
1134 619 1198 675 ergo
1214 605 1251 659 ad
1268 604 1399 674 adtumni
1420 603 1530 670 supple·

294 713 428 774 mentum,
441 721 497 761 non
517 708 552 761 ad
573 707 698 761 damnosi
718 706 885 759 discriminis
905 705 1110 760 detrimentum.
1123 704 1200 770 Quod
1220 710 1314 759 umen
1331 703 1407 772 apud
1419 704 1526 757 beatum

294 810 448 863 oriencium
461 808 539 862 aliter
549 812 655 876 gestum
667 805 784 871 videtur,
797 810 828 859 ut
839 805 964 860 videlicet
984 807 1070 860 virtus
1090 807 1240 860 sanctitatis
1256 807 1317 872 ejus
1328 778 1416 859 etiam
1429 816 1524 857 memo

293 909 350 961 riae
362 912 513 974 reparetur,
527 907 644 974 qualiter
656 905 765 959 debitus
777 907 866 960 bonor
877 907 903 959 ei
915 919 1025 973 semper
1036 906 1154 960 libenter
1165 906 1339 959 exhibeatur.
1529 902 1541 953 1

327 1008 377 1060 1⁷.
391 1007 443 1059 Sed
455 1007 519 1073 quia
530 1004 649 1058 duorum
659 1005 800 1073 signorum
813 1003 973 1071 qualitatem
985 1005 1036 1058 sub
1045 1017 1100 1059 una
1113 1005 1172 1058 fere
1180 1003 1364 1058 similitudine
1372 1002 1522 1065 retulimus.

293 1105 404 1172 expedit
414 1110 453 1169 ut,
465 1102 695 1171 quemadmodum
714 1115 796 1169 supra
817 1102 928 1168 polliciti
948 1104 1148 1176 sumunsigna
1160 1115 1232 1170 qnae
1256 1103 1286 1155 in
1307 1102 1430 1170 praefata
1447 1098 1526 1155 viridi

295 1207 393 1259 arbore
413 1209 490 1273 gcsta
509 1209 573 1257 sunt
593 1216 642 1269 pro
664 1215 744 1268 posse
765 1201 916 1256 videamus.
930 1202 1052 1266 Quodam
1069 1202 1153 1270 igitur
1172 1203 1201 1255 in
1221 1201 1283 1256 loco
1300 1202 1375 1256 inest
1394 1200 1542 1270 quaedam

296 1303 439 1372 glandiferi
457 1302 585 1356 culminis
598 1303 606 1319 ·
619 1301 700 1355 arbor
721 1301 806 1366 posita
826 1313 907 1368 quae,
920 1307 952 1354 ut
970 1301 1152 1368 praelibatum
1172 1306 1223 1369 est,
1236 1302 1271 1356 ob
1291 1301 1380 1355 sancti
1392 1296 1550 1369 pontificis

297 1404 403 1456 decoris
416 1403 546 1456 indicium
559 1401 666 1454 videtur
677 1413 692 1453 a
705 1404 758 1454 beo
780 1401 903 1455 formata.
915 1404 982 1455 liam
1003 1402 1088 1469 llquet
1105 1408 1198 1469 aperte
1215 1401 1291 1470 quod
1303 1400 1442 1469 quondam
1458 1401 1556 1466 peti·

294 1502 368 1555 tione
380 1501 528 1555 multorum
540 1499 663 1554 devictus
675 1499 825 1553 conabatur
836 1500 869 1553 ad
883 1499 977 1553 sedem
990 1500 1095 1567 regredi
1108 1500 1292 1566 possidentes,
1304 1512 1368 1554 cum
1380 1500 1426 1553 tali
1442 1498 1556 1553 etlaur

293 1614 325 1654 ac
338 1606 412 1655 tanto
425 1599 578 1653 ministerio
590 1613 620 1652 se
638 1600 728 1653 minus
750 1599 880 1653 idoneum
895 1599 1055 1652 existimans
1077 1599 1217 1653 metuebat
1237 1611 1376 1667 supernae
1386 1598 1560 1666 prouiden-

294 1702 347 1754 tiae
368 1700 430 1753 talia
450 1698 650 1766 praesumendo
671 1698 859 1764 imprudenter
878 1697 1025 1754 contraire.
1046 1702 1216 1765 Quapropter
1236 1700 1341 1765 positus
1361 1698 1468 1767 quidem
1507 1698 1558 1750 ἰιι

298 1801 397 1854 itinere
419 1805 533 1853 conatus
557 1804 599 1851 est
620 1798 739 1851 divinam
763 1811 844 1864 super
867 1799 919 1852 troc
943 1797 1051 1865 negotio
1075 1796 1287 1864 dispositionem
1310 1798 1471 1863 consuleret
1511 1799 1557 1848 et

119 1910 201 1958 mom
252 1920 269 1958 r
293 1897 406 1964 proinde
420 1897 557 1964 paulisper
568 1909 584 1949 a
595 1896 741 1950 comitibus
754 1895 886 1949 recedens
898 1897 927 1947 in
945 1902 1048 1962 partem
1067 1896 1143 1950 solus
1164 1896 1239 1950 stetit
1251 1895 1355 1965 [atque]
1368 1900 1378 1919 ·
1389 1897 1552 1951 baccllm

117 1985 272 2091 ”wlff
294 2010 348 2063 quo
361 1995 530 2049 innitebatur
542 1997 570 2048 in
583 2002 683 2049 terram
696 1994 828 2063 defigens,
838 2008 898 2048 sese
907 1997 987 2062 juxta
1002 2008 1065 2049 eum
1078 1997 1107 2047 in
1119 1996 1243 2050 oratione
1254 2001 1430 2063 prosternens
1438 1994 1526 2051 dedi
1535 1997 1552 2044 t.

295 2096 345 2159 Qui
365 2111 426 2150 mox
438 2097 511 2149 inter
522 2096 656 2149 orandum
670 2095 733 2148 licet
745 2096 851 2149 modico
864 2096 1026 2162 deprimitur
1038 2097 1119 2150 etiam
1132 2108 1240 2150 somno.
1253 2100 1356 2151 famen
1374 2102 1433 2164 post
1443 2092 1553 2163 posil-

295 2196 351 2249 lum
372 2208 531 2262 exsurgens,
554 2195 702 2247 mirabatur
721 2195 856 2247 bacellum
875 2195 931 2260 jam
953 2194 981 2246 in
1002 2194 1183 2247 virescentem
1207 2206 1372 2250 conuersum
1391 2195 1549 2253 arborem

152 2303 239 2356 ‘corn
293 2308 412 2363 cumque
424 2296 546 2363 geminos
568 2293 719 2348 virentibus
740 2295 811 2347 foliis
832 2307 921 2348 ramos
943 2295 971 2347 in
992 2294 1079 2347 altum
1100 2300 1155 2347 tam
1172 2294 1226 2349 cito
1244 2294 1404 2362 produxisse
1416 2296 1548 2349 ’.11111

97 2367 279 2435 l'fffllffiiffiet·
293 2395 367 2448 enim
380 2395 445 2462 quid
459 2394 588 2459 deinceps
600 2394 795 2447 insumendum
808 2392 904 2447 fuisset
916 2394 944 2446 in
957 2393 1064 2447 arboris
1076 2399 1130 2446 tam
1144 2393 1232 2449 veloci
1244 2402 1356 2463 tamque
1367 2394 1452 2449 subita
1463 2382 1562 2461 pet-¹

296 2495 413 2548 fectione
431 2493 536 2548 facilius
547 2491 659 2561 agnosci
682 2494 780 2558 potuit.
793 2494 867 2557 Quae
878 2494 959 2546 eliam
976 2492 1078 2548 debinc
1099 2493 1273 2547 festinantius
1285 2507 1444 2549 excrescens
1458 2496 1547 2547 con·

295 2594 378 2646 valuit
389 2599 416 2646 et
427 2595 455 2644 in
466 2593 550 2645 mirae
559 2591 710 2645 altitudinis
720 2591 935 2659 magnitudinem
946 2605 1006 2645 sese
1016 2591 1147 2646 dilatauit.
1154 2592 1279 2658 benique
1287 2592 1461 2659 bmebiaejus
1471 2590 1544 2645 for

294 2695 396 2746 tissima
410 2693 438 2746 in
452 2698 556 2746 tantmn
569 2693 649 2760 longe
661 2692 769 2758 lateque
790 2694 977 2746 excrescentia
994 2693 1153 2757 dilatantur,
1165 2693 1256 2746 donec
1267 2706 1384 2748 onerosa
1401 2699 1428 2747 et
1442 2682 1538 2747 noxi¹

293 2793 420 2847 domibus
440 2793 652 2846 cohabitantium
677 2790 855 2845 circumcirca
873 2791 1026 2845 videantur.
1050 2794 1108 2854 Qua
1124 2804 1189 2860 ergo
1208 2791 1243 2845 de
1264 2804 1348 2847 causa
1369 2790 1533 2862 pagensium

293 2893 403 2960 quidam
415 2901 534 2945 maestos
545 2892 668 2957 effectus,
682 2905 805 2946 securem
818 2892 923 2959 aceepit
935 2898 961 2945 et
974 2899 1078 2959 partem
1090 2893 1277 2957 brachiorum,
1287 2907 1343 2961 qua
1355 2892 1450 2947 domus
1459 2892 1526 2959 eju-t
1537 2864 1562 2925 Ι

294 2995 408 3046 nimium
429 2993 638 3061 deprimeretur,
652 2992 767 3045 viriliter
780 2991 902 3045 incidere
914 2992 1011 3059 coepit.
1024 2993 1153 3046 Nonnulli
1165 2997 1256 3046 autem
1270 2993 1317 3061 qui
1330 2994 1444 3048 aderant
1458 2992 1523 3046 baed

294 3092 426 3156 videntes,
437 3097 586 3158 coeperunt
599 3094 623 3145 ei
641 3093 732 3144 statim
743 3093 833 3145 verbis
851 3092 986 3158 resistere,
1000 3091 1124 3145 dicentes
1143 3105 1197 3145 non
1211 3104 1273 3145 esse
1285 3093 1327 3146 fas
1338 3094 1464 3149 arborem
1479 3091 1520 3144 dc·

293 3193 413 3244 truncari
427 3195 453 3244 ct
465 3191 638 3243 dehonestari
651 3202 721 3256 quae
733 3191 827 3255 procul
838 3188 923 3243 dubio
933 3190 1049 3243 sciretur
1059 3190 1095 3243 ob
1108 3192 1235 3243 meritum
1248 3191 1321 3245 beati
1333 3193 1451 3247 Oriencii
1462 3202 1516 3259 pon·

295 3290 400 3343 tifxcisa
422 3293 476 3344 beo
491 3291 622 3343 memisse
640 3291 675 3354 (l)
687 3292 823 3355 procreari
846 3295 873 3342 et
890 3289 918 3341 in
940 3295 1042 3343 tanum
1062 3303 1127 3344 suae
1147 3288 1346 3358 magnitudinis
1364 3296 1517 3345 venusam
1551 3352 1562 3369 ,

293 3396 373 3456 atque
393 3389 519 3442 decorem
542 3388 703 3441 mirabiliter
721 3389 868 3455 subitoque
885 3388 993 3441 deduci.
1008 3390 1127 3453 Quorum
1146 3387 1239 3455 itaque
1253 3389 1367 3443 monitis
1380 3390 1465 3443 miser
1481 3384 1551 3443 ilic!

295 3487 451 3540 nullatcnus
474 3487 683 3553 conquievisset
706 3488 733 3538 in
747 3487 789 3539 sui
810 3486 900 3539 cordis
922 3486 1022 3540 duritia
1043 3488 1201 3554 persistens.
1215 3489 1244 3540 in
1264 3490 1417 3542 amentiam
1435 3502 1522 3543 versus

295 3588 397 3639 eornm
411 3592 523 3652 repente
535 3591 560 3637 et
574 3583 732 3651 exspiravit,
746 3590 773 3637 et
791 3584 857 3637 dum
878 3584 1054 3650 insuperabili
1067 3585 1204 3650 potentiae
1221 3586 1402 3653 benignitatis
1415 3589 1462 3641 bei
1474 3602 1525 3654 per-

294 3685 418 3737 tinaciter
429 3684 565 3737 contraire
585 3691 709 3748 conatur,
724 3681 782 3748 ipsc
803 3682 853 3735 sibi
875 3695 942 3736 suus
962 3682 1042 3735 etiarn
1056 3681 1241 3735 contradictor
1252 3687 1281 3735 et
1293 3685 1396 3736 noxius
1408 3684 1527 3752 adusque

295 3797 342 3848 per
355 3784 500 3850 perpetrati
513 3784 623 3835 sceleris
637 3783 851 3835 internecionem
865 3780 990 3834 eflicitur.

328 3884 377 3935 18.
392 3882 464 3935 Alter
475 3895 539 3935 vero
551 3881 672 3947 quidam,
684 3885 813 3932 onustum
826 3879 991 3946 quibusdam
1006 3880 1088 3933 rebus
1099 3879 1205 3933 ducens
1219 3879 1387 3945 plaustrum.
1397 3882 1562 3950 dirigebat!

294 3983 387 4034 subter
398 3982 514 4034 eandem
527 3982 653 4033 arborem
665 3981 717 4032 iter
729 3992 819 4032 suum.
832 3979 882 4041 Qui
902 3992 965 4032 cum
986 3979 1174 4045 magnitudine
1187 3979 1367 4032 brachiorum
1388 3983 1454 4049 ejus
1472 3996 1532 4037 con·

295 4082 444 4134 trmlicente
457 4079 614 4132 nullomodo
627 4079 777 4146 plaustrum
792 4083 882 4142 posset
893 4078 1020 4144 transire,
1034 4078 1176 4131 confestim
1195 4084 1305 4144 arrepto
1319 4082 1439 4134 secandi
1453 4082 1533 4135 ferra·

297 4188 388 4233 mento
411 4181 506 4232 nititur
527 4194 576 4244 pro
597 4179 700 4231 uiribus
722 4181 825 4244 partem
846 4175 952 4229 arboris
972 4176 1162 4230 detruncando
1183 4177 1385 4233 comminuere.
1398 4181 1454 4244 Qui
1477 4183 1537 4235 ilico

118 4283 125 4297 ·
138 4292 207 4398 13)αό
207 4280 278 4399 {gre
296 4281 387 4333 divina
398 4278 501 4344 [decus]
516 4282 523 4296 '
537 4279 616 4330 datus
629 4279 664 4341 (a)
676 4277 789 4336 ultione,
804 4277 925 4342 privatur
937 4275 1032 4329 infelix
1045 4278 1096 4331 nac
1108 4275 1214 4331 mortali
1232 4277 1382 4331 infeliciter
1394 4280 1471 4341 luce,
1484 4294 1537 4334 non

330 4448 351 4505 (1
355 4462 363 4505 p
381 4443 446 4494 cod.
461 4443 643 4495 induisset:
659 4441 705 4493 ubi
720 4445 813 4493 notatu
831 4439 944 4506 dignum
966 4444 1006 4491 est
1027 4453 1201 4506 quamsaepe
1225 4441 1293 4493 baec
1305 4440 1398 4496 forma
1412 4445 1444 4497 in
1456 4446 1537 4499 docu-

298 4529 390 4578 mento
403 4528 527 4577 occurrat
538 4523 596 4587 (cfr.
611 4536 692 4587 supra
705 4536 731 4587 p.
748 4522 803 4587 tao,
817 4520 835 4572 1.
848 4522 897 4576 23:
912 4535 938 4586 p.
954 4523 1011 4584 loll,
1025 4522 1105 4587 1.18;
1119 4536 1145 4587 p.
1160 4524 1217 4588 lito,
1233 4521 1251 4574 1.
1264 4524 1317 4588 ³⁰3
1332 4538 1360 4590 p.
1376 4526 1440 4591 1611,
1454 4528 1474 4580 l.
1490 4532 1537 4589 lt:

298 4623 323 4673 p.
343 4607 399 4671 161,
413 4605 432 4656 1.
447 4606 494 4668 111,
508 4618 534 4670 p.
551 4606 605 4672 161,
618 4604 635 4655 1.
651 4604 700 4668 ld).
710 4629 744 4640 -
757 4604 791 4668 11)
803 4604 888 4654 besus
903 4601 983 4654 datus
995 4603 1034 4667 (il,
1048 4602 1130 4655 idest
1149 4602 1296 4654 desursum
1308 4602 1393 4659 datus
1407 4620 1463 4662 seu
1474 4622 1537 4677 pm·

296 4693 406 4741 stratus.
