3136 5482
265 360 361 410 amn.
380 360 463 410 nar.
483 360 600 410 ranis.
618 381 664 392 -
679 363 831 414 ababuc.
851 366 910 414 nn.
930 365 1007 415 oon.
1028 363 1104 416 eaeo.
1234 353 1302 419 525

171 534 236 610 10ο
267 533 349 612 Vita
381 535 503 613 sancti
526 534 690 613 Romani
718 537 1003 638 archiepiscopi
1040 536 1302 640 Rotomagen·

220 659 286 747 sis,
308 682 407 759 quae
426 668 483 736 est
500 669 540 735 x⁰
557 659 633 735 kal.
655 660 879 738 novembris
896 660 973 761 (foi.
992 661 1199 762 litu-loir).

128 790 154 844 ri.
166 803 183 844 a
194 791 251 844 llic.
265 791 388 859 lligaitio,
397 792 465 845 Vita
476 793 504 845 S.
517 793 652 846 Rormani
662 806 708 860 ep.
721 794 837 847 Rotom.
851 795 992 859 (Lutetiae,
1008 795 1090 858 1609),
1104 810 1131 861 p.
1147 797 1214 848 iti.

424 1177 633 1291 Appendix
653 1178 702 1266 ad
723 1182 805 1270 cod.
831 1179 954 1270 5290.

287 1409 366 1456 vira
382 1412 409 1458 s.
429 1411 625 1460 cananaeam
642 1392 722 1481 (Cir.
743 1404 853 1480 supra,
874 1415 906 1480 p.
925 1395 1004 1473 524,
1026 1393 1088 1479 9⁰).

307 1581 436 1654 Incipit
449 1581 529 1643 vita
543 1584 660 1644 sancti
676 1583 890 1644 Barcanoril
903 1583 1062 1644 abbatis.

128 1795 131 1808 .
144 1757 316 1810 lastinianus
328 1759 485 1824 imperator,
498 1760 539 1812 vir
549 1759 672 1826 justitiae
685 1760 823 1826 defensor,
836 1759 903 1812 dum
913 1761 942 1812 in
954 1761 1060 1814 oriente
1073 1759 1157 1814 fldem
1169 1761 1302 1815 ccclesiae

128 1870 137 1909 s
160 1856 275 1911 adversa
287 1859 469 1926 impugnaret,
482 1860 645 1926 depravatus
664 1859 787 1912 consiliis
807 1859 1018 1925 baereticomm
1032 1860 1155 1913 ecclesiis
1166 1873 1237 1927 quae
1253 1861 1303 1914 sub

128 1968 157 2006 rs
177 1955 294 2021 imperio
313 1958 499 2011 consistebant
519 1958 664 2011 maximam
685 1957 792 2010 cladem
813 1958 957 2012 inserebat.
979 1961 1063 2012 Porro
1084 1960 1134 2025 ipsi
1157 1960 1298 2026 haeretici,

128 2067 217 2120 quam
237 2055 357 2109 eundem
378 2057 532 2122 principem
553 2070 568 2109 a
589 2058 702 2111 veritate
723 2062 750 2108 et
770 2057 845 2110 cuitu
861 2058 982 2123 justitiae
1004 2058 1113 2123 penitus
1136 2064 1301 2125 averterunt,

128 2154 175 2205 iris
195 2154 237 2207 sui
257 2155 447 2229 communioni
469 2157 633 2222 permixtum
653 2156 794 2209 tenebant.
811 2159 911 2210 ineunt
931 2169 995 2224 ergo
1017 2170 1080 2210 cum
1100 2171 1134 2211 eo
1146 2158 1302 2226 consilium,

128 2253 203 2305 tinus
217 2254 414 2319 praefectoriae
434 2256 572 2324 dignitatis
584 2257 658 2310 viros
670 2270 720 2323 per
740 2258 868 2311 ccclesias
887 2270 1009 2324 quasque
1029 2257 1101 2310 inira
1113 2258 1301 2311 monarchiam

128 2353 147 2403 li
160 2354 204 2405 sui
216 2354 410 2421 consistentes,
424 2369 486 2408 cum
508 2356 643 2422 imperiali
656 2357 745 2411 edicto
769 2368 818 2409 suo
839 2357 967 2421 mitteret,
980 2361 1011 2408 ut
1031 2355 1198 2422 ubicumque
1212 2356 1303 2409 catho·

128 2454 227 2507 sviros
247 2455 412 2522 invenirent,
428 2456 581 2522 episcopos,
598 2458 773 2524 presbyteros
794 2461 822 2508 et
841 2454 983 2519 diaconos,
1005 2453 1080 2506 nulia
1101 2452 1207 2507 ordinis
1227 2466 1304 2508 reve·

128 2551 162 2603 :ia
175 2557 290 2617 servata,
304 2553 381 2606 nulla
401 2553 497 2606 aetatis
519 2554 695 2608 miseratione
707 2559 836 2621 spectata,
851 2565 948 2606 omnes
968 2552 1002 2604 ad
1024 2552 1154 2619 palatium
1168 2552 1301 2605 catenatis
1397 2590 1404 2602 .

128 2650 218 2703 nibus
238 2651 331 2703 venire
351 2652 557 2717 compellerent.
580 2652 724 2706 Enimvero
754 2653 904 2718 imperator
923 2650 977 2703 illis
1005 2651 1034 2703 in
1062 2650 1140 2704 nullo
1163 2649 1303 2704 adversari

128 2763 179 2815 ens,
193 2754 288 2815 utpote
304 2751 352 2817 qui
363 2757 458 2817 captus
469 2750 504 2804 ad
524 2756 633 2817 tempus
644 2751 793 2804 miserandi
816 2751 918 2804 erroris
931 2756 1003 2803 sorte
1021 2750 1178 2816 tenebatur,
1190 2749 1225 2803 de
1238 2750 1298 2803 mit·

128 2850 161 2902 lis
184 2851 279 2918 legatis
299 2851 328 2902 in
347 2864 443 2904 eorum
465 2850 559 2904 statuit
577 2853 749 2905 electionem.
767 2854 821 2904 Nee
841 2864 927 2918 mora,
940 2850 1050 2919 eiigitur
1071 2851 1143 2903 inter
1163 2850 1231 2904 alios
1252 2849 1301 2903 sed

128 2961 154 3002 er
166 2949 235 3002 alios
256 2950 297 3002 vir
309 2950 468 3003 tribunitiae
480 2951 619 3016 potestatis
639 2964 720 3016 unus,
734 2951 778 3005 cui
791 2963 892 3014 nomen
911 2950 1020 3016 ilarius,
1035 2949 1076 3002 vir
1088 2949 1188 3003 ferocis
1200 2948 1303 3017 ingenii

128 3047 333 3101 mmanissimae
353 3047 531 3101 crudelitatis.
550 3049 664 3102 liittitur
691 3049 735 3100 bic
756 3061 819 3101 cum
840 3048 951 3101 armatis
975 3047 1139 3116 legionibus,
1163 3047 1210 3114 qui
1230 3047 1303 3100 viros

128 3145 220 3200 colicos
232 3147 384 3213 inquireret
395 3152 422 3201 ei
434 3146 615 3213 deprehensis
631 3149 713 3201 vitam
735 3154 762 3200 el
775 3148 847 3201 bona
866 3147 1009 3214 adimeret,
1024 3148 1052 3200 ni
1070 3146 1205 3200 maturius
1218 3147 1302 3212 impe·

128 3245 234 3298 ledicto
247 3259 276 3298 se
289 3246 421 3300 oboedire
435 3245 640 3313 promerentur.

130 3382 135 3394 .
149 3344 196 3395 Est
207 3342 273 3395 urbs
286 3344 368 3410 regia,
382 3356 453 3410 quae
466 3345 522 3397 sive
536 3357 551 3397 a
566 3343 719 3408 conditore,
730 3344 787 3397 sive
800 3357 815 3397 a
827 3343 880 3396 situ
891 3343 943 3396 loci
956 3349 1002 3396 aut
1014 3342 1109 3409 quavis
1120 3355 1213 3396 rerum
1226 3343 1302 3396 habi-

128 3443 179 3506 lae,
193 3441 259 3494 oiim
272 3442 428 3507 Byzantium
445 3443 601 3508 vocabatur,
616 3440 690 3496 nunc
712 3455 777 3496 vero
799 3442 1007 3508 incomparabili
1028 3441 1136 3495 decoris
1156 3447 1255 3494 ornatu
1277 3445 1304 3494 et

128 3541 238 3608 aigenae
256 3540 395 3609 dignitatis
416 3543 507 3608 specie
531 3543 673 3596 universas
694 3542 816 3609 illyricae
835 3540 956 3610 regionis
977 3541 1060 3594 urbes
1083 3540 1302 3609 supereminens,

128 3638 212 3707 pnidci
232 3640 340 3705 imperii
353 3653 454 3694 nomen
476 3641 571 3694 sortita
584 3645 634 3694 est.
648 3641 727 3696 Urbis
748 3641 829 3707 liujus
850 3640 1017 3693 habitatores
1035 3640 1133 3692 christi
1154 3652 1255 3693 nomen
1277 3645 1303 3694 et

128 3739 227 3792 trinam
239 3740 415 3806 apostolicam
427 3746 562 3807 tenentes,
576 3741 670 3795 divina
682 3742 813 3808 mysteria
826 3742 854 3793 in
867 3741 967 3794 abditis
988 3745 1017 3793 et
1028 3740 1140 3793 secretis
1153 3740 1219 3794 iocis
1232 3739 1303 3793 cele·

128 3840 201 3892 bant.
214 3840 256 3902 lli,
269 3845 407 3906 comperta
420 3841 492 3894 lama
505 3841 539 3894 de
552 3840 672 3895 adventu
682 3842 911 3907 adversariorum,
925 3854 991 3907 prae
1002 3841 1101 3893 timore
1123 3844 1149 3892 et
1162 3844 1301 3906 exspecta·

128 3951 153 3991 le
176 3938 364 4006 ingruentium
389 3941 524 3994 maiorum
548 3942 577 3993 in
601 3948 738 4007 stuporem
764 3941 889 3993 conversi
913 3944 986 4006 sunt,
1011 3940 1167 4008 ignorantes
1189 3938 1307 4006 qualiter

128 4039 265 4091 ninentem
276 4042 464 4104 tempestatem
476 4042 561 4095 vitare
574 4041 800 4107 praevaluissent.
814 4043 1008 4094 Verumtamen
1020 4040 1123 4093 litteras
1144 4039 1178 4091 ad
1191 4040 1304 4092 circum·

128 4137 189 4188 tntis
201 4137 358 4202 provinciae
378 4139 471 4203 urbes,
485 4140 631 4206 praecipue
656 4140 690 4193 ad
702 4140 854 4193 Palestinae
876 4139 997 4208 regionis
1017 4138 1169 4204 episcopos,
1183 4138 1304 4203 mittunt,

128 4237 176 4289 bus
188 4235 283 4288 leraiia
295 4238 366 4305 regis
378 4237 476 4304 edicta,
491 4240 628 4292 haeretica
641 4240 737 4294 fraude
756 4240 788 4293 ad
803 4240 973 4293 eversionem
986 4238 1163 4292 ecelesiarum
1176 4242 1203 4288 et
1214 4249 1304 4290 servo·

128 4349 135 4386 ι
148 4335 196 4387 bei
209 4336 364 4402 compilata,
377 4337 520 4390 Theodoro
533 4329 738 4404 archiepiscopo
752 4338 1021 4404 praenuntiaverunt.
1036 4338 1106 4400 Quas
1123 4335 1227 4387 litteras
1239 4346 1304 4387 mox

128 4433 249 4486 iaicstini
270 4434 424 4500 audiemnt,
439 4436 514 4501 pleni
527 4434 711 4489 amaritudine
730 4441 811 4503 atque
824 4436 979 4502 formidine,
992 4433 1226 4499 archiepiscopum
1237 4445 1302 4486 oon·

128 4533 199 4596 lunt,
221 4533 418 4587 lacrimabilem
441 4535 651 4600 querimoniam·
666 4535 700 4589 de
725 4535 837 4588 instanti
862 4533 939 4587 clade
963 4530 1115 4586 efferentes.
1133 4532 1302 4597 Qui'eorum

128 4631 222 4687 uldine
243 4633 325 4687 simui
345 4639 372 4689 et
391 4635 491 4690 inertia
515 4649 665 4691 concussus
688 4641 779 4704 pastor
799 4635 868 4702 pius,
891 4645 1058 4701 quamquam
1080 4633 1185 4700 etipse
1205 4631 1303 4687 ceteris
