3136 5482
178 320 245 386 316
527 337 653 390 carne.
673 339 775 389 conn.
795 338 971 391 unomen.
990 339 1071 390 nar.

178 561 293 610 mssro
318 562 346 609 s.
374 562 577 610 rnuononrur
601 562 715 610 reuss.
744 561 948 610 surroenunr
966 542 1048 628 (Cir.
1076 564 1187 631 supra,
1202 534 1355 631 pilliiii·

348 735 477 808 Incipit
493 736 616 808 passio
630 736 833 798 bouilsslml
847 735 1026 810 mai-tyris
1039 733 1249 797 Theodorltl.

215 918 242 968 1.
256 919 404 970 Attestante
424 916 579 984 evangelica
600 916 711 969 veritate
732 919 760 968 et
780 914 952 968 familiariter
972 926 1022 980 pro
1042 910 1239 980 temporalibus
1257 900 1363 975 dispellitii
1421 920 1431 957 t

181 1020 293 1068 aeterna
306 1015 453 1080 pollicente
465 1016 521 1068 suis
533 1013 685 1081 discipulis,
697 1014 850 1067 audivimus
864 1020 892 1066 et
903 1014 1006 1067 scimus
1018 1011 1086 1080 quid
1099 1011 1200 1066 dixerit
1208 1026 1215 1063 τ
1223 998 1365 1065 maine
1423 1018 1431 1055 l

180 1127 253 1169 cum
264 1128 316 1168 vos
329 1114 451 1168 oderint
464 1113 601 1168 nomines
621 1116 651 1165 ct
663 1096 734 1167 cem
754 1113 973 1181 separaverint
983 1125 1037 1167 vos
1057 1114 1088 1165 ct
1107 1104 1336 1178 exprobraverint
1348 1092 1385 1152 61⁵
1426 1136 1431 1168 ς-

179 1215 325 1281 ejecerint
336 1228 447 1269 nornen
458 1217 595 1268 vestrum
609 1217 770 1281 tamquam
782 1215 904 1266 maltum
910 1214 1042 1280 propter
1053 1211 1162 1279 fllium
1179 1206 1368 1271 nominemur
1429 1249 1431 1256 ,

180 1314 249 1369 dete
266 1318 295 1369 et
307 1317 456 1383 exultate,
471 1314 619 1382 qnoniam
638 1326 755 1369 merces
775 1315 879 1367 vestra
891 1312 1016 1381 copiosa
1036 1313 1082 1365 eat
1094 1311 1131 1364 in
1151 1308 1313 1365 coelium
1327 1307 1369 1366 erp
1429 1334 1431 1349 =

180 1413 284 1482 ubique
296 1428 344 1481 per
356 1416 449 1468 orbem
462 1422 603 1469 crescente
622 1414 833 1467 christianorum
855 1412 909 1466 lide
920 1417 948 1466 et
967 1418 1064 1465 tanae
1080 1408 1268 1479 promissionis
1281 1404 1368 1460 sulm·
1429 1449 1431 1455 .

181 1516 245 1567 tiam
260 1512 307 1567 liei
326 1514 411 1568 servis
423 1516 688 1583 argumentantibus,
702 1515 774 1567 inter
791 1520 898 1567 celeres
911 1525 982 1566 unus
999 1510 1101 1565 enituit
1117 1511 1199 1577 cujus
1213 1505 1368 1563 lutiucieuuu

15 1617 339 1674 commeminerint
355 1612 606 1682 Tbmdoritus‚qui
624 1613 760 1666 vincendo
779 1612 921 1666 diabolum
941 1613 1058 1678 ejusque
1079 1610 1241 1663 ministros·
1261 1602 1338 1660 matii
1349 1588 1397 1650 Μ

49 1685 118 1750 ejus.

49 4104 56 4118 ⁸
70 4100 124 4152 sic.

182 1712 260 1767 tieret
272 1714 399 1767 columna
412 1714 550 1779 intemplo
562 1714 608 1768 liei
621 1715 724 1767 aeterni
737 1718 764 1766 et
781 1712 947 1767 scriberetur
967 1724 1129 1778 supereum
1151 1722 1252 1763 nomeu
1271 1700 1370 1760 uersuti

181 1811 298 1881 fulgeret
309 1818 421 1866 ornatus
433 1811 551 1866 candido
562 1813 667 1867 calculo
680 1817 744 1867 ante
756 1812 850 1866 oculos
863 1811 935 1880 regis
951 1824 1047 1880 regum
1059 1809 1201 1878 simulque
1210 1807 1281 1861 illius
1290 1806 1369 1859 munt

180 1911 367 1966 indicibilibus
380 1913 517 1967 frueretur
529 1913 644 1966 deliciis.
666 1913 714 1966 cui
729 1912 855 1966 etiamad
874 1917 1052 1980 augmentum
1064 1910 1172 1980 gloriae
1188 1906 1308 1962 divinitus
1322 1907 1370 1968 ut*

180 2012 273 2065 stilum
286 2016 327 2065 est
337 2018 367 2065 ut
379 2013 484 2081 primus
496 2014 655 2078 martyrium
667 2013 819 2078 susciperet
831 2012 860 2064 in
872 2011 917 2064 illa
928 2010 1121 2065 crudelissima
1130 2006 1371 2078 persecutionem

180 2109 304 2163 Julianus
315 2112 463 2178 imperator
474 2118 596 2178 apostata
614 2124 664 2178 per
675 2110 790 2164 alterum
802 2110 941 2164 lulianum
953 2108 1124 2162 avunculum
1136 2110 1166 2161 et
1188 2118 1237 2173 per
1246 2082 1398 2157 dimi

181 2210 382 2274 provinciarum
396 2216 585 2276 procuratores
602 2216 628 2266 et
638 2211 744 2278 judices
765 2211 900 2271 excitavit,
913 2213 941 2263 et
960 2209 1039 2277 quasi
1057 2207 1150 2261 imbre
1169 2190 1370 2272 temperaretur

181 2311 241 2374 gata
254 2310 358 2363 otsolis
379 2310 470 2363 calore
488 2323 541 2363 uva
553 2311 641 2376 primo
663 2314 807 2377 maturata,
821 2309 849 2361 in
870 2309 956 2362 calice
975 2307 1076 2361 summi
1098 2304 1245 2373 pontilicis,
1256 2298 1368 2355 sunnin!

182 2406 276 2471 utique
296 2407 431 2461 bonorum
447 2409 524 2474 juxta
545 2407 671 2462 ordinem
692 2408 903 2468 Melchisedech.
917 2420 1076 2474 expressus,
1089 2403 1258 2460 sacrificium
1267 2400 1369 2455 auerti

182 2510 302 2569 spectum
316 2507 464 2573 majestatis
477 2508 522 2560 bei
536 2508 689 2561 elevaretur
701 2515 729 2561 et
740 2508 934 2574 susciperetur.
949 2509 980 2560 lit
990 2507 1056 2575 quia
1074 2508 1134 2573 ipse
1143 2506 1203 2575 jam
1213 2488 1368 2565 dietusurttit
1427 2514 1431 2527 ·

183 2617 230 2657 sus
242 2606 369 2660 sacerdos
382 2607 562 2661 theodoritus
581 2607 739 2675 martyrium
752 2606 849 2660 devote
862 2607 991 2672 suscepit,
1004 2603 1137 2659 sacerdos
1147 2603 1248 2672 pariter
1257 2604 1284 2655 et
1293 2572 1395 2657 uarttb’

180 2705 308 2771 angelum
319 2711 480 2772 apostatam,
494 2707 588 2773 utique
609 2707 748 2760 lulianum
761 2712 788 2759 et
807 2706 923 2759 alterum
943 2705 1084 2759 lulianum
1106 2708 1253 2771 apostatas,
1272 2682 1367 2753 recutitiu
1426 2714 1431 2745 :

182 2802 356 2858 confessione
376 2807 496 2858 nominis
509 2807 606 2858 curisti
628 2808 775 2873 superauit.
789 2806 949 2860 sicutenim
972 2805 1019 2858 lux
1030 2804 1174 2857 contraria
1193 2807 1236 2857 est
1253 2787 1369 2854 madri
1428 2842 1431 2849 .

183 2914 235 2965 par
248 2902 401 2957 discordiae
420 2909 445 2957 ct
457 2918 539 2958 omne
560 2905 662 2958 bonum
674 2905 749 2958 omni
773 2904 853 2971 malo,
866 2905 905 2956 sic
926 2907 1036 2957 sanctus
1057 2903 1110 2956 iste
1132 2901 1292 2957 contrariam
1306 2882 1369 2947 naluit
1425 2911 1431 2945 ι·

184 3003 333 3068 nequitiam
346 3004 416 3056 aeris
429 3005 519 3070 nujus.

217 3100 248 3154 2.
264 3104 329 3154 llam
341 3108 372 3155 ut
384 3104 500 3168 amplius
517 3103 570 3155 dici
583 3109 671 3170 potest
689 3103 828 3171 quomodo
841 3104 893 3157 iste
913 3107 1027 3157 ornatus
1046 3102 1180 3157 omnibus
1192 3102 1243 3156 tuit
1257 3064 1396 3151 uirtui‘iii¹
1427 3138 1431 3145 .

185 3199 223 3251 sic
236 3206 393 3266 persecutor
404 3202 464 3267 eius
474 3201 598 3255 lulianus
618 3202 747 3255 omnibus
760 3202 923 3269 illaqueatus
942 3201 1025 3263 uitiis,
1039 3202 1069 3254 in
1091 3206 1201 3255 tantum
1213 3192 1309 3266 utquid
1322 3188 1368 3241 iuti
1429 3238 1431 3243 ,

186 3299 263 3365 pejus
276 3303 348 3353 esset
369 3313 458 3368 neque
471 3314 635 3369 cognoscere
656 3302 755 3368 aliquis
776 3314 867 3367 neque
889 3300 982 3354 dicerc
1002 3304 1106 3367 posset.
1120 3300 1228 3355 sellulis
1246 3288 1369 3365 siquititna

185 3400 322 3463 primaeua
334 3406 421 3453 aetate
434 3400 559 3465 traditus,
574 3401 699 3454 liberales
712 3408 784 3453 artes
796 3401 882 3454 ueloci
896 3413 979 3454 seusu
995 3400 1094 3454 didicit
1106 3406 1145 3467 et,
1159 3402 1230 3455 sicut
1239 3398 1273 3453 de
1282 3386 1371 3461 ultim

186 3499 245 3564 eius
265 3500 364 3553 dieitur
375 3500 438 3566 quia
459 3500 585 3554 diabolus
599 3501 669 3553 male
690 3503 886 3567 interpretatur
898 3501 1061 3568 scripturas,
1075 3502 1129 3556 iste
1151 3503 1244 3556 omnia
1261 3490 1374 3567 ΜΝ

186 3595 294 3649 scholae
305 3595 408 3648 audiuit
421 3599 554 3664 magistris
566 3600 702 3651 contraria
715 3597 941 3667 tergiversatione
953 3599 1026 3653 malo
1036 3613 1121 3652 sensu
1136 3564 1403 3668 pessimauitnelittt’

187 3696 260 3748 enim
273 3696 384 3748 nomine
405 3697 553 3749 christiano
567 3704 594 3750 et
612 3698 774 3764 baptismate
796 3699 940 3764 abnegato,
953 3711 1023 3764 quos
1040 3698 1152 3753 christu
1173 3698 1316 3753 servientes
1329 3689 1380 3741 ilii

187 3796 285 3863 stigare
297 3795 386 3862 putuit
397 3796 627 3863 occiderecoepit.
643 3802 732 3864 Usque
746 3797 814 3850 atico
829 3798 957 3864 snperbia
970 3796 1044 3849 illius
1057 3797 1191 3851 intumuit
1200 3794 1384 3852 utbdiucrttt

187 3895 337 3948 funditusa
360 3901 449 3948 mente
464 3908 512 3946 sua
533 3896 664 3958 abiciens,
679 3897 762 3948 beum
784 3896 854 3948 sein
875 3896 967 3963 aliquo
989 3907 1091 3948 nocere
1112 3908 1173 3949 uon
1185 3908 1266 3962 posse
1285 3886 1390 3961 sperit&-
1429 3892 1431 3913 ²

187 3994 240 4046 Sed
253 4002 399 4062 antequam
420 3996 564 4048 sortiretur
575 3996 731 4060 imperium,
744 3994 838 4048 odium
860 3994 993 4062 illiusqui
1013 3999 1081 4048 tunc
1100 3998 1163 4049 erat
1182 3989 1394 4063 imperatuniott·

188 4095 278 4147 stuntii
291 4095 431 4148 christiani
445 4096 552 4155 timens,
566 4096 630 4161 quia
641 4108 704 4147 enm
714 4094 840 4162 jugulare
851 4092 942 4162 gladio
955 4093 1074 4157 uolebat,
1087 4094 1200 4147 nullum
1213 4094 1298 4149 alium
1308 4094 1317 4111 '
1326 4060 1431 4144 coitari⁵

186 4195 252 4246 lium
266 4194 414 4247 servandac
427 4195 544 4259 repperit
565 4195 635 4246 vicie
647 4207 729 4260 quam
740 4200 770 4245 ut
781 4193 958 4247 ordinaretur
970 4192 1116 4256 diaconus,
1136 4199 1165 4247 et
1177 4195 1280 4249 sanctis
1291 4188 1403 4247 allanto

46 4306 53 4319 ·
66 4301 131 4354 cod.
187 4294 332 4357 famulans,
346 4294 374 4344 in
387 4294 467 4346 ovina
480 4293 550 4357 pelle
562 4294 670 4345 interim
686 4295 766 4358 lupus
777 4293 904 4346 rabidus·
916 4306 946 4346 se
958 4292 1164 4359 absconderet;
1178 4306 1233 4348 nee
1245 4293 1405 4349 reuiuisoeos

29 4366 148 4433 umidus·
188 4394 312 4446 lectionis
324 4394 505 4460 evangelicae,
519 4406 600 4458 (ruam
621 4394 679 4458 ipsc
698 4395 771 4445 inter
792 4400 885 4446 sancta
903 4393 1050 4446 missarum
1062 4391 1217 4448 sollemnia
1229 4388 1409 4459 recitabaturi

49 4499 128 4552 ‘sic
189 4493 365 4558 apostolica,
381 4504 470 4558 neque
490 4492 636 4545 curansde
651 4493 701 4545 boc
723 4506 771 4558 per
788 4493 862 4559 quod
876 4492 1040 4558 salvabatur,
1055 4505 1214 4561 numquam
1237 4496 1295 4550 beo
1310 4492 1412 4549 treticus

188 4592 287 4655 gratias
299 4590 340 4642 uel
353 4591 382 4642 in
403 4590 510 4642 modico
523 4588 650 4643 reddidit.
663 4593 771 4644 interea
793 4591 923 4644 defunctu
944 4591 1117 4658 constantio,
1131 4606 1197 4648 cum
1222 4596 1284 4662 ipse
1302 4588 1431 4651 tulimust
