3136 5482
262 318 326 388 182
598 337 724 391 carun.
743 338 845 389 cono.
864 336 1039 389 unomen.
1058 336 1138 387 aar.

452 509 518 561 iisse
530 507 581 561 sihi
594 511 714 562 mentem
724 505 894 574 deprompsit
905 518 970 560 mox
982 505 1131 560 seniorem.

454 608 576 675 benique
588 608 735 662 blanditias
748 609 892 663 mulcentis
904 607 1097 674 vituperandas

452 709 592 774 spernens
603 712 684 775 atque
696 709 786 760 minas
799 706 949 760 minitantis
961 718 1017 760 non
1032 706 1205 770 metuendas,

452 806 591 860 constanti
605 810 646 859 est
657 807 760 871 animo,
776 807 879 872 pariter
890 818 1020 859 sermone
1032 805 1144 871 diserto,

450 907 533 960 Totus
546 906 696 959 viscoribus
708 919 738 958 se
749 906 931 959 christicolam
947 905 1005 958 fore
1017 905 1115 969 fassus,

452 1009 618 1059 protestatus
630 1019 659 1058 se
672 1019 822 1072 numquam
835 1005 978 1058 discedere
991 1017 1070 1072 posse

452 1107 472 1157 Α
485 1105 559 1157 cultu
572 1104 642 1172 regis
655 1105 723 1158 caeli
736 1118 785 1171 per
796 1105 885 1158 saecla
898 1105 1046 1157 manentis.

451 1206 573 1271 lienique
586 1218 635 1257 rex
648 1217 741 1272 regum
755 1217 863 1258 necnon
875 1203 1005 1257 dominus
1015 1203 1220 1265 dominantum,

452 1303 502 1368 Qui
515 1307 594 1356 natus
606 1304 710 1357 mundo
721 1301 757 1356 de
768 1303 863 1356 matris
874 1302 987 1371 virginis
998 1302 1070 1366 alvo,

452 1402 576 1469 Undique
588 1402 737 1469 praecinxit
749 1413 810 1455 sese
821 1402 921 1455 virtute
934 1400 1037 1467 potenti

452 1501 491 1554 lld
504 1501 681 1555 debellandas
694 1501 807 1555 hostiles
817 1503 879 1567 jure
892 1503 1025 1563 catervas,

452 1600 597 1654 Ecclesiam
611 1600 674 1654 fidei
687 1600 848 1653 fundamine
860 1600 1052 1666 consolidavit,

454 1703 485 1753 llt
494 1702 551 1766 jam
564 1704 684 1753 cessaret
695 1705 819 1778 vetemm
831 1701 938 1754 cultura
950 1699 1065 1754 deornm

452 1801 484 1851 iit
495 1800 618 1852 barathri
631 1803 725 1865 portae
739 1799 921 1853 subcumbam
933 1800 997 1853 huic
1008 1800 1184 1865 tenebrosae,

453 1901 569 1966 ipsoque
582 1900 699 1952 munivit
710 1901 782 1953 hanc
794 1899 926 1953 militibus
939 1900 1111 1966 venerandis,

452 1997 515 2060 Quis
528 1998 631 2051 confisa
644 2010 708 2052 suos
721 1999 881 2052 defenderet
892 1998 1016 2066 undique
1028 2011 1131 2061 mums‚

452 2099 489 2149 lle
502 2097 599 2149 turmis
611 2095 701 2151 aditus
712 2102 802 2163 pateat
814 2098 939 2152 hostibus
951 2098 1034 2151 ullus.

393 2198 447 2248 vl.
484 2199 523 2248 Ex
535 2197 634 2262 quibus
647 2197 696 2250 iste
709 2196 780 2265 viget
791 2197 826 2250 de
838 2211 892 2265 quo
907 2211 980 2251 nuno
993 2197 1095 2251 mentio
1108 2195 1203 2264 pollet,

451 2297 488 2348 lix
501 2300 587 2349 aetate
598 2309 667 2362 puer
679 2309 830 2363 sensusque
842 2295 934 2365 vigore
946 2297 1082 2364 magister.

452 2396 540 2447 Gratia
552 2396 677 2448 caelestis
689 2398 763 2450 huno
774 2395 917 2468 inspiravit
928 2395 1046 2449 abundis

452 2493 582 2546 Flaminis
594 2494 714 2547 aetherei
727 2495 903 2547 sermonibus
915 2500 942 2547 et
954 2493 1136 2559 documentis,

453 2593 618 2659 virtutisque
630 2604 696 2646 suae
708 2594 762 2645 rim
775 2593 891 2659 pectoris
902 2591 1003 2645 indidit
1015 2591 1094 2645 aulae

452 2693 524 2757 liius,
538 2695 569 2745 ut
580 2692 710 2745 adversus
722 2692 801 2746 floret
813 2692 921 2746 hostilia
933 2697 1017 2746 tutus.

453 2795 529 2845 llune
541 2805 651 2859 quoque
663 2792 799 2845 tantillum
812 2793 875 2846 fecit
886 2795 958 2847 lteus
968 2772 1029 2846 esse
1040 2792 1185 2858 disertum,

454 2891 535 2956 cujus
548 2894 694 2957 praecepto
707 2896 846 2943 reseratur
858 2891 951 2959 lingua
963 2893 1064 2945 taeenti

454 2991 486 3040 Et
497 2991 557 3055 quis
571 3003 626 3042 non
638 3003 704 3043 aevo
717 2990 827 3057 linquae
839 2990 920 3042 datur
931 2990 987 3044 ulla
1000 2992 1123 3058 facultas,

456 3090 573 3141 frenum
587 3095 701 3141 naturae
713 3089 844 3153 retinens,
857 3090 964 3157 linguas
977 3090 1022 3143 dat
1034 3096 1152 3158 apertas.

458 3191 625 3253 Quapropter
637 3201 728 3241 coram
741 3188 807 3241 dum
820 3189 943 3254 praeside
956 3195 1038 3243 staret
1051 3191 1095 3244 hic
1107 3191 1209 3258 infans,

457 3286 580 3354 Elinguis
592 3288 698 3341 modico
711 3293 765 3341 tam
779 3289 854 3354 parvi
868 3290 998 3355 temporis
1010 3302 1087 3355 aevo,

459 3386 580 3437 l'laminc
593 3385 725 3440 continuo
738 3387 777 3439 sic
789 3385 911 3440 imbutus
923 3389 981 3441 fore
994 3395 1089 3442 saneto

457 3485 559 3537 Dicitur
570 3491 601 3537 ut
613 3486 725 3539 senibus
738 3486 886 3552 sapientior
898 3499 958 3540 esse
970 3488 1090 3542 daretur.

459 3584 581 3649 lienique
593 3585 622 3635 lit
634 3585 729 3637 doctor
741 3586 801 3650 ejus
814 3590 905 3638 tantus
918 3586 1052 3639 habitator
1066 3602 1073 3638 :

458 3686 578 3750 llamque
592 3697 639 3749 per
651 3685 782 3736 infantem
795 3685 903 3738 fabatur
913 3683 1031 3750 Spiritus
1043 3686 1117 3738 idom

458 3783 506 3845 Qui
519 3782 639 3846 perfudit
651 3796 714 3836 curn
726 3784 835 3849 propria
848 3782 1015 3852 pinguedine
1027 3790 1125 3839 totum.

380 3884 451 3934 vn.
485 3884 523 3936 lle
536 3896 590 3947 quo
602 3884 716 3935 miratus
728 3883 768 3935 sic
780 3896 891 3949 praeses
902 3883 928 3937 ei
941 3885 1020 3937 datur
1031 3898 1111 3938 orsus
1127 3902 1133 3938 :

457 3982 568 4034 Pande
580 3982 666 4050 alethi,
680 3995 795 4048 menen,
809 3983 880 4050 quis
894 3983 969 4038 haec
981 3983 1038 4036 tibi
1048 3984 1198 4051 dopmeta
1209 3987 1324 4045 dando

458 4080 607 4134 Extiterit
619 4083 724 4135 doctor
736 4096 906 4149 sensusque
919 4082 968 4135 teci
978 4084 1166 4137 moderator.

464 4181 539 4233 Tum
551 4193 670 4247 quoque
681 4181 848 4235 consilium
856 4183 1000 4248 prudens
1011 4184 1215 4251 complectere
1225 4190 1389 4244 noscerem.

461 4279 571 4332 Desine
581 4281 704 4347 prande
717 4282 801 4348 loqui
813 4282 867 4335 secl
878 4283 908 4335 et
920 4281 1017 4335 irrita
1029 4281 1156 4350 sarcina
1167 4281 1248 4352 fari,

460 4379 581 4444 rvejom
592 4379 739 4432 subdaris
753 4380 1141 4451 infestantissimepoeniq

459 4480 539 4530 Dum
547 4491 681 4544 prorsus
692 4482 835 4532 nostram
847 4481 975 4534 studeas
986 4481 1292 4548 offerrderejussum.

461 4577 523 4628 Post
537 4575 603 4628 haec
616 4576 735 4629 carnifici
750 4546 858 4642 sapiens
871 4578 1021 4631 infantulus
1035 4578 1095 4630 infit
1110 4593 1117 4630 ι
