3136 5482
192 341 280 390 arou.
300 342 382 393 rear.
402 345 518 393 ranis.
540 363 583 373 -
599 344 751 393 arpano.
771 344 830 393 au.
849 344 927 392 eon.
947 341 1021 392 ectr.
1175 328 1238 393 159

132 522 195 564 orum
206 513 303 580 'gente
316 512 421 580 aliquid
432 514 519 568 relatu
532 513 805 582 praemisimus,quid
818 514 916 568 iterum
928 513 1026 567 ductus
1039 512 1154 580 proximi
1163 524 1233 566 com·
1291 512 1376 564 ‘coel

132 609 183 662 eiu
203 611 395 678 Hispaniarum
417 615 527 681 regione
550 614 645 666 feeerit
669 617 776 680 oportet
795 617 825 665 ut
849 610 1000 679 videamus,
1025 612 1068 665 sui
1087 610 1235 677 plurimum
1267 579 1404 631 mmm·

142 709 272 777 neglectus
292 716 320 764 et
340 713 414 766 velut
434 713 620 782 incongruus,
642 711 759 781 proximi
785 717 877 766 tamur
901 711 1098 767 necessitudini
1121 711 1234 778 provide

132 809 254 879 allicitus,
267 824 330 866 cum
345 813 449 866 scilicet
461 815 502 866 bis
516 816 598 868 rebus
611 814 658 867 fiat
669 815 751 867 lromo
767 816 820 866 beo
833 814 990 865 carissimus
1001 812 1137 878 terrisque
1148 823 1229 866 rene·

132 907 231 978 dignus.
244 911 322 974 Quod
335 925 400 980 ergo
412 912 514 966 dicitur
525 914 626 967 abhinc
637 914 758 979 apertius
769 914 902 966 videatur.

132 1013 164 1060 rat
175 1008 287 1076 quidam
300 1011 345 1064 vir
355 1011 434 1065 valde
447 1012 546 1065 nobilis
559 1018 587 1065 et
599 1013 735 1079 llispanus
747 1025 858 1080 genere,
871 1012 900 1064 in
912 1011 1008 1064 eadem
1021 1011 1235 1077 llispaniorum·
1297 1006 1383 1059 'sie
1475 1056 1478 1060 .

132 1112 261 1164 tmanens
272 1111 396 1179 regione,
409 1112 561 1166 ditissimus
573 1114 654 1166 etiarn
668 1126 749 1179 opum
763 1111 901 1165 facultate.
916 1111 963 1164 llic
974 1109 1042 1163 dum
1055 1109 1147 1177 itaque
1158 1122 1237 1178 gene

141 1220 171 1261 ac
182 1221 275 1262 rerum
287 1210 442 1263 nabitamm
456 1224 512 1264 non
525 1211 633 1264 modica
646 1212 782 1264 frueretur
790 1209 972 1277 jucunditate,
985 1210 1081 1262 oborto
1094 1206 1238 1274 cujusdam

133 1305 175 1359 ine
183 1307 264 1375 jussu
277 1309 349 1375 regis
363 1314 455 1362 trusus
468 1315 509 1363 est
522 1308 551 1362 in
565 1322 683 1363 earcere.
697 1310 783 1372 Quem
796 1321 857 1373 rex,
870 1312 1055 1374 opportunum
1067 1305 1101 1360 ad
1120 1306 1171 1358 boc
1183 1318 1242 1358 sus·

133 1406 194 1472 iem,
208 1407 322 1472 parabat
333 1409 475 1474 capitalem
488 1409 581 1462 subire
598 1409 772 1475 sententiam,
786 1408 918 1475 fortassis,
934 1411 965 1458 ut
977 1411 1037 1459 erat
1048 1417 1142 1458 errore
1153 1406 1238 1472 genti-

132 1510 242 1572 aienius,
255 1507 284 1558 in
296 1507 377 1560 bonis
388 1507 463 1561 illius
475 1509 639 1563 mordaciter
651 1520 682 1560 ao
695 1506 842 1561 infideliter
855 1507 964 1559 inhians
977 1510 1003 1559 et
1015 1510 1093 1558 aestu
1104 1504 1237 1558 avaritiae

132 1618 144 1670 =‚
156 1617 203 1658 eas
217 1605 269 1658 sibi
280 1605 402 1674 diripere
422 1607 591 1674 desiderans,
605 1607 735 1674 quoniam
756 1610 860 1674 gentes,
874 1618 945 1673 quae
964 1603 1091 1657 videlicet
1109 1604 1239 1671 ignorant

132 1705 246 1758 roseiunt
258 1718 369 1773 sperare
390 1706 442 1759 nisi
455 1708 484 1759 in
499 1707 605 1761 incerto
626 1707 783 1760 divitiarum
804 1705 1006 1759 transeuntium
1028 1704 1122 1771 otique
1136 1716 1238 1767 rerum,

132 1803 235 1868 puidem
247 1817 283 1857 ex
295 1805 402 1873 integro
414 1812 510 1872 putant
522 1807 574 1859 sibi
587 1807 694 1861 lucrum
706 1806 825 1873 optabile
838 1804 907 1872 fleri,
919 1806 943 1857 si
952 1817 1002 1858 sua
1015 1804 1084 1857 nulli
1097 1804 1240 1871 cupientes

132 1901 231 1955 caleant
243 1903 341 1958 alienis
353 1904 457 1971 rapinis
479 1907 592 1960 ditiores
605 1907 690 1960 rideri
703 1920 711 1958 ε
725 1907 803 1973 cujus
824 1917 889 1972 ergo
901 1905 941 1958 rei
959 1904 1099 1972 negotium
1111 1915 1166 1970 quo
1179 1902 1240 1969 plus

132 2014 173 2064 ur,
186 2014 219 2055 eo
231 2001 293 2067 plus
306 2003 409 2071 ingenti
422 2004 580 2058 discrimine
594 2019 675 2073 quam
691 2004 803 2072 plurimi
824 2004 1023 2070 periclitantur,
1037 2008 1064 2056 et
1086 2003 1161 2056 nulla
1173 2002 1240 2056 invi-

132 2100 147 2152 rl
158 2103 374 2168 concupiscendi
387 2102 417 2156 fit
429 2105 556 2172 defectio,
570 2106 635 2170 quia
647 2105 724 2157 nulla
735 2109 777 2156 est
787 2104 908 2157 veritatis
921 2103 1034 2171 agnitio.
1046 2103 1110 2156 ldeo
1123 2114 1242 2168 namque

132 2200 236 2254 uaefati
258 2204 376 2255 carceris
398 2204 568 2270 ergastulum
588 2204 699 2270 patitur,
712 2210 770 2257 erat
791 2205 864 2257 enim
887 2217 963 2256 mens
984 2204 1043 2267 ejus
1064 2203 1091 2255 in
1114 2204 1167 2255 beo
1181 2213 1239 2253 non

139 2301 240 2368 fidens,
252 2304 304 2356 sed
316 2310 389 2356 totus
408 2305 514 2371 adeius
527 2304 692 2359 ineffabilem
713 2306 917 2358 miserationem
931 2305 1108 2368 convertitur,
1122 2315 1237 2369 eamque.

132 2400 216 2453 leucii
230 2403 390 2466 patrociniis
402 2403 454 2456 sibi
475 2403 647 2468 prolaturam
660 2405 756 2456 adesse
778 2407 914 2468 precatur.
928 2403 977 2467 Qui
999 2401 1115 2468 proinde
1128 2401 1238 2454 tandem

132 2513 156 2553 rs
167 2500 293 2566 advenit,
309 2508 336 2555 et
347 2502 391 2567 pia
405 2502 625 2556 confabulatione
639 2503 816 2555 tribulantem
829 2516 906 2555 reum
924 2502 1058 2568 respirare
1071 2500 1238 2554 consolando

132 2636 142 2652 .
156 2601 212 2653 liex
225 2606 327 2666 autem,
341 2603 433 2669 agnito
445 2600 494 2655 bei
507 2602 602 2655 adesse
614 2602 789 2668 discipulum,
803 2602 894 2654 statim
913 2602 945 2654 ad
961 2613 1041 2655 suum
1055 2605 1133 2655 vocat
1147 2601 1238 2654 conri-

132 2698 245 2765 uadium‚
259 2700 323 2753 lieet
336 2713 392 2754 uon
405 2701 535 2768 ignorans
547 2700 625 2754 illum
638 2700 737 2754 talibus
750 2701 821 2753 escis
834 2700 950 2752 necdum
965 2699 1037 2752 licite
1051 2699 1122 2752 vesei
1137 2711 1217 2765 posse
1231 2720 1236 2748 ι

132 2799 230 2851 mensi
251 2798 433 2866 adquiescens
455 2805 564 2867 rogatus
579 2800 697 2866 fecisset,
711 2801 785 2853 nulla
808 2801 935 2866 inquiens
956 2801 985 2851 in
1006 2799 1048 2851 bis
1068 2811 1138 2865 quae
1157 2798 1241 2852 vellet

132 2909 154 2950 rs
165 2897 337 2964 adipiscendi
350 2901 559 2953 intercessisset.
573 2902 656 2966 cujus
669 2900 780 2954 monitis
803 2905 914 2953 sanctus
936 2899 1057 2966 pontifex
1079 2900 1190 2952 tandem
1204 2898 1237 2952 ad

132 2996 230 3051 itidem
242 2999 386 3063 adhibens,
400 3001 502 3053 resedit
514 3005 541 3053 et
560 3013 686 3067 quaeque
703 3000 878 3053 vescentibus
895 2998 1018 3065 apposita
1036 3000 1144 3053 meram
1161 2999 1240 3066 signo

141 3099 233 3152 crucis
245 3099 327 3153 simul
339 3106 365 3154 et
376 3101 501 3154 oratione
522 3100 711 3168 sanctificavit,
726 3107 753 3153 et
776 3103 834 3166 ipse
847 3099 950 3167 pariter
963 3101 1138 3167 epulantibus
1151 3113 1239 3154 come·

132 3195 224 3249 erfuit.
238 3196 314 3260 Quod
337 3198 429 3265 itaque
442 3198 470 3252 in
491 3204 639 3264 conspectu
652 3199 776 3252 omnium
797 3199 866 3252 forte
886 3198 971 3251 videri
991 3200 1078 3266 potuit
1096 3198 1240 3253 celeberri-

152 3295 346 3349 ammiratione
364 3296 490 3365 dignum,
512 3299 601 3350 virum
624 3298 718 3364 utique
739 3297 792 3351 fide
814 3297 1028 3350 munitissimum
1049 3303 1076 3349 et
1091 3298 1241 3351 catholicae

132 3392 321 3446 sauctoritate
340 3395 572 3458 probatissimum,
587 3395 623 3447 ita
643 3408 704 3448 sese
718 3407 844 3447 coercere
864 3371 983 3448 voluisse
996 3398 1004 3416 ·
1017 3395 1147 3461 quatinus
1170 3395 1240 3447 cibis
1294 3393 1380 3471 'cod

132 3502 157 3541 rs
169 3491 210 3543 oti
221 3498 318 3544 contra
330 3504 435 3545 morem
449 3494 590 3558 potuisset.
606 3493 657 3546 sed
671 3493 746 3546 aliud
758 3499 799 3546 est
816 3493 921 3547 inlicita
932 3505 982 3559 pro
995 3493 1107 3546 alterius
1125 3492 1241 3546 utilitate
1270 3461 1409 3514 v⁰¹⁰¹⁸⁸⁰⁸·

132 3587 187 3641 erio
199 3591 369 3657 contingere,
382 3596 409 3643 et
420 3591 496 3644 aliud
510 3597 662 3657 spontanea
675 3591 813 3645 voluntate
826 3592 916 3657 potius
929 3604 1013 3658 quam
1022 3592 1113 3659 aliqua
1126 3597 1240 3660 cogente

132 3690 180 3740 ate.
192 3690 261 3740 llam
275 3700 331 3742 non
344 3689 430 3743 inscie
443 3691 495 3743 boc
507 3690 579 3743 idem
591 3691 666 3744 risus
678 3696 720 3744 est
732 3691 885 3756 pertulisse,
899 3705 961 3744 cum
975 3696 1082 3744 constet
1093 3705 1150 3745 non
1162 3691 1241 3745 aliter

132 3786 157 3838 is
176 3786 288 3839 vinculo
309 3801 388 3842 reum
409 3788 470 3844 erui
484 3802 573 3855 posse.
588 3792 648 3842 Fuit
668 3790 742 3843 enim
767 3791 795 3842 in
814 3790 926 3843 inlicitis
939 3790 1101 3858 neglegendi
1119 3791 1240 3859 aequasi

134 3884 142 3934 i
154 3883 278 3947 licentia,
292 3899 328 3939 ne
338 3887 548 3941 defraudaretur
561 3888 698 3941 vinculato
708 3890 814 3954 captivo
824 3889 958 3942 libertatis
969 3902 1039 3956 opus
1051 3894 1077 3943 et
1089 3888 1240 3943 miserendi

132 3992 215 4034 amen
228 3986 340 4049 optante
361 3985 442 4037 beato
462 3985 619 4038 confessore
639 3988 715 4052 juxta
737 3988 890 4054 apostolum
903 3988 962 4041 fleri
975 4001 1023 4053 pro
1036 3988 1165 4042 fratribus
1177 4000 1240 4040 ana-

136 4080 299 4147 osequendo
318 4083 459 4136 verissima
480 4084 518 4151 pii
539 4086 656 4151 pastoris
677 4086 797 4153 vestigia,
811 4087 857 4153 qui
881 4085 984 4140 relictis
1003 4087 1115 4153 imparis
1134 4088 1240 4140 numeri

132 4190 198 4231 nam
211 4191 284 4245 quae
295 4186 435 4233 erraverat
447 4185 581 4247 quaesivit
593 4189 619 4236 et
630 4185 665 4236 ad
677 4185 770 4239 caulas
792 4186 833 4238 sui
845 4187 934 4253 gregis
947 4187 1100 4252 impositam
1121 4186 1242 4239 humeris

134 4277 163 4328 it.
177 4278 314 4330 convivae
337 4283 428 4331 autem
451 4282 530 4349 regis,
544 4282 670 4335 videntes
690 4283 851 4349 impetrasse
863 4283 897 4336 ab
916 4296 949 4336 eo
963 4283 1009 4335 liei
1023 4283 1156 4335 famulum
1168 4285 1241 4350 quod

132 4377 235 4443 iterque
255 4379 375 4443 petisset.
389 4381 520 4434 continuo
541 4383 666 4434 nituntur
687 4384 715 4434 in
737 4396 800 4434 eum
824 4384 862 4435 uti
884 4381 967 4435 minis
977 4381 1133 4450 jaculisque
1145 4384 1239 4438 verbo·

132 4489 194 4542 gre,
207 4488 282 4540 reor,
305 4477 424 4530 ferentes
443 4480 584 4533 bominem
605 4486 696 4534 tanae
718 4482 866 4535 nobilitatis
889 4486 1034 4548 tantaeque
1055 4482 1167 4536 ditionis
1186 4484 1238 4536 sibi

132 4573 211 4626 aferri
224 4581 252 4628 et
263 4574 438 4630 facultatibus
451 4579 562 4644 insuper
579 4579 735 4633 divitiarum
748 4583 807 4647 ejus
821 4594 853 4632 ex
865 4586 921 4634 toto
934 4580 1041 4633 nudari.
1054 4580 1127 4632 fllbll
1142 4588 1233 4636 tamen
