3156 5452
268 335 599 387 erumminensis.
620 355 665 367 -
680 335 834 387 arpenn.
854 335 902 386 rin
918 335 996 386 eoo.
1018 332 1092 383 irre.
1255 316 1299 382 73

99 500 256 563 brinnando
269 507 403 561 visitabat.
418 507 624 575 Evangeitorum
646 507 844 562 assertionibus
858 507 975 575 augebat
991 505 1072 559 tidem
1087 504 1300 558 christianorum

97 602 205 684 iltrebro
215 606 399 660 miserabilem
413 605 555 673 gentilium
574 619 695 660 errorem
709 607 845 660 nitoribus
858 605 945 659 teiicis
957 605 1161 659 ammonitionis
1173 603 1298 657 eiciebat.

117 700 144 754 8.
156 706 265 769 Quadam
277 704 334 769 die,
345 704 413 758 dum
425 705 521 759 beatus
534 705 667 758 lteianius
679 705 714 759 de
734 706 873 760 iiedonico
886 718 954 773 page
977 704 1012 758 atl
1034 701 1184 759 oratorium
1207 716 1298 766 suum,

86 801 128 864 itti
138 806 227 860 dicitur
239 805 336 869 ilatio,
348 818 383 858 cx
399 808 544 871 parentum
565 805 740 871 proprietate,
754 808 889 873 pergeret,
901 805 977 857 venit
999 806 1026 857 in
1048 803 1209 857 itareiacum
1222 804 1230 821 ·
1243 810 1319 856 cas-⁶
1334 804 1496 861 biareiarum

47 899 238 972 iimmqmd
257 904 287 957 in
301 905 403 958 montis
424 904 613 958 celsitudinem
627 904 709 957 situm
734 908 869 969 estsuper
889 904 1007 956 rivulum
1028 905 1081 956 iiia
1103 904 1224 957 nomine.
1239 904 1300 955 Fuit
1311 875 1458 994 liarssiassu
1459 953 1486 991 m

75 1005 161 1056 autem
180 1004 309 1071 antiquus
331 1003 453 1057 bostisei
474 1002 591 1068 ebriam,
605 1003 634 1055 in
654 1004 744 1068 speeie
765 1003 835 1055 tauri
858 1003 962 1055 itabens
982 1014 1100 1067 cornua;
1119 1000 1299 1069 cognovitque
1386 1007 1411 1059 5.

68 1111 135 1155 eum
147 1105 187 1157 uir
199 1105 257 1158 bei.
270 1106 356 1168 Quem
369 1117 432 1156 curn
444 1103 621 1171 requisisset:
637 1103 699 1162 Quo
711 1102 800 1157 endis
813 1102 825 1154 l
837 1102 883 1155 iiie
895 1101 1036 1169 respondit
1048 1116 1055 1154 ε
1069 1103 1115 1155 En
1127 1101 1169 1154 ed
1180 1100 1300 1169 fratres

66 1202 149 1256 vade
158 1203 315 1270 potionem
326 1202 373 1257 eie
383 1202 482 1263 dam
497 1207 524 1256 ei
534 1202 604 1256 dixit
620 1215 649 1255 se
661 1203 797 1256 medicum
809 1214 877 1255 esse.
889 1204 982 1268 itaque
990 1202 1110 1269 perrexit
1119 1202 1213 1255 beatus
1222 1201 1300 1254 tiela·

62 1299 132 1354 nius
151 1303 185 1355 ad
204 1301 358 1356 oratorium
378 1314 477 1368 suum3
498 1299 687 1368 completaque
710 1301 843 1368 oratione,
868 1303 992 1368 protinus
1015 1300 1144 1355 surrexit.
1165 1301 1298 1368 iiaiignus

10 1395 39 1447 ic
58 1410 130 1454 sero
149 1401 261 1468 spiritus
280 1414 369 1454 unum
390 1400 528 1454 seniorem
548 1400 584 1454 de
606 1399 664 1453 suis
687 1401 838 1462 monacbis,
858 1402 906 1467 qui
927 1401 965 1454 ibi
987 1400 1176 1464 morabantur,
1198 1399 1302 1453 invenit

59 1509 167 1567 aquam
184 1501 379 1554 haurientem:
398 1501 427 1553 in
447 1513 528 1568 quern
542 1500 632 1552 statim
652 1499 792 1567 ingressus
810 1504 859 1566 est,
873 1513 992 1567 eumque
1014 1500 1043 1553 in
1064 1505 1164 1553 terram
1178 1499 1300 1567 projecit,

58 1602 93 1650 et
103 1600 349 1655 vehementissime
360 1600 478 1653 vexavit.
492 1604 576 1666 Quem
597 1613 659 1653 eum
672 1601 713 1652 vir
734 1600 790 1666 liei,
803 1601 838 1654 ab
859 1601 984 1655 oratione
1005 1600 1125 1665 rediens,
1139 1605 1194 1653 tani
1206 1598 1302 1653 erude-

59 1694 133 1751 liter
144 1699 237 1752 uexari
250 1698 430 1765 conspiceret,
444 1697 469 1751 ei
482 1697 653 1751 solummodo
665 1697 771 1763 alapam
784 1698 876 1764 dedit;
887 1702 915 1751 et
924 1698 1073 1766 malignum
1086 1698 1120 1751 ab
1133 1711 1166 1752 eo
1175 1698 1300 1763 spiritum

58 1797 194 1858 protinus
206 1796 336 1863 excussit,
349 1797 386 1848 ita
398 1800 429 1849 ut
440 1796 469 1848 in
481 1808 544 1849 eum
558 1794 648 1849 redire
659 1795 773 1849 ulterius
786 1807 842 1849 non
854 1796 977 1850 auderet.

14 1891 38 1943 s
97 1895 135 1946 7.
147 1895 329 1962 iipostoiicam
342 1906 467 1948 normam
479 1895 590 1948 tenebat
602 1895 631 1946 in
643 1893 768 1949 doctrina
781 1896 908 1957 bumana,
920 1895 1068 1949 ostendens
1079 1901 1175 1950 contra
1187 1895 1299 1949 vulnera

56 1998 191 2047 ornatam
213 1992 336 2062 reguiam
348 1998 375 2048 et
396 1998 498 2047 rectam
519 1994 703 2060 paenitentiae
715 1996 734 2045 ⁶.
749 1995 809 2060 ipse
829 2008 893 2049 vero
906 1995 1052 2049 roborabat
1064 2008 1094 2048 se
1105 1995 1205 2048 divinis
1218 1996 1297 2048 obse·

60 2091 152 2159 quiis,
166 2093 263 2159 vigiliis
284 2098 312 2146 et
332 2092 511 2158 orationibus,
530 2093 653 2159 jejuniis,
674 2093 840 2159 elemosynis
862 2100 889 2147 et
910 2095 1007 2148 celeris
1028 2095 1163 2148 bonorum
1185 2107 1298 2160 eperunt

62 2189 294 2247 exhibitionibus.
308 2190 403 2246 Fidem
423 2192 576 2246 secundum
600 2195 684 2245 ileum
697 2198 829 2247 servatam
853 2194 972 2250 tenebat.
984 2199 1011 2247 ei
1031 2206 1160 2247 coronam
1179 2195 1301 2259 justitiae

68 2297 179 2358 semper
189 2293 373 2359 exspectabat,
386 2293 518 2360 quoniam
538 2292 647 2346 assidue
659 2299 723 2347 ante
743 2294 838 2347 ectrios
854 2295 914 2361 eius
935 2294 994 2348 dies
1015 2295 1110 2348 ultima
1123 2296 1299 2360 versabatur3

14 2378 54 2434 2⁰
68 2388 214 2458 oculisque
233 2392 267 2444 ad
290 2390 397 2445 caelum
421 2391 551 2455 intentis,
573 2392 694 2444 animum
717 2393 751 2446 ab
773 2392 898 2447 oratione
922 2407 977 2447 non
999 2394 1145 2448 relaxabat:
1167 2394 1300 2447 Virtutum

72 2491 164 2542 tillem
176 2490 307 2545 miracula
328 2496 356 2543 et
367 2491 508 2558 signorum
530 2491 651 2558 prodigia
663 2504 734 2557 quae
752 2493 837 2560 gessit
858 2493 969 2560 longum
990 2498 1032 2546 est
1049 2506 1178 2546 enarrare
1190 2512 1198 2560 3
1212 2494 1259 2547 sed
1272 2499 1301 2547 ut

74 2588 204 2642 memoria
215 2589 405 2642 sanctissimae
417 2589 476 2655 ejus
488 2588 685 2642 recordationis
706 2589 871 2657 suggesserit
894 2590 968 2657 quod
989 2604 1171 2645 rememorare
1189 2592 1300 2659 dignum

76 2674 314 2755 duximusaiiqutd
336 2686 554 2740 reminiscamur.
567 2689 652 2739 Tanta
673 2687 747 2739 eninr
770 2688 830 2754 ejus
851 2689 963 2742 luerunt
983 2689 1113 2743 miracula
1131 2695 1158 2743 et
1179 2690 1298 2758 ingentia

77 2776 211 2845 tenorum
234 2786 356 2856 prodigia
377 2792 479 2854 quanta
500 2800 551 2840 nec
570 2800 620 2853 per
640 2787 712 2841 diem
733 2788 786 2856 legi
805 2793 851 2842 aut
872 2793 1106 2843 commemorare·
1124 2804 1139 2843 a
1161 2804 1298 2858 quoquam

38 2867 66 2919 ὓ
76 2873 224 2939 videantur.
237 2889 305 2939 iiam
326 2886 573 2940 innumerabilibus
593 2886 682 2940 caeeis
694 2884 813 2939 reddidit
825 2887 923 2952 visum,
937 2887 1041 2941 claudis
1059 2902 1192 2956 gressum,
1205 2888 1300 2943 debili·

77 2969 125 3029 ⁵¹¹⁸
137 2986 372 3045 restaurationem,
385 2984 504 3038 infirmis
516 2986 670 3049 sanitatem,
683 2984 766 3037 mutis
788 2986 966 3052 colloquium.
980 2989 1063 3041 Porro
1083 2992 1175 3041 tantae
1196 2990 1301 3042 virtutis

75 3081 132 3131 titt
144 3088 173 3136 ut
192 3097 247 3138 non
269 3084 387 3138 daemon
407 3087 471 3137 ante
489 3083 565 3137 iilum
587 3097 617 3137 se
630 3083 719 3137 celere
737 3083 848 3138 valeret.
862 3088 1031 3152 Quapropter
1050 3087 1268 3140 innumerabiles
1284 3103 1299 3140 ιι

73 3166 249 3237 “temonibus
262 3183 389 3238 obsessos
401 3183 447 3236 liei
460 3183 558 3236 virtute
571 3185 628 3236 suis
640 3182 767 3249 precibus
778 3197 810 3237 ac
823 3185 926 3238 meritis
938 3186 1062 3239 liberavit
1074 3188 1207 3240 homines.

99 3272 139 3332 8.
151 3283 271 3346 Quadam
287 3288 378 3336 autem
398 3283 452 3347 die,
464 3282 531 3335 dum
552 3282 681 3335 circuiret
702 3284 872 3348 parrochiam
894 3296 981 3347 suam,
1003 3285 1157 3339 nuntiatum
1179 3292 1220 3340 esi
1240 3288 1264 3339 ei
1285 3300 1300 3339 a

33 3361 60 3412 ³
71 3378 229 3435 Qndbns
247 3387 274 3436 et
285 3382 380 3436 amicis
400 3383 474 3450 quod
486 3381 620 3449 quaedam
642 3386 767 3435 matrona
780 3382 880 3436 nobilis
897 3397 998 3451 genere
1010 3385 1039 3438 in
1056 3398 1124 3453 pago
1149 3389 1299 3439 Cenoman-

70 3464 144 3541 nico,
152 3482 228 3549 juxta
248 3495 345 3551 pagum
360 3482 561 3544 tiedonensem,
573 3482 682 3549 jacebat
693 3482 813 3546 iniirma,
826 3483 870 3537 cui
891 3497 993 3537 nomen
1006 3491 1065 3538 erat
1085 3487 1148 3538 Eva.
1163 3487 1301 3540 Praedicta

69 3577 136 3630 rem
155 3582 218 3648 lira,
236 3583 381 3637 duodecim
403 3583 483 3636 annis
505 3586 614 3649 aegrota
626 3583 732 3649 jacens,
755 3595 929 3651 nequaquam
952 3598 1000 3650 per
1020 3598 1050 3638 se
1070 3599 1182 3654 surgere
1203 3588 1299 3653 potuit.

67 3664 153 3737 Cujus
164 3688 294 3748 parentes
304 3688 332 3736 et
343 3683 433 3746 amici,
446 3686 476 3736 ut
496 3682 600 3735 dictum
614 3687 664 3748 est,
677 3681 840 3735 accedentes
852 3683 885 3736 ad
898 3685 1067 3749 praedictum
1081 3691 1206 3740 sanctum
1219 3687 1300 3739 iieia·

67 3761 156 3846 ilum,
168 3780 388 3848 deprecabantur
403 3796 466 3837 eum
479 3787 509 3835 ut
522 3794 582 3835 eam
604 3794 699 3858 sanam
712 3782 823 3846 iaceret,
836 3783 899 3849 quia
919 3784 975 3837 suis
987 3785 1091 3838 meritis
1102 3786 1127 3838 ei
1140 3785 1226 3840 letius
1238 3799 1300 3839 esse

26 3855 54 3909 ὅ
65 3870 226 3934 dedebant.
237 3883 348 3935 Timens
359 3888 450 3935 autem
463 3885 629 3935 memoratus
640 3880 759 3947 pontifex
771 3881 878 3935 bomini
889 3883 1064 3949 sententiam,
1075 3896 1129 3950 qua
1141 3886 1195 3937 aii:
1207 3885 1298 3952 Infir-

65 3970 141 4030 mua
150 3978 204 4048 fui
210 3982 241 4034 et
249 3979 333 4051 [rtem]
344 3979 496 4036 visitastis
504 3987 591 4047 me‚et
599 3984 699 4046 cetera,
710 3992 772 4032 eum
782 3980 848 4045 ipsis
858 3980 893 4032 ad
905 3993 964 4034 eam
975 3983 1103 4048 perrexit,
1113 3987 1139 4035 et
1150 3983 1178 4036 in
1188 3983 1298 4037 domum

63 4059 128 4124 ⁰1⁰8
141 4078 290 4147 ingressus,
304 4094 388 4134 manu
401 4080 513 4135 dextera
533 4081 641 4149 signum
655 4078 744 4132 erucis
756 4093 839 4147 super
860 4093 919 4133 eam
932 4081 996 4134 iecit
1007 4088 1034 4135 et
1047 4087 1152 4137 sacrato
1164 4083 1225 4137 oleo
1237 4096 1298 4137 cum

61 4169 193 4233 ⁰¹”dtione
212 4194 290 4235 more
310 4180 471 4236 sacerdotali
492 4181 566 4235 iliam
586 4180 685 4244 linivit,
706 4184 789 4246 atque
808 4185 907 4234 statum
929 4183 1074 4249 pristinum
1096 4186 1120 4236 ei
1145 4186 1298 4252 integravit.

60 4254 154 4330 fretus
173 4280 273 4333 virtute
293 4280 433 4333 ititissimi.
446 4282 519 4344 Quae
541 4292 602 4333 mox
624 4291 739 4345 surgens
762 4283 789 4330 et
811 4291 893 4345 supra
916 4281 998 4345 pedes
1019 4286 1105 4344 stans,
1122 4283 1222 4351 gratias
1245 4285 1299 4336 lieo

17 4345 45 4397 ⁴⁰
58 4364 131 4435 ³35²,
145 4381 192 4446 qui
208 4394 268 4436 eam
282 4395 332 4448 per
350 4385 474 4435 sanctum
487 4379 644 4447 pontitieem
657 4391 737 4432 suum
758 4377 871 4431 salvavit
882 4384 900 4432 ·.
915 4383 988 4444 Quae
1008 4380 1056 4434 din
1068 4386 1212 4448 aegrotans
1232 4383 1296 4436 sub·
1336 4384 1344 4401 ⁶
1358 4380 1463 4433 sanarit

56 4459 194 4531 ει*ἳῐιιίαιιι
209 4493 288 4533 suam
310 4478 423 4532 medicis
444 4480 573 4546 erogavit,
587 4484 613 4531 et
628 4475 696 4529 niiril
708 4476 731 4529 ei
746 4475 857 4544 proluit,
870 4477 918 4531 sed
940 4491 1048 4545 semper
1059 4479 1179 4533 deterius
1191 4480 1295 4534 habuit.
1363 4449 1390 4511 δ’
1402 4448 1428 4499 ⁸·

55 4552 148 4715 {¹200
167 4592 230 4634 vero
251 4592 317 4633 sana
335 4578 440 4645 effecta,
455 4592 533 4633 suum
554 4591 583 4631 se
597 4576 710 4630 tradidit
734 4576 762 4628 in
780 4578 919 4631 servitium
942 4584 969 4632 et
989 4579 1104 4634 bomine
1123 4579 1296 4648 postmodum

54 4665 81 4706 ¹¹²
111 4677 194 4733 assit.
