<?xml version="1.0" encoding="UTF-8"?>
<!DOCTYPE html PUBLIC "-//W3C//DTD XHTML 1.0 Transitional//EN"
    "http://www.w3.org/TR/xhtml1/DTD/xhtml1-transitional.dtd">
<html xmlns="http://www.w3.org/1999/xhtml" xml:lang="en" lang="en">
 <head>
  <title>
</title>
<meta http-equiv="Content-Type" content="text/html;charset=utf-8" />
  <meta name='ocr-system' content='tesseract 3.04.00' />
  <meta name='ocr-capabilities' content='ocr_page ocr_carea ocr_par ocr_line ocrx_word'/>
</head>
<body>
  <div class='ocr_page' id='page_1' title='image "./cataloguscodicu01manugoog_0364.png"; bbox 0 0 3136 5482; ppageno 0'>
   <div class='ocr_carea' id='block_1_1' title="bbox 185 325 1240 395">
    <p class='ocr_par' dir='ltr' id='par_1_1' title="bbox 185 325 1240 395">
     <span class='ocr_line' id='line_1_1' title="bbox 185 325 1240 395; baseline -0.002 -1"><span class='ocrx_word' id='word_1_1' title='bbox 185 346 282 395; x_wconf 80' lang='lat' dir='ltr'><strong>mnu.</strong></span> <span class='ocrx_word' id='word_1_2' title='bbox 301 345 385 395; x_wconf 81' lang='lat' dir='ltr'><strong>nar.</strong></span> <span class='ocrx_word' id='word_1_3' title='bbox 404 344 523 395; x_wconf 71' lang='lat' dir='ltr'><strong>raam.</strong></span> <span class='ocrx_word' id='word_1_4' title='bbox 541 363 587 376; x_wconf 92' lang='grc'><strong>--</strong></span> <span class='ocrx_word' id='word_1_5' title='bbox 604 343 757 393; x_wconf 77' lang='lat' dir='ltr'><strong>areuna.</strong></span> <span class='ocrx_word' id='word_1_6' title='bbox 778 341 825 390; x_wconf 75' lang='lat' dir='ltr'><strong>au</strong></span> <span class='ocrx_word' id='word_1_7' title='bbox 842 342 920 392; x_wconf 86' lang='lat' dir='ltr'><strong>con.</strong></span> <span class='ocrx_word' id='word_1_8' title='bbox 939 340 1001 389; x_wconf 83' lang='grc'><strong>3333</strong></span> <span class='ocrx_word' id='word_1_9' title='bbox 1017 343 1054 391; x_wconf 78' lang='lat' dir='ltr'><strong>n.</strong></span> <span class='ocrx_word' id='word_1_10' title='bbox 1171 325 1240 392; x_wconf 83' lang='lat'><strong>349</strong></span> 
     </span>
    </p>
   </div>
   <div class='ocr_carea' id='block_1_2' title="bbox 138 514 1422 883">
    <p class='ocr_par' dir='ltr' id='par_1_2' title="bbox 138 514 1422 883">
     <span class='ocr_line' id='line_1_2' title="bbox 138 514 1236 581; baseline -0.004 -10"><span class='ocrx_word' id='word_1_11' title='bbox 138 519 264 572; x_wconf 81' lang='lat' dir='ltr'><strong>orabant.</strong></span> <span class='ocrx_word' id='word_1_12' title='bbox 278 518 398 572; x_wconf 82' lang='lat' dir='ltr'>Tandem</span> <span class='ocrx_word' id='word_1_13' title='bbox 413 518 509 572; x_wconf 86' lang='lat' dir='ltr'><strong>maesti</strong></span> <span class='ocrx_word' id='word_1_14' title='bbox 522 531 554 570; x_wconf 92' lang='lat' dir='ltr'><strong>ac</strong></span> <span class='ocrx_word' id='word_1_15' title='bbox 574 517 691 570; x_wconf 89' lang='lat' dir='ltr'><strong>luctuosi</strong></span> <span class='ocrx_word' id='word_1_16' title='bbox 712 517 751 569; x_wconf 89' lang='lat' dir='ltr'><strong>sic</strong></span> <span class='ocrx_word' id='word_1_17' title='bbox 771 516 843 570; x_wconf 91' lang='lat' dir='ltr'><strong>iuter</strong></span> <span class='ocrx_word' id='word_1_18' title='bbox 857 528 887 568; x_wconf 88' lang='lat' dir='ltr'><strong>se</strong></span> <span class='ocrx_word' id='word_1_19' title='bbox 907 514 1043 581; x_wconf 80' lang='lat' dir='ltr'><strong>quaerelis</strong></span> <span class='ocrx_word' id='word_1_20' title='bbox 1054 515 1236 569; x_wconf 75' lang='lat' dir='ltr'><strong>obmussant:</strong></span> 
     </span>
     <span class='ocr_line' id='line_1_3' title="bbox 138 616 1236 687; baseline -0.003 -15"><span class='ocrx_word' id='word_1_21' title='bbox 138 620 189 684; x_wconf 88' lang='lat' dir='ltr'><strong>lto,</strong></span> <span class='ocrx_word' id='word_1_22' title='bbox 200 619 319 685; x_wconf 82' lang='lat' dir='ltr'><strong>miseri,</strong></span> <span class='ocrx_word' id='word_1_23' title='bbox 331 619 455 672; x_wconf 85' lang='lat' dir='ltr'><strong>custode</strong></span> <span class='ocrx_word' id='word_1_24' title='bbox 464 619 615 687; x_wconf 87' lang='lat' dir='ltr'><strong>apposito,</strong></span> <span class='ocrx_word' id='word_1_25' title='bbox 626 619 720 685; x_wconf 84' lang='lat' dir='ltr'><strong>caput</strong></span> <span class='ocrx_word' id='word_1_26' title='bbox 729 616 849 670; x_wconf 83' lang='lat' dir='ltr'><strong>domini</strong></span> <span class='ocrx_word' id='word_1_27' title='bbox 857 618 959 670; x_wconf 78' lang='lat' dir='ltr'><em>nostri</em></span> <span class='ocrx_word' id='word_1_28' title='bbox 968 617 1145 685; x_wconf 83' lang='lat' dir='ltr'><strong>improvida</strong></span> <span class='ocrx_word' id='word_1_29' title='bbox 1154 629 1236 671; x_wconf 78' lang='lat' dir='ltr'><strong>secu·</strong></span> 
     </span>
     <span class='ocr_line' id='line_1_4' title="bbox 138 716 1422 788; baseline 0.002 -18"><span class='ocrx_word' id='word_1_30' title='bbox 138 718 316 771; x_wconf 70' lang='lat' dir='ltr'><strong>ardidimas.</strong></span> <span class='ocrx_word' id='word_1_31' title='bbox 330 718 440 784; x_wconf 87' lang='lat' dir='ltr'><strong>Dicite,</strong></span> <span class='ocrx_word' id='word_1_32' title='bbox 454 719 506 772; x_wconf 87' lang='lat' dir='ltr'><strong>cui</strong></span> <span class='ocrx_word' id='word_1_33' title='bbox 513 717 584 783; x_wconf 84' lang='lat' dir='ltr'><strong>jam</strong></span> <span class='ocrx_word' id='word_1_34' title='bbox 596 717 739 785; x_wconf 86' lang='lat' dir='ltr'><strong>vivimus,</strong></span> <span class='ocrx_word' id='word_1_35' title='bbox 753 717 809 784; x_wconf 81' lang='lat' dir='ltr'><strong>qui</strong></span> <span class='ocrx_word' id='word_1_36' title='bbox 821 719 830 739; x_wconf 87' lang='grc'><em>·</em></span> <span class='ocrx_word' id='word_1_37' title='bbox 840 716 922 783; x_wconf 80' lang='lat' dir='ltr'><strong>quad</strong></span> <span class='ocrx_word' id='word_1_38' title='bbox 939 718 1077 771; x_wconf 71' lang='lat' dir='ltr'><strong>commus</strong></span> <span class='ocrx_word' id='word_1_39' title='bbox 1098 718 1232 770; x_wconf 85' lang='lat' dir='ltr'><strong>ulterius</strong></span> <span class='ocrx_word' id='word_1_40' title='bbox 1245 723 1254 741; x_wconf 85' lang='lat'>&#39;</span> <span class='ocrx_word' id='word_1_41' title='bbox 1266 723 1331 776; x_wconf 69' lang='lat' dir='ltr'><strong>cort.</strong></span> <span class='ocrx_word' id='word_1_42' title='bbox 1344 721 1422 788; x_wconf 83' lang='lat' dir='ltr'><strong>quid.</strong></span> 
     </span>
     <span class='ocr_line' id='line_1_5' title="bbox 138 815 1235 883; baseline -0.001 -13"><span class='ocrx_word' id='word_1_43' title='bbox 138 817 252 870; x_wconf 82' lang='lat' dir='ltr'><strong>ernust</strong></span> <span class='ocrx_word' id='word_1_44' title='bbox 263 817 344 882; x_wconf 82' lang='lat' dir='ltr'><strong>Quasi</strong></span> <span class='ocrx_word' id='word_1_45' title='bbox 362 829 427 869; x_wconf 83' lang='lat' dir='ltr'><strong>vero</strong></span> <span class='ocrx_word' id='word_1_46' title='bbox 440 818 533 869; x_wconf 86' lang='lat' dir='ltr'><strong>miseri</strong></span> <span class='ocrx_word' id='word_1_47' title='bbox 543 819 599 882; x_wconf 88' lang='lat' dir='ltr'><strong>jam</strong></span> <span class='ocrx_word' id='word_1_48' title='bbox 613 829 669 869; x_wconf 91' lang='lat' dir='ltr'><strong>non</strong></span> <span class='ocrx_word' id='word_1_49' title='bbox 682 815 781 870; x_wconf 83' lang='lat' dir='ltr'>exinde</span> <span class='ocrx_word' id='word_1_50' title='bbox 803 817 896 869; x_wconf 90' lang='lat' dir='ltr'><strong>rimari</strong></span> <span class='ocrx_word' id='word_1_51' title='bbox 908 822 1021 883; x_wconf 81' lang='lat' dir='ltr'><strong>possent</strong></span> <span class='ocrx_word' id='word_1_52' title='bbox 1032 816 1060 868; x_wconf 93' lang='lat' dir='ltr'><strong>id</strong></span> <span class='ocrx_word' id='word_1_53' title='bbox 1073 816 1148 883; x_wconf 86' lang='lat' dir='ltr'><strong>quod</strong></span> <span class='ocrx_word' id='word_1_54' title='bbox 1163 818 1235 869; x_wconf 89' lang='lat' dir='ltr'><strong>cole·</strong></span> 
     </span>
    </p>
   </div>
   <div class='ocr_carea' id='block_1_3' title="bbox 138 916 1389 1040">
    <p class='ocr_par' dir='ltr' id='par_1_3' title="bbox 138 916 1389 1040">
     <span class='ocr_line' id='line_1_6' title="bbox 138 916 1381 1038; baseline 0.004 -69"><span class='ocrx_word' id='word_1_55' title='bbox 138 919 181 970; x_wconf 92' lang='lat' dir='ltr'><strong>ius</strong></span> <span class='ocrx_word' id='word_1_56' title='bbox 192 918 277 971; x_wconf 84' lang='lat' dir='ltr'><strong>tuisse</strong></span> <span class='ocrx_word' id='word_1_57' title='bbox 289 919 298 937; x_wconf 85' lang='grc'><em>·</em></span> <span class='ocrx_word' id='word_1_58' title='bbox 312 918 453 982; x_wconf 79' lang='lat' dir='ltr'><strong>momenti,</strong></span> <span class='ocrx_word' id='word_1_59' title='bbox 467 931 557 984; x_wconf 82' lang='lat' dir='ltr'><strong>neque</strong></span> <span class='ocrx_word' id='word_1_60' title='bbox 577 916 631 971; x_wconf 91' lang='lat' dir='ltr'><strong>alio</strong></span> <span class='ocrx_word' id='word_1_61' title='bbox 651 917 772 970; x_wconf 77' lang='lat' dir='ltr'><strong>obfuisse</strong></span> <span class='ocrx_word' id='word_1_62' title='bbox 793 930 883 984; x_wconf 83' lang='lat' dir='ltr'><strong>neque</strong></span> <span class='ocrx_word' id='word_1_63' title='bbox 895 917 950 971; x_wconf 90' lang='lat' dir='ltr'><strong>alio</strong></span> <span class='ocrx_word' id='word_1_64' title='bbox 972 917 1141 984; x_wconf 83' lang='lat' dir='ltr'><strong>praesidium</strong></span> <span class='ocrx_word' id='word_1_65' title='bbox 1153 930 1234 984; x_wconf 88' lang='lat' dir='ltr'><strong>posse</strong></span> <span class='ocrx_word' id='word_1_66' title='bbox 1285 925 1304 1038; x_wconf 62' lang='lat' dir='ltr'><strong>r*</strong></span> <span class='ocrx_word' id='word_1_67' title='bbox 1316 921 1381 1038; x_wconf 58' lang='lat' dir='ltr'><strong>‘wat&#39;</strong></span> 
     </span>
     <span class='ocr_line' id='line_1_7' title="bbox 1296 1000 1389 1040; baseline -0.022 0"><span class='ocrx_word' id='word_1_68' title='bbox 1296 1000 1368 1040; x_wconf 89' lang='lat' dir='ltr'><strong>u1sse</strong></span> <span class='ocrx_word' id='word_1_69' title='bbox 1383 1027 1389 1038; x_wconf 92' lang='lat'>.</span> 
     </span>
    </p>
   </div>
   <div class='ocr_carea' id='block_1_4' title="bbox 138 1016 1426 4646">
    <p class='ocr_par' dir='ltr' id='par_1_4' title="bbox 138 1016 1233 1281">
     <span class='ocr_line' id='line_1_8' title="bbox 138 1016 1233 1083; baseline 0.005 -19"><span class='ocrx_word' id='word_1_70' title='bbox 138 1036 150 1082; x_wconf 72' lang='grc' dir='ltr'><strong>ι,</strong></span> <span class='ocrx_word' id='word_1_71' title='bbox 164 1030 247 1083; x_wconf 84' lang='lat' dir='ltr'><strong>quem</strong></span> <span class='ocrx_word' id='word_1_72' title='bbox 259 1016 389 1069; x_wconf 81' lang='lat' dir='ltr'><strong>videbant</strong></span> <span class='ocrx_word' id='word_1_73' title='bbox 409 1017 461 1069; x_wconf 85' lang='lat' dir='ltr'><strong>sibi</strong></span> <span class='ocrx_word' id='word_1_74' title='bbox 478 1030 534 1069; x_wconf 90' lang='lat' dir='ltr'><strong>non</strong></span> <span class='ocrx_word' id='word_1_75' title='bbox 556 1017 676 1083; x_wconf 81' lang='lat' dir='ltr'><strong>poutisse</strong></span> <span class='ocrx_word' id='word_1_76' title='bbox 697 1028 867 1069; x_wconf 76' lang='lat' dir='ltr'><strong>succurrere.</strong></span> <span class='ocrx_word' id='word_1_77' title='bbox 889 1017 1010 1070; x_wconf 83' lang='lat' dir='ltr'><strong>Tandem</strong></span> <span class='ocrx_word' id='word_1_78' title='bbox 1029 1017 1099 1071; x_wconf 88' lang='lat' dir='ltr'><strong>sacto</strong></span> <span class='ocrx_word' id='word_1_79' title='bbox 1114 1016 1233 1083; x_wconf 88' lang='lat' dir='ltr'><strong>silentio,</strong></span> 
     </span>
     <span class='ocr_line' id='line_1_9' title="bbox 138 1115 1233 1181; baseline 0.001 -16"><span class='ocrx_word' id='word_1_80' title='bbox 138 1116 199 1169; x_wconf 84' lang='lat' dir='ltr'><strong>rale</strong></span> <span class='ocrx_word' id='word_1_81' title='bbox 211 1115 361 1179; x_wconf 82' lang='lat' dir='ltr'><strong>contabuit,</strong></span> <span class='ocrx_word' id='word_1_82' title='bbox 374 1116 520 1180; x_wconf 86' lang='lat' dir='ltr'><strong>speculans</strong></span> <span class='ocrx_word' id='word_1_83' title='bbox 533 1115 702 1168; x_wconf 81' lang='lat' dir='ltr'><strong>crudelitatis</strong></span> <span class='ocrx_word' id='word_1_84' title='bbox 725 1115 847 1181; x_wconf 90' lang='lat' dir='ltr'><strong>auspicio</strong></span> <span class='ocrx_word' id='word_1_85' title='bbox 868 1115 891 1166; x_wconf 90' lang='lat' dir='ltr'><strong>si</strong></span> <span class='ocrx_word' id='word_1_86' title='bbox 910 1127 992 1181; x_wconf 75' lang='lat' dir='ltr'><strong>(prem</strong></span> <span class='ocrx_word' id='word_1_87' title='bbox 1010 1116 1118 1180; x_wconf 84' lang='lat' dir='ltr'><strong>possint</strong></span> <span class='ocrx_word' id='word_1_88' title='bbox 1129 1115 1158 1167; x_wconf 90' lang='lat' dir='ltr'><strong>in</strong></span> <span class='ocrx_word' id='word_1_89' title='bbox 1172 1115 1233 1168; x_wconf 87' lang='lat' dir='ltr'><strong>reli·</strong></span> 
     </span>
     <span class='ocr_line' id='line_1_10' title="bbox 139 1213 729 1281; baseline -0.003 -13"><span class='ocrx_word' id='word_1_90' title='bbox 139 1216 202 1268; x_wconf 90' lang='lat' dir='ltr'><strong>onis</strong></span> <span class='ocrx_word' id='word_1_91' title='bbox 214 1214 288 1266; x_wconf 92' lang='lat' dir='ltr'><strong>illius</strong></span> <span class='ocrx_word' id='word_1_92' title='bbox 300 1214 431 1266; x_wconf 83' lang='lat' dir='ltr'><strong>membris</strong></span> <span class='ocrx_word' id='word_1_93' title='bbox 443 1227 540 1281; x_wconf 84' lang='lat' dir='ltr'><strong>capere</strong></span> <span class='ocrx_word' id='word_1_94' title='bbox 553 1213 729 1281; x_wconf 88' lang='lat' dir='ltr'><strong>direptorem.</strong></span> 
     </span>
    </p>

    <p class='ocr_par' dir='ltr' id='par_1_5' title="bbox 138 1312 1424 3163">
     <span class='ocr_line' id='line_1_11' title="bbox 143 1312 1239 1380; baseline 0.002 -13"><span class='ocrx_word' id='word_1_95' title='bbox 143 1326 209 1367; x_wconf 88' lang='lat' dir='ltr'><strong>ecce</strong></span> <span class='ocrx_word' id='word_1_96' title='bbox 219 1316 275 1380; x_wconf 86' lang='lat' dir='ltr'><strong>jam</strong></span> <span class='ocrx_word' id='word_1_97' title='bbox 289 1313 384 1367; x_wconf 81' lang='lat' dir='ltr'><strong>victrix</strong></span> <span class='ocrx_word' id='word_1_98' title='bbox 399 1314 499 1379; x_wconf 90' lang='lat' dir='ltr'><strong>puella,</strong></span> <span class='ocrx_word' id='word_1_99' title='bbox 513 1315 556 1366; x_wconf 88' lang='lat' dir='ltr'><strong>cui</strong></span> <span class='ocrx_word' id='word_1_100' title='bbox 567 1315 623 1379; x_wconf 88' lang='lat' dir='ltr'><strong>jam</strong></span> <span class='ocrx_word' id='word_1_101' title='bbox 637 1318 761 1366; x_wconf 89' lang='lat' dir='ltr'><strong>truncato</strong></span> <span class='ocrx_word' id='word_1_102' title='bbox 779 1312 868 1380; x_wconf 89' lang='lat' dir='ltr'><strong>capite</strong></span> <span class='ocrx_word' id='word_1_103' title='bbox 880 1313 1000 1367; x_wconf 90' lang='lat' dir='ltr'><strong>dracone</strong></span> <span class='ocrx_word' id='word_1_104' title='bbox 1013 1315 1170 1380; x_wconf 83' lang='lat' dir='ltr'><strong>martyrium</strong></span> <span class='ocrx_word' id='word_1_105' title='bbox 1190 1315 1239 1369; x_wconf 92' lang='lat' dir='ltr'><strong>de·</strong></span> 
     </span>
     <span class='ocr_line' id='line_1_12' title="bbox 138 1412 1236 1480; baseline 0.003 -14"><span class='ocrx_word' id='word_1_106' title='bbox 138 1417 197 1480; x_wconf 92' lang='lat' dir='ltr'><strong>post</strong></span> <span class='ocrx_word' id='word_1_107' title='bbox 218 1413 358 1479; x_wconf 90' lang='lat' dir='ltr'><strong>paululum</strong></span> <span class='ocrx_word' id='word_1_108' title='bbox 381 1414 511 1479; x_wconf 88' lang='lat' dir='ltr'><strong>temporis</strong></span> <span class='ocrx_word' id='word_1_109' title='bbox 532 1412 565 1465; x_wconf 89' lang='lat' dir='ltr'><strong>ad</strong></span> <span class='ocrx_word' id='word_1_110' title='bbox 588 1418 682 1479; x_wconf 89' lang='lat' dir='ltr'><strong>coepta</strong></span> <span class='ocrx_word' id='word_1_111' title='bbox 705 1415 858 1478; x_wconf 85' lang='lat' dir='ltr'><strong>revertitur,</strong></span> <span class='ocrx_word' id='word_1_112' title='bbox 881 1414 962 1467; x_wconf 82' lang='lat' dir='ltr'><strong>librat</strong></span> <span class='ocrx_word' id='word_1_113' title='bbox 983 1415 1074 1475; x_wconf 85' lang='lat' dir='ltr'><strong>horas.</strong></span> <span class='ocrx_word' id='word_1_114' title='bbox 1095 1419 1236 1469; x_wconf 88' lang='lat' dir='ltr'><strong>momenta</strong></span> 
     </span>
     <span class='ocr_line' id='line_1_13' title="bbox 138 1511 1236 1578; baseline 0.001 -14"><span class='ocrx_word' id='word_1_115' title='bbox 138 1519 167 1564; x_wconf 92' lang='lat' dir='ltr'><strong>t:</strong></span> <span class='ocrx_word' id='word_1_116' title='bbox 183 1514 247 1564; x_wconf 84' lang='lat' dir='ltr'><strong>hinc</strong></span> <span class='ocrx_word' id='word_1_117' title='bbox 258 1514 356 1565; x_wconf 90' lang='lat' dir='ltr'><strong>metuit</strong></span> <span class='ocrx_word' id='word_1_118' title='bbox 367 1512 546 1578; x_wconf 87' lang='lat' dir='ltr'><strong>proditorem,</strong></span> <span class='ocrx_word' id='word_1_119' title='bbox 561 1511 624 1565; x_wconf 92' lang='lat' dir='ltr'><strong>inde</strong></span> <span class='ocrx_word' id='word_1_120' title='bbox 645 1525 701 1565; x_wconf 90' lang='lat' dir='ltr'><strong>non</strong></span> <span class='ocrx_word' id='word_1_121' title='bbox 723 1513 825 1578; x_wconf 90' lang='lat' dir='ltr'><strong>patitur</strong></span> <span class='ocrx_word' id='word_1_122' title='bbox 843 1514 965 1578; x_wconf 81' lang='lat' dir='ltr'><strong>martyrii</strong></span> <span class='ocrx_word' id='word_1_123' title='bbox 986 1512 1152 1567; x_wconf 86' lang='lat' dir='ltr'><strong>tarditatem.</strong></span> <span class='ocrx_word' id='word_1_124' title='bbox 1165 1515 1236 1567; x_wconf 89' lang='lat' dir='ltr'><strong>luci·</strong></span> 
     </span>
     <span class='ocr_line' id='line_1_14' title="bbox 138 1611 1237 1680; baseline 0.002 -17"><span class='ocrx_word' id='word_1_125' title='bbox 138 1613 173 1664; x_wconf 91' lang='lat' dir='ltr'><strong>im</strong></span> <span class='ocrx_word' id='word_1_126' title='bbox 194 1611 314 1677; x_wconf 85' lang='lat' dir='ltr'><strong>devotio,</strong></span> <span class='ocrx_word' id='word_1_127' title='bbox 328 1612 472 1664; x_wconf 83' lang='lat' dir='ltr'><strong>infirmitas</strong></span> <span class='ocrx_word' id='word_1_128' title='bbox 493 1613 646 1679; x_wconf 82' lang='lat' dir='ltr'><strong>revocabat,</strong></span> <span class='ocrx_word' id='word_1_129' title='bbox 669 1615 696 1665; x_wconf 90' lang='lat' dir='ltr'><strong>et</strong></span> <span class='ocrx_word' id='word_1_130' title='bbox 713 1613 784 1666; x_wconf 89' lang='lat' dir='ltr'><strong>inter</strong></span> <span class='ocrx_word' id='word_1_131' title='bbox 804 1611 947 1666; x_wconf 80' lang='lat' dir='ltr'><strong>conuictus</strong></span> <span class='ocrx_word' id='word_1_132' title='bbox 967 1614 1079 1680; x_wconf 87' lang='lat' dir='ltr'><strong>spiritus</strong></span> <span class='ocrx_word' id='word_1_133' title='bbox 1102 1618 1129 1666; x_wconf 88' lang='lat' dir='ltr'><strong>et</strong></span> <span class='ocrx_word' id='word_1_134' title='bbox 1147 1615 1237 1667; x_wconf 90' lang='lat' dir='ltr'><strong>carnis</strong></span> 
     </span>
     <span class='ocr_line' id='line_1_15' title="bbox 138 1711 1233 1777; baseline 0.002 -13"><span class='ocrx_word' id='word_1_135' title='bbox 138 1711 222 1764; x_wconf 73' lang='lat' dir='ltr'><strong>evotio</strong></span> <span class='ocrx_word' id='word_1_136' title='bbox 233 1712 319 1763; x_wconf 88' lang='lat' dir='ltr'><strong>animi</strong></span> <span class='ocrx_word' id='word_1_137' title='bbox 333 1724 422 1764; x_wconf 90' lang='lat' dir='ltr'><strong>maras</strong></span> <span class='ocrx_word' id='word_1_138' title='bbox 435 1712 576 1777; x_wconf 80' lang='lat' dir='ltr'><strong>inrumpit.</strong></span> <span class='ocrx_word' id='word_1_139' title='bbox 585 1712 652 1763; x_wconf 90' lang='lat' dir='ltr'><strong>Vicit</strong></span> <span class='ocrx_word' id='word_1_140' title='bbox 665 1712 751 1764; x_wconf 86' lang='lat' dir='ltr'><strong>virtus</strong></span> <span class='ocrx_word' id='word_1_141' title='bbox 762 1713 899 1777; x_wconf 89' lang='lat' dir='ltr'><strong>timorem,</strong></span> <span class='ocrx_word' id='word_1_142' title='bbox 914 1718 940 1764; x_wconf 89' lang='lat' dir='ltr'><strong>et</strong></span> <span class='ocrx_word' id='word_1_143' title='bbox 952 1712 1016 1765; x_wconf 84' lang='lat' dir='ltr'><strong>idei</strong></span> <span class='ocrx_word' id='word_1_144' title='bbox 1026 1713 1108 1766; x_wconf 88' lang='lat' dir='ltr'><strong>cessit</strong></span> <span class='ocrx_word' id='word_1_145' title='bbox 1119 1711 1233 1766; x_wconf 85' lang='lat' dir='ltr'><strong>infirmi-</strong></span> 
     </span>
     <span class='ocr_line' id='line_1_16' title="bbox 138 1810 1238 1879; baseline 0.002 -17"><span class='ocrx_word' id='word_1_146' title='bbox 138 1811 318 1863; x_wconf 76' lang='lat' dir='ltr'><strong>‚enuntiares</strong></span> <span class='ocrx_word' id='word_1_147' title='bbox 341 1811 446 1875; x_wconf 88' lang='lat' dir='ltr'><strong>templi,</strong></span> <span class='ocrx_word' id='word_1_148' title='bbox 470 1810 559 1863; x_wconf 89' lang='lat' dir='ltr'><strong>aditus</strong></span> <span class='ocrx_word' id='word_1_149' title='bbox 584 1812 696 1863; x_wconf 88' lang='lat' dir='ltr'><strong>reserati</strong></span> <span class='ocrx_word' id='word_1_150' title='bbox 718 1816 791 1875; x_wconf 85' lang='lat' dir='ltr'><strong>sunt,</strong></span> <span class='ocrx_word' id='word_1_151' title='bbox 810 1812 926 1864; x_wconf 87' lang='lat' dir='ltr'><strong>claustra</strong></span> <span class='ocrx_word' id='word_1_152' title='bbox 951 1812 1009 1878; x_wconf 92' lang='lat' dir='ltr'><strong>ipsa</strong></span> <span class='ocrx_word' id='word_1_153' title='bbox 1030 1813 1149 1879; x_wconf 87' lang='lat' dir='ltr'><strong>propriis</strong></span> <span class='ocrx_word' id='word_1_154' title='bbox 1173 1817 1238 1866; x_wconf 87' lang='lat' dir='ltr'><strong>sunt</strong></span> 
     </span>
     <span class='ocr_line' id='line_1_17' title="bbox 140 1908 1381 1980; baseline -0.001 -18"><span class='ocrx_word' id='word_1_155' title='bbox 140 1908 248 1977; x_wconf 68' lang='lat' dir='ltr'><strong>sagulis,</strong></span> <span class='ocrx_word' id='word_1_156' title='bbox 261 1914 288 1962; x_wconf 88' lang='lat' dir='ltr'><strong>et</strong></span> <span class='ocrx_word' id='word_1_157' title='bbox 300 1909 363 1962; x_wconf 88' lang='lat' dir='ltr'><strong>data</strong></span> <span class='ocrx_word' id='word_1_158' title='bbox 382 1909 425 1962; x_wconf 90' lang='lat' dir='ltr'><strong>via</strong></span> <span class='ocrx_word' id='word_1_159' title='bbox 439 1914 490 1973; x_wconf 90' lang='lat' dir='ltr'><strong>est,</strong></span> <span class='ocrx_word' id='word_1_160' title='bbox 504 1923 557 1975; x_wconf 85' lang='lat' dir='ltr'><strong>qua</strong></span> <span class='ocrx_word' id='word_1_161' title='bbox 575 1909 610 1961; x_wconf 92' lang='lat' dir='ltr'><strong>de</strong></span> <span class='ocrx_word' id='word_1_162' title='bbox 630 1910 768 1975; x_wconf 83' lang='lat' dir='ltr'><strong>praedone</strong></span> <span class='ocrx_word' id='word_1_163' title='bbox 780 1909 890 1963; x_wconf 82' lang='lat' dir='ltr'><strong>diabolo</strong></span> <span class='ocrx_word' id='word_1_164' title='bbox 908 1911 1028 1977; x_wconf 82' lang='lat' dir='ltr'><strong>praeda·</strong></span> <span class='ocrx_word' id='word_1_165' title='bbox 1046 1912 1144 1965; x_wconf 90' lang='lat' dir='ltr'><strong>iterum</strong></span> <span class='ocrx_word' id='word_1_166' title='bbox 1166 1925 1240 1980; x_wconf 76' lang='lat' dir='ltr'><strong>gere</strong></span> <span class='ocrx_word' id='word_1_167' title='bbox 1293 1910 1381 1964; x_wconf 72' lang='lat' dir='ltr'><strong>&#39;aad</strong></span> 
     </span>
     <span class='ocr_line' id='line_1_18' title="bbox 138 1975 1408 2075; baseline 0.002 -14"><span class='ocrx_word' id='word_1_168' title='bbox 138 2021 173 2061; x_wconf 90' lang='lat' dir='ltr'><strong>nc</strong></span> <span class='ocrx_word' id='word_1_169' title='bbox 193 2008 250 2074; x_wconf 92' lang='lat' dir='ltr'><strong>illa,</strong></span> <span class='ocrx_word' id='word_1_170' title='bbox 263 2008 369 2060; x_wconf 88' lang='lat' dir='ltr'><strong>caelum</strong></span> <span class='ocrx_word' id='word_1_171' title='bbox 390 2008 502 2060; x_wconf 89' lang='lat' dir='ltr'><strong>intuens</strong></span> <span class='ocrx_word' id='word_1_172' title='bbox 519 2015 546 2060; x_wconf 95' lang='lat' dir='ltr'><strong>et</strong></span> <span class='ocrx_word' id='word_1_173' title='bbox 558 2007 710 2061; x_wconf 90' lang='lat' dir='ltr'><strong>orationem</strong></span> <span class='ocrx_word' id='word_1_174' title='bbox 731 2008 814 2061; x_wconf 88' lang='lat' dir='ltr'><strong>corde</strong></span> <span class='ocrx_word' id='word_1_175' title='bbox 831 2010 921 2074; x_wconf 78' lang='lat' dir='ltr'><strong>padus</strong></span> <span class='ocrx_word' id='word_1_176' title='bbox 944 2022 1025 2075; x_wconf 85' lang='lat' dir='ltr'><strong>quam</strong></span> <span class='ocrx_word' id='word_1_177' title='bbox 1047 2022 1174 2063; x_wconf 87' lang='lat' dir='ltr'><strong>sermone</strong></span> <span class='ocrx_word' id='word_1_178' title='bbox 1186 2010 1235 2063; x_wconf 86' lang='lat' dir='ltr'><strong>de·</strong></span> <span class='ocrx_word' id='word_1_179' title='bbox 1266 1975 1408 2043; x_wconf 60' lang='lat' dir='ltr'><strong>praedm·</strong></span> 
     </span>
     <span class='ocr_line' id='line_1_19' title="bbox 144 2106 1238 2176; baseline 0.002 -16"><span class='ocrx_word' id='word_1_180' title='bbox 144 2121 153 2160; x_wconf 75' lang='grc' dir='ltr'><strong><em>ε</em></strong></span> <span class='ocrx_word' id='word_1_181' title='bbox 166 2108 237 2173; x_wconf 83' lang='lat' dir='ltr'><strong>Eia,</strong></span> <span class='ocrx_word' id='word_1_182' title='bbox 250 2108 418 2175; x_wconf 68' lang='lat' dir='ltr'><strong>inculcem,</strong></span> <span class='ocrx_word' id='word_1_183' title='bbox 431 2106 550 2174; x_wconf 77' lang='lat' dir='ltr'><strong>areima,</strong></span> <span class='ocrx_word' id='word_1_184' title='bbox 562 2120 648 2161; x_wconf 77' lang='lat' dir='ltr'><strong>nunc</strong></span> <span class='ocrx_word' id='word_1_185' title='bbox 660 2109 781 2174; x_wconf 79' lang='lat' dir='ltr'><strong>tempas</strong></span> <span class='ocrx_word' id='word_1_186' title='bbox 798 2109 845 2161; x_wconf 86' lang='lat' dir='ltr'><strong>est</strong></span> <span class='ocrx_word' id='word_1_187' title='bbox 861 2110 896 2161; x_wconf 80' lang='lat' dir='ltr'><strong>at</strong></span> <span class='ocrx_word' id='word_1_188' title='bbox 915 2108 997 2175; x_wconf 81' lang='lat' dir='ltr'><strong>quod</strong></span> <span class='ocrx_word' id='word_1_189' title='bbox 1008 2109 1166 2176; x_wconf 79' lang='lat' dir='ltr'><strong>coepimus</strong></span> <span class='ocrx_word' id='word_1_190' title='bbox 1183 2109 1238 2162; x_wconf 86' lang='lat' dir='ltr'><strong>im·</strong></span> 
     </span>
     <span class='ocr_line' id='line_1_20' title="bbox 138 2205 1237 2274; baseline 0.002 -15"><span class='ocrx_word' id='word_1_191' title='bbox 138 2220 153 2259; x_wconf 80' lang='lat' dir='ltr'><strong>r.</strong></span> <span class='ocrx_word' id='word_1_192' title='bbox 167 2207 293 2260; x_wconf 82' lang='lat' dir='ltr'><strong>Ineame</strong></span> <span class='ocrx_word' id='word_1_193' title='bbox 313 2207 407 2273; x_wconf 83' lang='lat' dir='ltr'><strong>vires,</strong></span> <span class='ocrx_word' id='word_1_194' title='bbox 421 2206 549 2274; x_wconf 74' lang='lat' dir='ltr'><strong>insurpe</strong></span> <span class='ocrx_word' id='word_1_195' title='bbox 567 2206 709 2259; x_wconf 84' lang='lat' dir='ltr'><strong>viriiiter</strong></span> <span class='ocrx_word' id='word_1_196' title='bbox 728 2205 838 2261; x_wconf 80' lang='lat' dir='ltr'><strong>:hodie</strong></span> <span class='ocrx_word' id='word_1_197' title='bbox 854 2220 875 2260; x_wconf 90' lang='lat' dir='ltr'><strong>a</strong></span> <span class='ocrx_word' id='word_1_198' title='bbox 895 2207 982 2261; x_wconf 83' lang='lat' dir='ltr'><strong>nobis</strong></span> <span class='ocrx_word' id='word_1_199' title='bbox 1001 2210 1046 2262; x_wconf 84' lang='lat' dir='ltr'><strong>est</strong></span> <span class='ocrx_word' id='word_1_200' title='bbox 1067 2208 1237 2262; x_wconf 76' lang='lat' dir='ltr'><strong>vincendus</strong></span> 
     </span>
     <span class='ocr_line' id='line_1_21' title="bbox 138 2303 1236 2374; baseline 0.002 -17"><span class='ocrx_word' id='word_1_201' title='bbox 138 2318 145 2357; x_wconf 82' lang='lat' dir='ltr'><strong>t</strong></span> <span class='ocrx_word' id='word_1_202' title='bbox 157 2307 187 2358; x_wconf 92' lang='lat' dir='ltr'><strong>et</strong></span> <span class='ocrx_word' id='word_1_203' title='bbox 196 2305 425 2372; x_wconf 82' lang='lat' dir='ltr'><strong>promerendus</strong></span> <span class='ocrx_word' id='word_1_204' title='bbox 437 2307 482 2357; x_wconf 87' lang='lat' dir='ltr'><strong>est</strong></span> <span class='ocrx_word' id='word_1_205' title='bbox 498 2304 647 2358; x_wconf 62' lang='lat' dir='ltr'><strong>Christus·</strong></span> <span class='ocrx_word' id='word_1_206' title='bbox 664 2303 816 2370; x_wconf 79' lang='lat' dir='ltr'><strong>Quicquid</strong></span> <span class='ocrx_word' id='word_1_207' title='bbox 828 2304 865 2357; x_wconf 87' lang='lat' dir='ltr'><strong>de</strong></span> <span class='ocrx_word' id='word_1_208' title='bbox 875 2307 975 2358; x_wconf 86' lang='lat' dir='ltr'><strong>morte</strong></span> <span class='ocrx_word' id='word_1_209' title='bbox 993 2307 1169 2372; x_wconf 81' lang='lat' dir='ltr'><strong>suspectum</strong></span> <span class='ocrx_word' id='word_1_210' title='bbox 1180 2309 1236 2374; x_wconf 83' lang='lat' dir='ltr'><strong>eet,</strong></span> 
     </span>
     <span class='ocr_line' id='line_1_22' title="bbox 138 2403 1237 2475; baseline 0.001 -18"><span class='ocrx_word' id='word_1_211' title='bbox 138 2407 214 2457; x_wconf 72' lang='lat' dir='ltr'><strong>tetes.</strong></span> <span class='ocrx_word' id='word_1_212' title='bbox 231 2403 264 2456; x_wconf 83' lang='lat' dir='ltr'><strong>Si</strong></span> <span class='ocrx_word' id='word_1_213' title='bbox 276 2403 331 2457; x_wconf 82' lang='lat' dir='ltr'><strong>itae</strong></span> <span class='ocrx_word' id='word_1_214' title='bbox 338 2405 479 2475; x_wconf 78' lang='lat' dir='ltr'><strong>projecto</strong></span> <span class='ocrx_word' id='word_1_215' title='bbox 487 2406 633 2470; x_wconf 80' lang='lat' dir='ltr'><strong>portenta</strong></span> <span class='ocrx_word' id='word_1_216' title='bbox 646 2403 777 2458; x_wconf 82' lang='lat' dir='ltr'><strong>evadere</strong></span> <span class='ocrx_word' id='word_1_217' title='bbox 788 2405 910 2457; x_wconf 84' lang='lat' dir='ltr'><strong>atroces</strong></span> <span class='ocrx_word' id='word_1_218' title='bbox 927 2416 1040 2457; x_wconf 75' lang='lat' dir='ltr'><strong>mnus</strong></span> <span class='ocrx_word' id='word_1_219' title='bbox 1051 2406 1081 2457; x_wconf 90' lang='lat' dir='ltr'><strong>et</strong></span> <span class='ocrx_word' id='word_1_220' title='bbox 1093 2406 1237 2459; x_wconf 79' lang='lat' dir='ltr'><strong>catervae</strong></span> 
     </span>
     <span class='ocr_line' id='line_1_23' title="bbox 148 2501 1237 2571; baseline 0.001 -15"><span class='ocrx_word' id='word_1_221' title='bbox 148 2501 408 2570; x_wconf 80' lang='lat' dir='ltr'><strong>blasphemarum,</strong></span> <span class='ocrx_word' id='word_1_222' title='bbox 422 2516 485 2556; x_wconf 81' lang='lat' dir='ltr'><strong>non</strong></span> <span class='ocrx_word' id='word_1_223' title='bbox 508 2502 609 2554; x_wconf 83' lang='lat' dir='ltr'><strong>deerit</strong></span> <span class='ocrx_word' id='word_1_224' title='bbox 629 2515 690 2569; x_wconf 83' lang='lat' dir='ltr'><strong>pra</strong></span> <span class='ocrx_word' id='word_1_225' title='bbox 714 2516 794 2556; x_wconf 86' lang='lat' dir='ltr'><strong>ausa</strong></span> <span class='ocrx_word' id='word_1_226' title='bbox 806 2503 998 2570; x_wconf 83' lang='lat' dir='ltr'><strong>praemium,</strong></span> <span class='ocrx_word' id='word_1_227' title='bbox 1009 2516 1070 2571; x_wconf 86' lang='lat' dir='ltr'><strong>pro</strong></span> <span class='ocrx_word' id='word_1_228' title='bbox 1091 2502 1237 2557; x_wconf 75' lang='lat' dir='ltr'><strong>incohato</strong></span> 
     </span>
     <span class='ocr_line' id='line_1_24' title="bbox 138 2599 1234 2668; baseline -0.001 -14"><span class='ocrx_word' id='word_1_229' title='bbox 138 2613 207 2666; x_wconf 70' lang='lat' dir='ltr'><strong>mm,</strong></span> <span class='ocrx_word' id='word_1_230' title='bbox 220 2603 250 2654; x_wconf 91' lang='lat' dir='ltr'><strong>et</strong></span> <span class='ocrx_word' id='word_1_231' title='bbox 262 2599 401 2668; x_wconf 81' lang='lat' dir='ltr'><strong>forsitan</strong></span> <span class='ocrx_word' id='word_1_232' title='bbox 414 2602 448 2652; x_wconf 83' lang='lat' dir='ltr'><strong>in</strong></span> <span class='ocrx_word' id='word_1_233' title='bbox 461 2603 579 2668; x_wconf 82' lang='lat' dir='ltr'><strong>tempas</strong></span> <span class='ocrx_word' id='word_1_234' title='bbox 592 2600 682 2654; x_wconf 80' lang='lat' dir='ltr'><strong>aliud</strong></span> <span class='ocrx_word' id='word_1_235' title='bbox 693 2600 883 2668; x_wconf 71' lang='lat' dir='ltr'><strong>differemur,</strong></span> <span class='ocrx_word' id='word_1_236' title='bbox 896 2605 931 2654; x_wconf 84' lang='lat' dir='ltr'><strong>at</strong></span> <span class='ocrx_word' id='word_1_237' title='bbox 943 2600 1060 2668; x_wconf 81' lang='lat' dir='ltr'><strong>fortius</strong></span> <span class='ocrx_word' id='word_1_238' title='bbox 1078 2601 1234 2655; x_wconf 80' lang='lat' dir='ltr'><strong>certaturi</strong></span> 
     </span>
     <span class='ocr_line' id='line_1_25' title="bbox 138 2697 1237 2764; baseline 0.003 -15"><span class='ocrx_word' id='word_1_239' title='bbox 138 2699 200 2751; x_wconf 87' lang='lat' dir='ltr'><strong>tiva</strong></span> <span class='ocrx_word' id='word_1_240' title='bbox 211 2698 266 2751; x_wconf 84' lang='lat' dir='ltr'><strong>sed</strong></span> <span class='ocrx_word' id='word_1_241' title='bbox 272 2697 399 2764; x_wconf 79' lang='lat' dir='ltr'><strong>publica</strong></span> <span class='ocrx_word' id='word_1_242' title='bbox 410 2697 640 2764; x_wconf 77' lang='lat' dir='ltr'><strong>exspectatione</strong></span> <span class='ocrx_word' id='word_1_243' title='bbox 650 2711 838 2764; x_wconf 82' lang='lat' dir='ltr'><strong>superemus.</strong></span> <span class='ocrx_word' id='word_1_244' title='bbox 850 2698 882 2751; x_wconf 85' lang='lat' dir='ltr'><strong>Si</strong></span> <span class='ocrx_word' id='word_1_245' title='bbox 893 2711 964 2752; x_wconf 86' lang='lat' dir='ltr'><strong>vera</strong></span> <span class='ocrx_word' id='word_1_246' title='bbox 976 2699 1059 2751; x_wconf 85' lang='lat' dir='ltr'><strong>mori</strong></span> <span class='ocrx_word' id='word_1_247' title='bbox 1069 2698 1157 2751; x_wconf 80' lang='lat' dir='ltr'><strong>nadis</strong></span> <span class='ocrx_word' id='word_1_248' title='bbox 1167 2712 1237 2753; x_wconf 82' lang='lat' dir='ltr'><strong>con-</strong></span> 
     </span>
     <span class='ocr_line' id='line_1_26' title="bbox 138 2795 1377 2865; baseline 0.001 -15"><span class='ocrx_word' id='word_1_249' title='bbox 138 2795 325 2861; x_wconf 78' lang='lat' dir='ltr'><strong>,dadesjam</strong></span> <span class='ocrx_word' id='word_1_250' title='bbox 340 2796 531 2864; x_wconf 85' lang='lat' dir='ltr'><strong>promissum</strong></span> <span class='ocrx_word' id='word_1_251' title='bbox 543 2797 581 2849; x_wconf 89' lang='lat' dir='ltr'><strong>de</strong></span> <span class='ocrx_word' id='word_1_252' title='bbox 588 2795 728 2864; x_wconf 81' lang='lat' dir='ltr'><strong>perfecto</strong></span> <span class='ocrx_word' id='word_1_253' title='bbox 746 2798 828 2863; x_wconf 80' lang='lat' dir='ltr'><strong>quod</strong></span> <span class='ocrx_word' id='word_1_254' title='bbox 844 2797 961 2865; x_wconf 85' lang='lat' dir='ltr'><strong>capias.</strong></span> <span class='ocrx_word' id='word_1_255' title='bbox 978 2797 1117 2857; x_wconf 82' lang='lat' dir='ltr'><strong>Qualibet</strong></span> <span class='ocrx_word' id='word_1_256' title='bbox 1135 2800 1236 2851; x_wconf 79' lang='lat' dir='ltr'><strong>ctorte</strong></span> <span class='ocrx_word' id='word_1_257' title='bbox 1291 2804 1377 2858; x_wconf 71' lang='lat' dir='ltr'><strong>‘eoa</strong></span> 
     </span>
     <span class='ocr_line' id='line_1_27' title="bbox 139 2870 1424 2962; baseline 0.002 -14"><span class='ocrx_word' id='word_1_258' title='bbox 139 2897 198 2948; x_wconf 83' lang='lat' dir='ltr'><strong>isto</strong></span> <span class='ocrx_word' id='word_1_259' title='bbox 207 2896 281 2962; x_wconf 85' lang='lat' dir='ltr'><strong>pati</strong></span> <span class='ocrx_word' id='word_1_260' title='bbox 292 2896 404 2948; x_wconf 81' lang='lat' dir='ltr'><strong>vicisse</strong></span> <span class='ocrx_word' id='word_1_261' title='bbox 415 2898 470 2949; x_wconf 86' lang='lat' dir='ltr'><strong>est.</strong></span> <span class='ocrx_word' id='word_1_262' title='bbox 483 2897 529 2948; x_wconf 86' lang='lat' dir='ltr'><strong>liis</strong></span> <span class='ocrx_word' id='word_1_263' title='bbox 541 2894 630 2960; x_wconf 90' lang='lat' dir='ltr'><strong>dictis,</strong></span> <span class='ocrx_word' id='word_1_264' title='bbox 640 2895 748 2948; x_wconf 89' lang='lat' dir='ltr'><strong>deicere</strong></span> <span class='ocrx_word' id='word_1_265' title='bbox 762 2904 890 2949; x_wconf 89' lang='lat' dir='ltr'><strong>truncum</strong></span> <span class='ocrx_word' id='word_1_266' title='bbox 902 2897 995 2950; x_wconf 86' lang='lat' dir='ltr'><strong>conisa</strong></span> <span class='ocrx_word' id='word_1_267' title='bbox 1014 2901 1054 2949; x_wconf 89' lang='lat' dir='ltr'><strong>est</strong></span> <span class='ocrx_word' id='word_1_268' title='bbox 1066 2909 1098 2949; x_wconf 83' lang='lat' dir='ltr'><strong>ex</strong></span> <span class='ocrx_word' id='word_1_269' title='bbox 1108 2897 1163 2950; x_wconf 90' lang='lat' dir='ltr'><strong>alto</strong></span> <span class='ocrx_word' id='word_1_270' title='bbox 1174 2896 1235 2950; x_wconf 91' lang='lat' dir='ltr'><strong>dra·</strong></span> <span class='ocrx_word' id='word_1_271' title='bbox 1250 2870 1424 2937; x_wconf 55' lang='lat' dir='ltr'><strong>‘&#39;mungeri“</strong></span> 
     </span>
     <span class='ocr_line' id='line_1_28' title="bbox 138 2994 1237 3061; baseline 0.002 -15"><span class='ocrx_word' id='word_1_272' title='bbox 138 2994 225 3047; x_wconf 87' lang='lat' dir='ltr'><strong>ilicet</strong></span> <span class='ocrx_word' id='word_1_273' title='bbox 237 2995 297 3047; x_wconf 89' lang='lat' dir='ltr'><strong>sine</strong></span> <span class='ocrx_word' id='word_1_274' title='bbox 309 2995 398 3060; x_wconf 89' lang='lat' dir='ltr'><strong>capite</strong></span> <span class='ocrx_word' id='word_1_275' title='bbox 412 2996 468 3060; x_wconf 86' lang='lat' dir='ltr'><strong>jam</strong></span> <span class='ocrx_word' id='word_1_276' title='bbox 479 2996 592 3060; x_wconf 85' lang='lat' dir='ltr'><strong>jaceret,</strong></span> <span class='ocrx_word' id='word_1_277' title='bbox 607 2999 698 3047; x_wconf 66' lang='lat' dir='ltr'><strong>amen</strong></span> <span class='ocrx_word' id='word_1_278' title='bbox 715 2994 804 3047; x_wconf 85' lang='lat' dir='ltr'><strong>adhuc</strong></span> <span class='ocrx_word' id='word_1_279' title='bbox 816 2995 950 3061; x_wconf 82' lang='lat' dir='ltr'><strong>quaedam</strong></span> <span class='ocrx_word' id='word_1_280' title='bbox 963 2995 1070 3047; x_wconf 87' lang='lat' dir='ltr'><strong>miseris</strong></span> <span class='ocrx_word' id='word_1_281' title='bbox 1084 2995 1237 3048; x_wconf 85' lang='lat' dir='ltr'><strong>tribueban-</strong></span> 
     </span>
     <span class='ocr_line' id='line_1_29' title="bbox 149 3094 1235 3163; baseline -0.001 -16"><span class='ocrx_word' id='word_1_282' title='bbox 149 3094 332 3148; x_wconf 83' lang='lat' dir='ltr'><strong>ohlectatione</strong></span> <span class='ocrx_word' id='word_1_283' title='bbox 343 3096 448 3147; x_wconf 57' lang='lat' dir='ltr'><strong>solatia·</strong></span> <span class='ocrx_word' id='word_1_284' title='bbox 462 3097 493 3146; x_wconf 81' lang='lat' dir='ltr'><strong>st</strong></span> <span class='ocrx_word' id='word_1_285' title='bbox 505 3095 570 3147; x_wconf 92' lang='lat' dir='ltr'><strong>dum</strong></span> <span class='ocrx_word' id='word_1_286' title='bbox 585 3095 648 3146; x_wconf 90' lang='lat' dir='ltr'><strong>nisu</strong></span> <span class='ocrx_word' id='word_1_287' title='bbox 666 3095 786 3148; x_wconf 89' lang='lat' dir='ltr'><strong>invalido</strong></span> <span class='ocrx_word' id='word_1_288' title='bbox 806 3100 921 3149; x_wconf 91' lang='lat' dir='ltr'><strong>conatur</strong></span> <span class='ocrx_word' id='word_1_289' title='bbox 944 3096 1064 3147; x_wconf 91' lang='lat' dir='ltr'><strong>immane</strong></span> <span class='ocrx_word' id='word_1_290' title='bbox 1078 3101 1169 3163; x_wconf 76' lang='lat' dir='ltr'><strong>tergus</strong></span> <span class='ocrx_word' id='word_1_291' title='bbox 1183 3095 1235 3148; x_wconf 87' lang='lat' dir='ltr'><strong>tusi</strong></span> 
     </span>
    </p>

    <p class='ocr_par' dir='ltr' id='par_1_6' title="bbox 138 3192 1236 3260">
     <span class='ocr_line' id='line_1_30' title="bbox 138 3192 1236 3260; baseline 0.003 -17"><span class='ocrx_word' id='word_1_292' title='bbox 138 3198 226 3256; x_wconf 68' lang='lat' dir='ltr'><strong>eriere,</strong></span> <span class='ocrx_word' id='word_1_293' title='bbox 239 3206 271 3247; x_wconf 91' lang='lat' dir='ltr'><strong>ac</strong></span> <span class='ocrx_word' id='word_1_294' title='bbox 292 3195 457 3259; x_wconf 85' lang='lat' dir='ltr'><strong>prostratum</strong></span> <span class='ocrx_word' id='word_1_295' title='bbox 470 3194 545 3245; x_wconf 82' lang='lat' dir='ltr'><strong>humi</strong></span> <span class='ocrx_word' id='word_1_296' title='bbox 555 3192 714 3259; x_wconf 83' lang='lat' dir='ltr'><strong>juveniliter</strong></span> <span class='ocrx_word' id='word_1_297' title='bbox 734 3194 840 3247; x_wconf 80' lang='lat' dir='ltr'><strong>deterre</strong></span> <span class='ocrx_word' id='word_1_298' title='bbox 853 3195 1024 3260; x_wconf 91' lang='lat' dir='ltr'><strong>praeclpitio,</strong></span> <span class='ocrx_word' id='word_1_299' title='bbox 1038 3207 1101 3246; x_wconf 91' lang='lat' dir='ltr'><strong>eum</strong></span> <span class='ocrx_word' id='word_1_300' title='bbox 1113 3195 1236 3247; x_wconf 88' lang='lat' dir='ltr'><strong>sonitum</strong></span> 
     </span>
    </p>

    <p class='ocr_par' dir='ltr' id='par_1_7' title="bbox 138 3291 1426 4053">
     <span class='ocr_line' id='line_1_31' title="bbox 138 3291 1381 3359; baseline 0.002 -15"><span class='ocrx_word' id='word_1_301' title='bbox 138 3291 195 3344; x_wconf 91' lang='lat' dir='ltr'><strong>ndo</strong></span> <span class='ocrx_word' id='word_1_302' title='bbox 207 3294 216 3310; x_wconf 90' lang='grc'><em>·</em></span> <span class='ocrx_word' id='word_1_303' title='bbox 230 3291 316 3359; x_wconf 79' lang='lat' dir='ltr'><strong>pelagi</strong></span> <span class='ocrx_word' id='word_1_304' title='bbox 329 3292 450 3345; x_wconf 90' lang='lat' dir='ltr'><strong>dedisset</strong></span> <span class='ocrx_word' id='word_1_305' title='bbox 471 3292 641 3345; x_wconf 85' lang='lat' dir='ltr'><strong>detestabilis</strong></span> <span class='ocrx_word' id='word_1_306' title='bbox 661 3293 741 3345; x_wconf 89' lang='lat' dir='ltr'><strong>ruina</strong></span> <span class='ocrx_word' id='word_1_307' title='bbox 761 3295 907 3359; x_wconf 87' lang='lat' dir='ltr'><strong>serpentis,</strong></span> <span class='ocrx_word' id='word_1_308' title='bbox 921 3291 957 3345; x_wconf 89' lang='lat' dir='ltr'><strong>ab</strong></span> <span class='ocrx_word' id='word_1_309' title='bbox 971 3293 1061 3359; x_wconf 89' lang='lat' dir='ltr'><strong>impiis</strong></span> <span class='ocrx_word' id='word_1_310' title='bbox 1079 3292 1240 3346; x_wconf 78' lang='lat' dir='ltr'><strong>custodibus</strong></span> <span class='ocrx_word' id='word_1_311' title='bbox 1295 3305 1301 3318; x_wconf 94' lang='lat'><em>·</em></span> <span class='ocrx_word' id='word_1_312' title='bbox 1315 3299 1381 3353; x_wconf 80' lang='lat' dir='ltr'><strong>cod.</strong></span> 
     </span>
     <span class='ocr_line' id='line_1_32' title="bbox 138 3364 1426 3446; baseline 0.002 -31"><span class='ocrx_word' id='word_1_313' title='bbox 138 3392 230 3446; x_wconf 40' lang='lat' dir='ltr'>mitur·</span> <span class='ocrx_word' id='word_1_314' title='bbox 1249 3364 1426 3432; x_wconf 84' lang='lat' dir='ltr'><strong>profundum.</strong></span> 
     </span>
     <span class='ocr_line' id='line_1_33' title="bbox 138 3490 1232 3559; baseline 0.001 -17"><span class='ocrx_word' id='word_1_315' title='bbox 138 3505 149 3542; x_wconf 83' lang='lat'>1</span> <span class='ocrx_word' id='word_1_316' title='bbox 161 3491 232 3544; x_wconf 87' lang='lat' dir='ltr'><strong>iacto</strong></span> <span class='ocrx_word' id='word_1_317' title='bbox 244 3490 274 3544; x_wconf 92' lang='lat' dir='ltr'><strong>in</strong></span> <span class='ocrx_word' id='word_1_318' title='bbox 296 3504 360 3543; x_wconf 89' lang='lat' dir='ltr'><strong>eam</strong></span> <span class='ocrx_word' id='word_1_319' title='bbox 382 3493 494 3559; x_wconf 90' lang='lat' dir='ltr'><strong>impetu,</strong></span> <span class='ocrx_word' id='word_1_320' title='bbox 509 3497 536 3545; x_wconf 90' lang='lat' dir='ltr'><strong>et</strong></span> <span class='ocrx_word' id='word_1_321' title='bbox 547 3492 666 3545; x_wconf 88' lang='lat' dir='ltr'><strong>clamore</strong></span> <span class='ocrx_word' id='word_1_322' title='bbox 687 3492 832 3546; x_wconf 90' lang='lat' dir='ltr'><strong>omnisono</strong></span> <span class='ocrx_word' id='word_1_323' title='bbox 855 3497 940 3544; x_wconf 88' lang='lat' dir='ltr'><strong>lotum</strong></span> <span class='ocrx_word' id='word_1_324' title='bbox 953 3491 1021 3544; x_wconf 91' lang='lat' dir='ltr'><strong>illud</strong></span> <span class='ocrx_word' id='word_1_325' title='bbox 1035 3491 1131 3559; x_wconf 74' lang='lat' dir='ltr'><strong>vulgus</strong></span> <span class='ocrx_word' id='word_1_326' title='bbox 1143 3490 1232 3544; x_wconf 85' lang='lat' dir='ltr'><strong>inuiu-</strong></span> 
     </span>
     <span class='ocr_line' id='line_1_34' title="bbox 138 3588 1234 3656; baseline -0.001 -14"><span class='ocrx_word' id='word_1_327' title='bbox 138 3588 205 3642; x_wconf 79' lang='lat' dir='ltr'><strong>altili</strong></span> <span class='ocrx_word' id='word_1_328' title='bbox 226 3589 318 3641; x_wconf 82' lang='lat' dir='ltr'><strong>furore</strong></span> <span class='ocrx_word' id='word_1_329' title='bbox 341 3595 472 3655; x_wconf 86' lang='lat' dir='ltr'><strong>raptatur.</strong></span> <span class='ocrx_word' id='word_1_330' title='bbox 486 3588 555 3653; x_wconf 83' lang='lat' dir='ltr'><strong>Quid</strong></span> <span class='ocrx_word' id='word_1_331' title='bbox 576 3589 622 3644; x_wconf 93' lang='lat' dir='ltr'><strong>illa</strong></span> <span class='ocrx_word' id='word_1_332' title='bbox 635 3588 735 3656; x_wconf 88' lang='lat' dir='ltr'><strong>caedis,</strong></span> <span class='ocrx_word' id='word_1_333' title='bbox 755 3590 826 3642; x_wconf 81' lang='lat' dir='ltr'><strong>bone</strong></span> <span class='ocrx_word' id='word_1_334' title='bbox 840 3592 921 3650; x_wconf 84' lang='lat' dir='ltr'><strong>Deus,</strong></span> <span class='ocrx_word' id='word_1_335' title='bbox 941 3588 1007 3655; x_wconf 83' lang='lat' dir='ltr'><strong>quid</strong></span> <span class='ocrx_word' id='word_1_336' title='bbox 1020 3589 1165 3655; x_wconf 89' lang='lat' dir='ltr'><strong>pertulisse</strong></span> <span class='ocrx_word' id='word_1_337' title='bbox 1177 3601 1234 3641; x_wconf 88' lang='lat' dir='ltr'><strong>cre·</strong></span> 
     </span>
     <span class='ocr_line' id='line_1_35' title="bbox 138 3688 1236 3754; baseline -0.002 -13"><span class='ocrx_word' id='word_1_338' title='bbox 138 3693 177 3741; x_wconf 87' lang='lat' dir='ltr'><strong>est</strong></span> <span class='ocrx_word' id='word_1_339' title='bbox 188 3689 341 3753; x_wconf 76' lang='lat' dir='ltr'><strong>passionis?</strong></span> <span class='ocrx_word' id='word_1_340' title='bbox 352 3690 446 3741; x_wconf 85' lang='lat' dir='ltr'><strong>Omnis</strong></span> <span class='ocrx_word' id='word_1_341' title='bbox 460 3690 523 3741; x_wconf 84' lang='lat' dir='ltr'><strong>ilico</strong></span> <span class='ocrx_word' id='word_1_342' title='bbox 536 3689 636 3741; x_wconf 89' lang='lat' dir='ltr'><strong>ineam</strong></span> <span class='ocrx_word' id='word_1_343' title='bbox 649 3690 727 3741; x_wconf 80' lang='lat' dir='ltr'><strong>turba</strong></span> <span class='ocrx_word' id='word_1_344' title='bbox 747 3693 920 3754; x_wconf 82' lang='lat' dir='ltr'><strong>expectorata</strong></span> <span class='ocrx_word' id='word_1_345' title='bbox 932 3688 1106 3741; x_wconf 84' lang='lat' dir='ltr'><strong>humanitatis</strong></span> <span class='ocrx_word' id='word_1_346' title='bbox 1117 3688 1197 3741; x_wconf 89' lang='lat' dir='ltr'><strong>irruit</strong></span> <span class='ocrx_word' id='word_1_347' title='bbox 1208 3694 1236 3741; x_wconf 88' lang='lat' dir='ltr'><strong>et</strong></span> 
     </span>
     <span class='ocr_line' id='line_1_36' title="bbox 138 3785 1379 3853; baseline 0.001 -14"><span class='ocrx_word' id='word_1_348' title='bbox 138 3792 194 3840; x_wconf 77' lang='lat' dir='ltr'><strong>inte</strong></span> <span class='ocrx_word' id='word_1_349' title='bbox 205 3791 322 3841; x_wconf 86' lang='lat' dir='ltr'><strong>mortem</strong></span> <span class='ocrx_word' id='word_1_350' title='bbox 337 3791 345 3808; x_wconf 78' lang='lat'>²</span> <span class='ocrx_word' id='word_1_351' title='bbox 357 3789 417 3840; x_wconf 83' lang='lat' dir='ltr'><strong>viva</strong></span> <span class='ocrx_word' id='word_1_352' title='bbox 429 3789 558 3853; x_wconf 84' lang='lat' dir='ltr'><strong>carpitur,</strong></span> <span class='ocrx_word' id='word_1_353' title='bbox 573 3792 601 3841; x_wconf 89' lang='lat' dir='ltr'><strong>et</strong></span> <span class='ocrx_word' id='word_1_354' title='bbox 613 3788 758 3840; x_wconf 88' lang='lat' dir='ltr'><strong>seminecis</strong></span> <span class='ocrx_word' id='word_1_355' title='bbox 769 3785 864 3840; x_wconf 76' lang='lat' dir='ltr'><strong>effecta</strong></span> <span class='ocrx_word' id='word_1_356' title='bbox 875 3787 1029 3840; x_wconf 88' lang='lat' dir='ltr'><strong>dissioatur.</strong></span> <span class='ocrx_word' id='word_1_357' title='bbox 1040 3791 1143 3840; x_wconf 73' lang='lat' dir='ltr'><strong>llortm</strong></span> <span class='ocrx_word' id='word_1_358' title='bbox 1153 3788 1236 3853; x_wconf 85' lang='lat' dir='ltr'><strong>jacta·</strong></span> <span class='ocrx_word' id='word_1_359' title='bbox 1291 3797 1300 3813; x_wconf 86' lang='lat'><strong>·</strong></span> <span class='ocrx_word' id='word_1_360' title='bbox 1312 3793 1379 3847; x_wconf 78' lang='lat' dir='ltr'><strong>cad,</strong></span> 
     </span>
     <span class='ocr_line' id='line_1_37' title="bbox 138 3865 1382 3954; baseline 0 -16"><span class='ocrx_word' id='word_1_361' title='bbox 138 3901 156 3938; x_wconf 94' lang='lat' dir='ltr'><strong>u</strong></span> <span class='ocrx_word' id='word_1_362' title='bbox 171 3887 299 3954; x_wconf 84' lang='lat' dir='ltr'><strong>pedeque</strong></span> <span class='ocrx_word' id='word_1_363' title='bbox 316 3892 443 3940; x_wconf 87' lang='lat' dir='ltr'><strong>conserta</strong></span> <span class='ocrx_word' id='word_1_364' title='bbox 455 3886 622 3951; x_wconf 84' lang='lat' dir='ltr'><strong>distrahitur,</strong></span> <span class='ocrx_word' id='word_1_365' title='bbox 636 3886 761 3938; x_wconf 90' lang='lat' dir='ltr'><strong>tunditur</strong></span> <span class='ocrx_word' id='word_1_366' title='bbox 778 3887 858 3949; x_wconf 82' lang='lat' dir='ltr'><strong>saxis,</strong></span> <span class='ocrx_word' id='word_1_367' title='bbox 872 3886 988 3939; x_wconf 79' lang='lat' dir='ltr'><strong>fustibus</strong></span> <span class='ocrx_word' id='word_1_368' title='bbox 1003 3886 1132 3954; x_wconf 86' lang='lat' dir='ltr'><strong>quatitur,</strong></span> <span class='ocrx_word' id='word_1_369' title='bbox 1145 3885 1235 3953; x_wconf 77' lang='lat' dir='ltr'><strong>gladio</strong></span> <span class='ocrx_word' id='word_1_370' title='bbox 1286 3865 1382 3913; x_wconf 55' lang='grc' dir='ltr'><strong>ΜΗΘ·</strong></span> 
     </span>
     <span class='ocr_line' id='line_1_38' title="bbox 138 3984 1237 4053; baseline -0.002 -14"><span class='ocrx_word' id='word_1_371' title='bbox 138 4000 151 4050; x_wconf 88' lang='grc'><strong>·,</strong></span> <span class='ocrx_word' id='word_1_372' title='bbox 164 3991 193 4039; x_wconf 88' lang='lat' dir='ltr'><strong>et</strong></span> <span class='ocrx_word' id='word_1_373' title='bbox 204 3987 233 4038; x_wconf 91' lang='lat' dir='ltr'><strong>in</strong></span> <span class='ocrx_word' id='word_1_374' title='bbox 246 3986 414 4052; x_wconf 83' lang='lat' dir='ltr'><strong>protundum</strong></span> <span class='ocrx_word' id='word_1_375' title='bbox 432 3986 519 4053; x_wconf 74' lang='lat' dir='ltr'><strong>pelagi</strong></span> <span class='ocrx_word' id='word_1_376' title='bbox 540 3987 592 4038; x_wconf 87' lang='lat' dir='ltr'><strong>suo</strong></span> <span class='ocrx_word' id='word_1_377' title='bbox 604 3986 712 4038; x_wconf 90' lang='lat' dir='ltr'><strong>silentio</strong></span> <span class='ocrx_word' id='word_1_378' title='bbox 731 3985 907 4051; x_wconf 85' lang='lat' dir='ltr'><strong>praecipitata</strong></span> <span class='ocrx_word' id='word_1_379' title='bbox 916 3986 1042 4051; x_wconf 86' lang='lat' dir='ltr'><strong>jactatur.</strong></span> <span class='ocrx_word' id='word_1_380' title='bbox 1056 3989 1087 4038; x_wconf 82' lang='lat' dir='ltr'><strong>lit</strong></span> <span class='ocrx_word' id='word_1_381' title='bbox 1100 3986 1150 4038; x_wconf 84' lang='lat' dir='ltr'><strong>ltoc</strong></span> <span class='ocrx_word' id='word_1_382' title='bbox 1162 3984 1237 4038; x_wconf 91' lang='lat' dir='ltr'><strong>addi·</strong></span> 
     </span>
    </p>

    <p class='ocr_par' dir='ltr' id='par_1_8' title="bbox 138 4087 1235 4154">
     <span class='ocr_line' id='line_1_39' title="bbox 138 4087 1235 4154; baseline 0 -16"><span class='ocrx_word' id='word_1_383' title='bbox 138 4101 157 4138; x_wconf 79' lang='lat' dir='ltr'><strong>s</strong></span> <span class='ocrx_word' id='word_1_384' title='bbox 177 4087 357 4140; x_wconf 83' lang='lat' dir='ltr'><strong>saevientium</strong></span> <span class='ocrx_word' id='word_1_385' title='bbox 378 4088 412 4139; x_wconf 89' lang='lat' dir='ltr'><strong>ad</strong></span> <span class='ocrx_word' id='word_1_386' title='bbox 433 4088 568 4139; x_wconf 89' lang='lat' dir='ltr'><strong>insaniam</strong></span> <span class='ocrx_word' id='word_1_387' title='bbox 590 4099 668 4139; x_wconf 92' lang='lat' dir='ltr'><strong>suam</strong></span> <span class='ocrx_word' id='word_1_388' title='bbox 688 4090 719 4139; x_wconf 92' lang='lat' dir='ltr'><strong>ut</strong></span> <span class='ocrx_word' id='word_1_389' title='bbox 740 4087 833 4154; x_wconf 75' lang='lat' dir='ltr'><strong>negari</strong></span> <span class='ocrx_word' id='word_1_390' title='bbox 852 4087 917 4139; x_wconf 86' lang='lat' dir='ltr'><strong>velit</strong></span> <span class='ocrx_word' id='word_1_391' title='bbox 937 4087 1049 4151; x_wconf 90' lang='lat' dir='ltr'><strong>iusuper</strong></span> <span class='ocrx_word' id='word_1_392' title='bbox 1067 4091 1094 4138; x_wconf 88' lang='lat' dir='ltr'><strong>et</strong></span> <span class='ocrx_word' id='word_1_393' title='bbox 1111 4087 1235 4151; x_wconf 88' lang='lat' dir='ltr'><strong>eorporis</strong></span> 
     </span>
    </p>

    <p class='ocr_par' dir='ltr' id='par_1_9' title="bbox 138 4186 1236 4257">
     <span class='ocr_line' id='line_1_40' title="bbox 138 4186 1236 4257; baseline -0.002 -16"><span class='ocrx_word' id='word_1_394' title='bbox 138 4203 183 4257; x_wconf 84' lang='lat' dir='ltr'><strong>tm,</strong></span> <span class='ocrx_word' id='word_1_395' title='bbox 197 4202 269 4256; x_wconf 82' lang='lat' dir='ltr'><strong>qnae</strong></span> <span class='ocrx_word' id='word_1_396' title='bbox 287 4189 365 4255; x_wconf 86' lang='lat' dir='ltr'><strong>quasi</strong></span> <span class='ocrx_word' id='word_1_397' title='bbox 387 4191 422 4240; x_wconf 73' lang='lat' dir='ltr'><strong>oli</strong></span> <span class='ocrx_word' id='word_1_398' title='bbox 443 4188 590 4241; x_wconf 83' lang='lat' dir='ltr'><strong>vindictam</strong></span> <span class='ocrx_word' id='word_1_399' title='bbox 612 4187 753 4241; x_wconf 89' lang='lat' dir='ltr'><strong>daemonis</strong></span> <span class='ocrx_word' id='word_1_400' title='bbox 774 4188 816 4240; x_wconf 91' lang='lat' dir='ltr'><strong>sui</strong></span> <span class='ocrx_word' id='word_1_401' title='bbox 838 4187 912 4240; x_wconf 89' lang='lat' dir='ltr'><strong>velut</strong></span> <span class='ocrx_word' id='word_1_402' title='bbox 932 4186 1066 4254; x_wconf 87' lang='lat' dir='ltr'><strong>quasdam</strong></span> <span class='ocrx_word' id='word_1_403' title='bbox 1079 4187 1236 4239; x_wconf 79' lang='lat' dir='ltr'><strong>inhumatae</strong></span> 
     </span>
    </p>

    <p class='ocr_par' dir='ltr' id='par_1_10' title="bbox 143 4288 374 4341">
     <span class='ocr_line' id='line_1_41' title="bbox 143 4288 374 4341; baseline -0.004 -1"><span class='ocrx_word' id='word_1_404' title='bbox 143 4288 240 4341; x_wconf 82' lang='lat' dir='ltr'><strong>litabat</strong></span> <span class='ocrx_word' id='word_1_405' title='bbox 252 4288 374 4340; x_wconf 82' lang='lat' dir='ltr'><strong>inferias.</strong></span> 
     </span>
    </p>

    <p class='ocr_par' dir='ltr' id='par_1_11' title="bbox 138 4383 1229 4453">
     <span class='ocr_line' id='line_1_42' title="bbox 138 4383 1229 4453; baseline -0.003 -14"><span class='ocrx_word' id='word_1_406' title='bbox 138 4388 223 4453; x_wconf 88' lang='lat' dir='ltr'><strong>saepit</strong></span> <span class='ocrx_word' id='word_1_407' title='bbox 236 4399 311 4439; x_wconf 89' lang='lat' dir='ltr'><strong>mare</strong></span> <span class='ocrx_word' id='word_1_408' title='bbox 332 4399 432 4452; x_wconf 89' lang='lat' dir='ltr'><strong>eorpus</strong></span> <span class='ocrx_word' id='word_1_409' title='bbox 453 4387 600 4451; x_wconf 84' lang='lat' dir='ltr'><strong>objectum,</strong></span> <span class='ocrx_word' id='word_1_410' title='bbox 614 4391 641 4437; x_wconf 90' lang='lat' dir='ltr'><strong>et</strong></span> <span class='ocrx_word' id='word_1_411' title='bbox 659 4386 752 4438; x_wconf 91' lang='lat' dir='ltr'><strong>mollia</strong></span> <span class='ocrx_word' id='word_1_412' title='bbox 764 4385 850 4437; x_wconf 88' lang='lat' dir='ltr'><strong>iulera</strong></span> <span class='ocrx_word' id='word_1_413' title='bbox 863 4385 950 4452; x_wconf 81' lang='lat' dir='ltr'><strong>aegris</strong></span> <span class='ocrx_word' id='word_1_414' title='bbox 962 4383 1132 4436; x_wconf 83' lang='lat' dir='ltr'><strong>fluitantibus</strong></span> <span class='ocrx_word' id='word_1_415' title='bbox 1145 4396 1229 4436; x_wconf 88' lang='lat' dir='ltr'><strong>mem·</strong></span> 
     </span>
    </p>

    <p class='ocr_par' dir='ltr' id='par_1_12' title="bbox 138 4479 1236 4552">
     <span class='ocr_line' id='line_1_43' title="bbox 138 4479 1236 4552; baseline -0.005 -13"><span class='ocrx_word' id='word_1_416' title='bbox 138 4491 205 4539; x_wconf 88' lang='lat' dir='ltr'><strong>ucta</strong></span> <span class='ocrx_word' id='word_1_417' title='bbox 216 4485 389 4552; x_wconf 82' lang='lat' dir='ltr'><strong>composuit3</strong></span> <span class='ocrx_word' id='word_1_418' title='bbox 403 4497 460 4536; x_wconf 89' lang='lat' dir='ltr'><strong>non</strong></span> <span class='ocrx_word' id='word_1_419' title='bbox 477 4482 567 4535; x_wconf 80' lang='lat' dir='ltr'><strong>infixit</strong></span> <span class='ocrx_word' id='word_1_420' title='bbox 579 4483 713 4546; x_wconf 83' lang='lat' dir='ltr'><strong>cantibus,</strong></span> <span class='ocrx_word' id='word_1_421' title='bbox 726 4485 804 4547; x_wconf 90' lang='lat' dir='ltr'><strong>[non]</strong></span> <span class='ocrx_word' id='word_1_422' title='bbox 822 4483 894 4535; x_wconf 90' lang='lat' dir='ltr'><strong>inter</strong></span> <span class='ocrx_word' id='word_1_423' title='bbox 911 4481 985 4549; x_wconf 77' lang='lat' dir='ltr'><strong>algas</strong></span> <span class='ocrx_word' id='word_1_424' title='bbox 1002 4479 1131 4548; x_wconf 78' lang='lat' dir='ltr'><strong>profundi</strong></span> <span class='ocrx_word' id='word_1_425' title='bbox 1143 4485 1236 4534; x_wconf 86' lang='lat' dir='ltr'><strong>aestus</strong></span> 
     </span>
    </p>

    <p class='ocr_par' dir='ltr' id='par_1_13' title="bbox 141 4579 1233 4646">
     <span class='ocr_line' id='line_1_44' title="bbox 141 4579 1233 4646; baseline -0.006 -8"><span class='ocrx_word' id='word_1_426' title='bbox 141 4584 192 4638; x_wconf 86' lang='lat' dir='ltr'><strong>sed</strong></span> <span class='ocrx_word' id='word_1_427' title='bbox 204 4583 412 4638; x_wconf 66' lang='lat' dir='ltr'><strong>nundinatius</strong></span> <span class='ocrx_word' id='word_1_428' title='bbox 433 4581 516 4634; x_wconf 89' lang='lat' dir='ltr'><strong>undis</strong></span> <span class='ocrx_word' id='word_1_429' title='bbox 535 4584 564 4634; x_wconf 88' lang='lat' dir='ltr'><strong>in</strong></span> <span class='ocrx_word' id='word_1_430' title='bbox 586 4580 697 4635; x_wconf 91' lang='lat' dir='ltr'><strong>modum</strong></span> <span class='ocrx_word' id='word_1_431' title='bbox 718 4581 879 4633; x_wconf 88' lang='lat' dir='ltr'><strong>dormientis</strong></span> <span class='ocrx_word' id='word_1_432' title='bbox 900 4579 1017 4645; x_wconf 80' lang='lat' dir='ltr'><strong>advexit,</strong></span> <span class='ocrx_word' id='word_1_433' title='bbox 1031 4584 1060 4632; x_wconf 91' lang='lat' dir='ltr'><strong>et</strong></span> <span class='ocrx_word' id='word_1_434' title='bbox 1076 4579 1106 4632; x_wconf 90' lang='lat' dir='ltr'><strong>in</strong></span> <span class='ocrx_word' id='word_1_435' title='bbox 1125 4584 1233 4646; x_wconf 89' lang='lat' dir='ltr'><strong>portum</strong></span> 
     </span>
    </p>
   </div>
   <div class='ocr_carea' id='block_1_5' title="bbox 0 0 1572 5482">
    <p class='ocr_par' dir='ltr' id='par_1_14' title="bbox 0 0 1572 5482">
     <span class='ocr_line' id='line_1_45' title="bbox 0 0 1572 5482; baseline 0 0"><span class='ocrx_word' id='word_1_436' title='bbox 0 0 1572 5482; x_wconf 95' lang='lat' dir='ltr'><strong> </strong></span> 
     </span>
    </p>
   </div>
  </div>
 </body>
</html>
