3136 5482
188 303 255 370 552
532 315 659 368 ceren.
678 315 780 366 cono.
799 314 974 366 usercen.
993 314 1074 367 aar.

186 487 376 542 altrinsecus
388 487 442 541 cei
462 485 517 541 boc
528 485 676 540 debeatur
687 486 827 554 eorporis
847 499 964 540 munes
976 483 1133 555 sanguine
1151 481 1389 553 comprobatae

185 589 299 653 septem
311 599 468 640 enatorum
480 587 542 640 dcte
549 586 647 653 pueri
657 587 692 638 tn
704 586 878 640 decoctione
889 586 977 640 sacri
985 583 1127 654 coepimus
1138 597 1234 653 wem
1246 582 1297 638 bic
1306 581 1388 637 beatas

180 687 307 753 partem
319 685 445 752 elegerit
451 686 714 752 praemonstrent.
731 685 815 751 liujus
839 684 936 737 iterato
957 684 1189 738 deliberationem
1209 680 1386 737 liercbaraldus

184 784 344 849 suscipiens,
357 795 389 836 ex
410 790 487 849 parte
499 783 628 836 causidici
648 788 808 849 septennem
821 795 937 848 puerum
960 782 1058 848 recipit
1071 781 1219 849 eidemque
1230 779 1388 834 causidicoex

183 896 231 936 sua
252 888 328 948 parte
349 882 501 936 eorundem
513 895 649 935 annorum
668 894 782 948 puerum
796 881 925 935 reddidit.
939 882 988 946 Qui
1002 882 1080 934 illum
1098 878 1409 947 incomparabitcntiet

182 995 294 1036 saurum
306 983 422 1050 elevant,
436 982 550 1050 soloque
562 982 634 1036 docti
647 981 740 1035 divino
753 982 885 1050 regimine
903 980 937 1035 ad
952 982 1104 1049 Cignopum
1117 986 1240 1035 montem
1253 982 1386 1048 properant.

182 1081 258 1136 Unde
270 1082 402 1135 mirabilis
415 1083 461 1135 liei
475 1082 559 1135 nostri
572 1083 658 1135 virtus
670 1087 697 1135 et
714 1081 847 1148 sapientia
859 1081 910 1134 hoc
922 1080 969 1134 tali
988 1081 1066 1150 signo
1079 1093 1135 1148 qno
1148 1079 1300 1134 fidelissimi
1311 1077 1384 1132 ursei

182 1179 284 1233 vellent
306 1181 478 1248 requiescere
498 1181 620 1233 membra
640 1179 723 1247 digne
744 1180 949 1241 demonstravit,
971 1183 1003 1233 ut
1027 1179 1074 1246 qui
1097 1178 1217 1232 vivendo
1241 1175 1388 1231 mnocentiac

181 1285 290 1333 secutus
302 1285 343 1333 est
355 1281 510 1346 puritatem,
523 1280 652 1346 placitum
673 1292 738 1332 suae
751 1279 958 1333 deliberationis
969 1292 1019 1345 per
1040 1277 1233 1333 innocentium
1247 1276 1387 1344 patefecere

181 1384 305 1439 aetatem,
319 1381 487 1448 triplicisque
503 1380 592 1433 laudis
613 1381 768 1448 prodigium
781 1394 830 1446 per
850 1394 945 1435 eorum
967 1380 1119 1447 simplicem
1142 1378 1298 1433 exolescere
1309 1372 1419 1429 merati

180 1479 313 1543 animum,
326 1478 391 1531 (tum
404 1480 454 1532 iios
466 1479 499 1531 ad
512 1479 579 1532 tanti
593 1477 722 1545 ponderis
734 1478 894 1546 gestandam
907 1479 1044 1532 sarcinam
1063 1479 1187 1543 roborat,
1200 1489 1283 1545 quam
1294 1475 1333 1529 bis
1341 1473 1389 1526 bier

181 1577 266 1630 virilis
278 1578 400 1643 corporis
413 1579 593 1632 numerositas
614 1592 677 1631 cum
696 1591 752 1632 non
774 1579 995 1632 minimolabore
1015 1579 1086 1632 serre
1099 1578 1206 1644 quibat,
1220 1581 1247 1630 et
1267 1573 1388 1629 tendente

181 1676 215 1730 ad
234 1679 389 1730 Paronense
409 1678 540 1744 palatium
557 1678 744 1731 indubitanter
756 1683 897 1731 sumerent
908 1678 970 1744 iter,
983 1678 1029 1746 qui
1043 1678 1086 1731 vix
1099 1690 1149 1745 per
1160 1681 1278 1730 aetatem
1290 1671 1388 1740 eormtis

180 1789 326 1829 commune
338 1777 465 1830 valebant
478 1784 568 1830 terere
588 1777 712 1843 tirmiter,
726 1783 826 1831 etcum
848 1791 953 1831 summa
969 1778 1145 1831 festinatione
1165 1777 1197 1828 in
1217 1773 1301 1828 tundo
1319 1771 1385 1840 ipsius

179 1873 270 1939 palatii
291 1879 485 1940 transportant,
499 1875 742 1943 llerclienaldoque
763 1876 881 1929 laetitiae
899 1876 1001 1942 jubilos
1024 1874 1187 1942 providente
1204 1873 1301 1928 Gliristi
1317 1868 1419 1940 glatiali

178 1972 394 2040 multiplicando,
411 1973 494 2027 linem
506 1975 632 2029 laudatae
644 1975 801 2042 cupiditatis
814 1977 885 2029 inter
898 1982 1029 2042 utresque
1047 1979 1154 2042 ponunt
1166 1975 1312 2042 principes.
1322 1968 1389 2039 liuius

178 2072 346 2125 admirabilis
367 2074 500 2127 certitudo
518 2074 595 2142 signo
616 2075 701 2126 animi
722 2074 807 2127 nostri
830 2074 989 2142 scrupulum
1010 2073 1169 2138 eradicabit,
1191 2074 1216 2126 si
1238 2071 1341 2141 quasue
1356 2068 1389 2120 ilc

178 2171 294 2225 dilectus
305 2173 450 2226 virtutibus
463 2174 489 2225 in
504 2174 556 2225 vita
569 2179 596 2226 et
613 2178 673 2239 post
686 2180 802 2228 mortem
820 2173 949 2227 claruerit
967 2172 1201 2227 animadverterit.
1214 2173 1297 2239 cujus
1307 2167 1388 2224 miseri·

179 2271 301 2324 cordiam
312 2271 430 2325 assiduis
449 2259 593 2340 precemur
604 2274 715 2326 vocibus
737 2279 766 2326 ut
781 2274 852 2326 vitae
874 2278 983 2327 nostrae
995 2272 1151 2326 consolidet
1170 2270 1387 2326 actusetinritn

180 2369 370 2424 mandatorum
384 2372 430 2425 liei
448 2377 556 2426 nostros
569 2373 667 2441 dirigat
686 2386 805 2445 gressus,
818 2379 848 2426 ut
868 2374 941 2427 velut
961 2386 1011 2439 per
1023 2373 1186 2426 innocentes
1206 2371 1241 2426 ad
1253 2363 1420 2425 eumenes

181 2470 310 2535 palatium
331 2471 452 2536 corporis
470 2471 512 2523 sui
533 2472 640 2541 glebam
658 2472 743 2525 voluit
763 2473 911 2538 transvehi,
928 2473 966 2525 sic
986 2473 1015 2524 in
1035 2473 1078 2525 sui
1100 2473 1269 2526 consortium
1289 2466 1388 2536 noa,qui

180 2571 239 2636 ejus
252 2584 325 2623 nunc
338 2571 534 2636 praestolamur
548 2585 660 2625 manum
673 2571 885 2637 misericordiae,
899 2572 927 2624 in
940 2571 1023 2625 caelis
1036 2572 1143 2638 placeat
1154 2572 1262 2626 ascisci.

212 2668 268 2721 24.
281 2669 320 2722 Ad
332 2670 501 2735 praedictum
513 2671 594 2738 igitur
606 2671 696 2723 locum
711 2671 781 2724 beati
794 2670 844 2724 viri
862 2671 901 2724 sic
922 2669 1041 2723 mirabili
1052 2669 1152 2723 ordine
1171 2668 1292 2724 deemm
1310 2681 1388 2735 corpu·

177 2768 294 2833 sculum,
308 2770 417 2823 tandem
431 2770 499 2823 inibi
512 2784 574 2824 cum
592 2784 698 2824 summa
713 2771 826 2824 honoris
843 2770 996 2824 reverentia
1008 2769 1126 2824 caeleste
1143 2771 1214 2826 illud
1234 2771 1388 2840 nnrgaritun

172 2868 317 2933 collocant,
331 2870 377 2921 ubi
390 2875 418 2921 et
430 2870 502 2922 idem
516 2871 561 2922 bei
575 2871 690 2922 dilectus
704 2871 852 2924 multorum
865 2870 989 2924 condidit
1007 2871 1123 2938 pignora
1141 2877 1299 2925 sanctorum
1315 2868 1419 2938 priusss

173 2970 246 3020 inter
259 2982 327 3033 quos
341 2982 471 3034 praesens
487 2971 617 3022 memoria
639 2970 768 3023 clariores
784 2972 885 3024 retinet
902 2971 1012 3024 beatum
1025 2971 1172 3024 Patricium
1192 2976 1220 3024 et
1232 2975 1390 3025 ueeanune

173 3068 337 3130 ileldannm,
351 3081 420 3134 qnos
433 3082 498 3120 suae
519 3069 746 3135 peregrinationis
759 3069 846 3123 socios
873 3071 968 3122 babuit
982 3074 1010 3122 et
1023 3083 1091 3136 quos
1111 3071 1235 3123 veritatis
1253 3077 1280 3124 et
1288 3071 1390 3138 justitiae

172 3167 345 3219 documentis
357 3168 495 3219 enutrivit.
509 3170 570 3220 Post
583 3169 668 3220 sancti
691 3170 792 3221 etenim
805 3170 989 3221 venerandam
1013 3169 1226 3223 tumulationem
1248 3171 1390 3225 bercharius

173 3265 229 3318 dux
250 3266 283 3319 ad
297 3267 406 3332 propria
428 3266 516 3333 rediit,
539 3267 814 3334 llercbenaldumque
836 3273 891 3321 tam
916 3269 1034 3333 pretioso
1054 3268 1169 3321 ditatum
1183 3271 1280 3324 salutis
1292 3272 1390 3326 donant

172 3366 290 3432 reliquit.
305 3367 363 3433 Qui,
376 3370 407 3418 ut
427 3367 498 3418 beati
520 3368 577 3420 rire
591 3368 619 3418 in
635 3368 686 3419 vita
708 3382 756 3420 sua
778 3369 949 3434 promiserat,
964 3368 991 3420 in
1014 3369 1110 3422 eodem
1133 3373 1292 3425 Paronense
1305 3368 1424 3439 palatiott

171 3467 260 3519 eidem
275 3468 368 3533 magni⁴
381 3467 488 3519 decoris
501 3467 644 3520 ecclesiam
666 3468 791 3520 aedificat
804 3485 811 3520 :
826 3482 909 3534 cluam
931 3469 1000 3521 infra
1014 3483 1067 3521 xxx
1088 3470 1158 3533 dies,
1172 3478 1316 3539 postquam
1335 3472 1390 3525 inibi

170 3581 268 3632 corpus
281 3568 365 3619 sancti
388 3581 418 3619 ac
432 3568 595 3621 venerabilis
609 3570 700 3621 Fursbi
722 3576 763 3621 est
784 3569 915 3628 delatum,
939 3572 1148 3624 consummavit.
1171 3575 1224 3627 Pro
1245 3576 1321 3641 cujus
1339 3587 1390 3626 con·

171 3667 352 3719 summationc
366 3669 449 3719 ileum
461 3667 625 3734 glorificans,
637 3669 713 3721 illum
727 3670 773 3720 liei
787 3669 918 3722 dilectum
930 3670 958 3721 in
971 3670 1067 3722 eadem
1081 3672 1212 3725 tumulari
1225 3673 1325 3728 debere
1335 3673 1390 3726 deli·

170 3767 246 3818 bcrat
261 3783 267 3816 :
281 3766 354 3818 unde
368 3765 464 3818 multas
477 3781 541 3818 suae
562 3766 675 3820 ditionis
687 3769 874 3834 possessiones
896 3769 984 3822 eidem
1001 3770 1061 3823 leco
1082 3785 1146 3823 cum
1159 3773 1262 3827 celebri
1284 3773 1389 3839 adstipu-

168 3864 270 3917 latione
282 3865 374 3917 (leuat.
1399 3868 1423 3921 ii

202 3964 256 4016 25.
271 3965 352 4029 Cujus
365 3965 469 4029 patricii
485 3966 572 4018 bonae
585 3966 731 4018 voluntatis
744 3965 868 4020 ellectum
890 3968 1037 4020 Leutsinda
1048 3982 1118 4022 uxor
1130 3975 1300 4039 augmentari
1312 3974 1388 4027 eona·

167 4062 276 4124 iterans,
290 4064 393 4129 magnis
406 4062 500 4117 affecta
514 4066 638 4118 dolorum
652 4066 769 4119 stimulis
783 4067 833 4118 viri
847 4068 888 4119 sui
902 4067 1061 4133 frequenter
1073 4069 1182 4123 incusat
1193 4073 1325 4133 animum,
1334 4074 1387 4140 quia

167 4164 204 4215 sic
223 4162 298 4216 illum
314 4164 438 4230 diligeret
456 4165 648 4229 acirenticium
662 4179 711 4231 pro
731 4168 808 4233 cujus
829 4180 923 4221 amore
944 4171 1033 4220 tantos
1055 4167 1238 4234 dispertiebat
1256 4185 1385 4225 munerun

165 4262 307 4315 thesauros
319 4268 345 4315 et
357 4264 399 4315 eei
411 4265 465 4328 jam
479 4265 587 4316 tandem
609 4264 739 4317 defuncto
760 4265 896 4318 bonorum
917 4279 1028 4319 suorum
1043 4266 1103 4319 sine
1118 4282 1235 4323 numero
1247 4272 1386 4324 ascribebat

165 4361 298 4414 cumulos.
313 4363 394 4426 cnjus
415 4362 598 4415 damnabilem
620 4365 854 4429 perturbationem
875 4365 976 4418 salubri
997 4367 1146 4420 verborum
1165 4370 1338 4435 replicatione
1348 4369 1415 4421 sirit

165 4459 368 4511 ilerciienalilus
381 4461 550 4513 confundere
562 4463 691 4529 gestiens,
707 4477 754 4528 pre
775 4465 898 4530 ejusdem
910 4465 981 4516 beati
1002 4466 1052 4517 siri
1066 4467 1306 4523 benedictionibus
1322 4471 1381 4523 bena

161 4570 231 4623 qnae
243 4557 430 4624 adquisierant
442 4567 593 4621 enumerat,
608 4563 776 4629 virtutesque
793 4578 862 4629 quas
879 4576 927 4628 per
946 4578 1008 4616 eum
1023 4568 1200 4632 omnipotens
1222 4572 1290 4623 bens
1302 4573 1380 4637 egerat
