3156 5452
297 370 298 373 =
355 346 448 396 erar..
467 343 551 394 nar.
569 343 687 394 rems.
704 361 751 373 —
767 342 920 393 urruns.
939 342 987 391 uu
1004 341 1081 393 con.
1101 340 1176 390 ersa.
1317 326 1385 392 325

151 515 280 570 morienti
293 526 362 580 opus
375 514 475 566 babere
487 511 642 566 crediderat
657 513 685 564 in
700 512 774 565 exitu
785 512 856 564 vitae
871 510 917 563 tali
935 509 1141 571 communione,
1154 509 1267 577 dignum
1285 515 1343 563 erat
1354 515 1385 564 ut

151 628 263 671 earnem
277 614 397 667 nefariae
409 614 466 665 avis
478 612 713 680 sanguinolentam
726 617 753 663 et
760 610 941 664 daemonibus
951 609 1116 663 immolatam
1127 610 1192 676 ipsis
1204 610 1386 662 daemonibus

153 713 332 770 offerentibus
343 714 488 778 acciperet.
502 712 702 778 impletumque
724 716 766 763 est
786 712 814 763 in
835 723 869 764 eo
888 710 956 763 iliud
971 710 1147 777 proverbium
1165 710 1238 776 quod
1252 710 1280 761 in
1294 709 1385 763 scbola

153 813 308 870 audivimus
322 829 328 864 :
343 810 480 865 Locrum
492 810 579 864 asini
589 810 719 877 dionem
731 810 849 863 triventi
863 810 1029 864 lactucam.

185 914 236 967 16.
249 915 327 965 Tunc
344 911 468 964 lulianus
485 911 614 964 velociter
630 909 664 962 de
683 909 784 976 templo
802 911 895 962 exiens
906 908 1053 972 idolorum,
1067 908 1138 962 intra
1155 909 1285 976 palatium
1298 921 1384 976 quan·

155 1014 215 1066 dam
226 1016 362 1084 secretam
384 1011 522 1078 ingressus
542 1015 584 1062 est
603 1009 727 1074 domum,
740 1022 822 1075 quam
834 1009 987 1075 pretorium
998 1008 1102 1062 dicunt.
1118 1008 1315 1066 infructuosam
1334 1023 1384 1076 pro

156 1113 272 1179 peccatis
284 1111 342 1164 suis
354 1111 427 1162 intra
438 1110 614 1176 semetipsum
628 1121 711 1176 agens
722 1108 929 1174 paenitentiam,
940 1108 1046 1161 nullum
1058 1108 1161 1172 cibum,
1172 1109 1277 1161 nullum
1289 1114 1384 1176 potum

156 1216 261 1279 putare
274 1210 369 1277 potuit.
385 1208 434 1262 libi
446 1221 510 1261 vero
523 1220 577 1261 nox
588 1209 746 1275 supervenit
763 1213 789 1260 et
805 1208 887 1260 nimis
906 1208 975 1261 lassa
997 1220 1046 1273 pro
1064 1212 1137 1260 tanta
1154 1208 1279 1275 angustia
1299 1222 1383 1262 mem-

157 1310 202 1363 bra
212 1309 300 1363 voluit
311 1309 341 1361 in
353 1307 422 1360 lecto
432 1308 576 1373 collocare,
586 1308 689 1360 ventris
699 1312 727 1360 et
735 1307 858 1360 vitalium
869 1307 951 1360 tortio
962 1320 1025 1360 eum
1038 1306 1165 1373 pervasit,
1175 1312 1205 1360 ut
1214 1308 1387 1375 requiescere

157 1409 194 1463 vel
206 1408 346 1462 modicum
358 1408 387 1460 in
400 1408 470 1460 lecto
483 1420 539 1460 non
552 1412 653 1474 posset.
668 1410 733 1460 Pars
751 1406 826 1460 enim
846 1407 891 1459 illa
901 1408 1014 1473 jecoris,
1028 1406 1139 1474 quaein
1152 1419 1183 1459 os
1197 1408 1255 1473 ejus
1276 1408 1387 1461 salierat

157 1507 355 1569 acarbonibus‚
368 1505 541 1560 descendens
553 1521 603 1573 per
615 1508 795 1573 stomachum,
809 1511 967 1574 tympanum
987 1507 1090 1560 ventris
1108 1508 1168 1573 ejus
1179 1513 1207 1560 et
1216 1508 1295 1573 jecur
1312 1509 1384 1561 bene

158 1607 295 1661 inflaverat
306 1612 335 1659 et
352 1619 434 1674 saepe
453 1607 552 1660 acriter
570 1619 680 1675 gemere
697 1613 724 1660 et
741 1608 879 1673 suspirare
897 1607 1022 1660 iaciebat.
1036 1608 1109 1670 Quae
1129 1613 1274 1674 postquam
1287 1620 1385 1661 aurora

157 1707 278 1775 apparuit
297 1711 325 1759 et
343 1704 417 1759 diem
428 1707 578 1772 proximam
597 1708 767 1759 nuntiavitet
785 1706 982 1773 antequamsol
996 1707 1086 1759 radios
1103 1719 1167 1760 suos
1180 1719 1263 1773 super
1281 1711 1383 1760 terram

158 1804 296 1875 expandit,
306 1807 385 1872 jecur
405 1807 553 1871 pessimum
575 1818 590 1858 a
611 1806 730 1872 pessimo
750 1811 846 1858 ventre
860 1805 933 1858 ioras
953 1805 1108 1859 exundavit.
1122 1808 1244 1873 cumque
1261 1806 1387 1872 itajecur

158 1906 328 1971 evomuisset,
341 1906 438 1958 iterum
459 1906 548 1971 ipsum
567 1905 693 1958 manibus
711 1904 923 1972 apprehendens
941 1906 969 1957 in
987 1906 1100 1959 buccam
1121 1904 1270 1959 reducebat
1281 1910 1308 1960 ct
1328 1919 1386 1972 pas·

158 2005 266 2059 rebatur
277 2016 294 2056 a
306 2005 452 2071 semetipso
467 2003 502 2056 de
515 2004 614 2070 seipso.
627 2006 659 2056 Et
679 2017 742 2056 cum
763 2005 853 2070 ipsum
871 2005 950 2070 jecur
970 2009 1058 2057 tantas
1070 2005 1099 2057 in
1112 2009 1201 2070 partes
1220 2004 1348 2059 dentibus
1359 2012 1387 2058 et

159 2104 283 2157 manibus
294 2103 481 2170 discerpsisset
492 2107 522 2156 ut
533 2115 579 2156 eas
590 2117 657 2170 quas
670 2103 743 2156 intus
756 2104 879 2157 mittebat
890 2103 1027 2157 buecellas
1035 2103 1177 2158 obviantes
1185 2106 1385 2158 contrariarent

157 2203 215 2257 illae
233 2215 305 2270 quae
327 2203 361 2255 de
382 2203 455 2255 intus
477 2203 670 2268 procedebant,
691 2203 858 2256 moriebatur
877 2202 971 2255 infelix
992 2216 1041 2270 per
1063 2204 1144 2271 longa
1162 2204 1304 2270 supplicia.
1318 2204 1382 2258 ideo

160 2306 247 2355 tamen
267 2301 379 2367 spiritus
398 2301 514 2355 durabat
533 2302 560 2353 in
581 2315 696 2368 corpore
715 2307 745 2354 ut
757 2300 859 2355 diutius
882 2307 1057 2370 torqueretur
1069 2304 1185 2356 maxima
1199 2302 1382 2357 tribulatione.

140 2414 142 2435 ¹
160 2401 203 2453 ilic
215 2402 290 2454 enim
303 2399 440 2454 incohavit
451 2400 489 2452 illi
503 2413 600 2467 poena,
614 2406 644 2455 ut
656 2406 830 2467 permaneret
841 2402 870 2454 in
882 2408 992 2455 aeterna
1005 2402 1121 2456 saecula.

191 2501 241 2553 17.
263 2503 295 2554 ttt
322 2500 501 2553 novissimum
522 2513 587 2554 vero
608 2513 671 2554 cum
689 2502 745 2567 jam
768 2513 883 2567 poenam
903 2499 1016 2554 suderre
1041 2514 1097 2555 non
1118 2507 1209 2568 posset
1229 2506 1257 2554 et
1277 2515 1384 2567 semper

160 2603 313 2652 crescerent
325 2599 467 2665 supplicia,
480 2600 593 2652 nuntios
605 2599 678 2651 misit
690 2599 723 2651 ad
736 2599 927 2665 imperatorem
937 2601 984 2667 qui
997 2614 1059 2654 eum
1074 2613 1124 2654 sua
1137 2601 1197 2654 vice
1205 2600 1383 2666 deprecaren-

160 2703 200 2750 tur
217 2703 249 2750 ut
267 2697 410 2750 ecclesiam
427 2698 536 2763 juberet
551 2698 660 2765 aperiri.
674 2700 750 2760 llam,
763 2698 833 2750 sicut
845 2699 958 2752 bistoria
970 2700 1153 2753 ecclesiastica
1163 2699 1273 2765 dicitur,
1286 2712 1383 2754 omnes

158 2774 283 2850 ccclesias
303 2796 389 2863 spinis
409 2796 571 2862 claudebat;
594 2801 622 2849 et
642 2796 694 2849 boc
714 2804 772 2849 erat
792 2797 924 2851 indicium
945 2811 980 2851 ne
1000 2798 1062 2865 quis
1083 2799 1249 2852 christianus
1270 2800 1383 2853 introire

158 2899 279 2951 auderet.
293 2897 370 2963 Quod
383 2902 410 2950 et
427 2897 529 2950 iaciens
545 2898 579 2951 de
597 2898 711 2951 ecclesia
732 2898 896 2951 sanctissimi
916 2898 1063 2953 sacerdotis
1080 2898 1248 2965 theodoriti,
1261 2904 1289 2954 et
1307 2900 1383 2953 intel-

156 2996 247 3065 legens
267 2996 338 3050 male
358 3010 388 3050 se
409 2998 515 3063 iecisse,
528 2997 610 3051 modo
631 3010 690 3049 eam
711 2998 875 3064 precabatur
895 2999 1005 3063 aperiri.
1019 2998 1059 3050 llil
1073 3004 1164 3053 autem
1182 3001 1279 3053 nuntio
1300 3013 1381 3067 quem

157 3098 265 3150 miserat
277 3097 418 3164 respondit
429 3098 596 3164 imperator:
615 3098 659 3150 Tu
681 3097 773 3164 aperi
788 3098 936 3152 ccclesias
953 3111 1033 3166 quus
1053 3101 1088 3152 tu
1104 3099 1260 3155 clausisti.
1278 3102 1383 3154 llursus

157 3196 200 3250 ille
210 3197 381 3250 remandavit
391 3211 441 3264 per
453 3197 572 3251 eundem
585 3197 713 3250 nuntium
727 3213 733 3249 :
747 3197 831 3250 Male
841 3200 973 3266 propter
989 3198 1136 3254 Macram
1151 3203 1180 3253 et
1196 3199 1382 3269 fidelitatem

156 3298 242 3350 tuom
261 3296 388 3362 morior,
408 3297 589 3365 imperator.
612 3300 761 3363 imperator
781 3309 846 3351 vero
873 3299 1024 3366 respondit,
1046 3304 1189 3366 propterea
1216 3299 1293 3351 illum
1315 3298 1379 3351 talia

153 3398 286 3449 sustinere
299 3401 433 3449 tormenta
445 3397 508 3463 quia
522 3411 670 3464 numquam
684 3410 812 3451 romanos
824 3398 891 3452 deos
903 3398 1019 3452 tideliter
1028 3399 1176 3453 adorasset.
1192 3402 1295 3478 ltaque,
1309 3399 1378 3453 sicut

152 3497 206 3562 jam
219 3494 349 3560 diximus,
361 3496 485 3548 Julianus
497 3497 599 3563 proprii
617 3497 740 3564 corporis
756 3496 816 3550 cibo
830 3504 933 3564 pastus,
944 3499 1082 3552 borribilis
1094 3499 1165 3552 vitae
1178 3498 1259 3552 tinem
1269 3500 1380 3553 borrido

156 3598 289 3651 conclusit
301 3599 427 3651 termino.
440 3602 534 3652 Totum
556 3612 656 3665 corpus
674 3601 733 3666 rjus
753 3606 811 3653 erat
823 3600 961 3653 vermibus
978 3601 1088 3666 plenum
1099 3617 1107 3665 ;
1120 3600 1248 3653 universa
1261 3600 1299 3652 illi
1312 3601 1381 3654 sicut

154 3695 267 3750 inclitus
277 3696 457 3750 'rbeodoritus
469 3697 642 3764 praedixerat
654 3705 815 3752 evenerunt.
828 3702 906 3751 Certe
916 3703 1040 3752 mortuus
1050 3705 1078 3751 et
1090 3699 1245 3766 sepulturae
1255 3699 1381 3764 traditur,

154 3796 359 3850 conbadicente
371 3800 443 3850 terra
461 3803 487 3849 et
499 3804 596 3850 natura
610 3812 659 3851 sua
676 3798 853 3865 praebibente
871 3803 1016 3851 ulterram
1035 3803 1108 3852 terra
1127 3799 1249 3865 corporis
1267 3798 1382 3865 recipiat

153 3895 188 3948 de
201 3908 256 3962 qua
268 3895 399 3949 formatus
411 3900 451 3948 est
463 3912 471 3947 r
485 3896 558 3962 quod
571 3897 679 3962 quantis
691 3897 796 3950 vicibus
814 3910 877 3950 eum
890 3897 918 3948 in
936 3897 1035 3949 fossam
1055 3895 1172 3963 sepulcri
1186 3897 1329 3961 miserunt,
1344 3903 1382 3952 tot

153 3995 237 4048 tantis
248 3994 287 4047 illi
299 4007 362 4048 eum
380 4000 452 4065 terra
471 3995 573 4061 rejecit.
593 3997 636 4047 sic
649 3997 748 4048 misero
766 3996 858 4048 evcnit
875 4001 904 4046 ut
926 3995 1080 4049 minutatim
1099 4008 1198 4062 corpus
1215 3998 1275 4061 ejus
1295 3998 1380 4050 divul-

153 4106 215 4146 sum
226 4093 262 4146 ab
274 4093 368 4145 avibus
379 4067 553 4146 dirimeretur
565 4098 593 4145 et
604 4107 618 4146 a
631 4093 724 4146 bestiis
737 4093 936 4146 corroderetur.

188 4190 238 4244 18.
252 4195 394 4245 Praeterea
415 4194 507 4258 paucis
528 4194 666 4259 posthaec
686 4194 801 4247 evolutis
822 4193 929 4255 diebus,
950 4193 1073 4246 lulianus
1096 4195 1243 4259 imperator
1268 4206 1379 4247 necesse

151 4291 249 4344 babuit
269 4290 302 4343 ad
326 4290 427 4343 bellum
448 4296 543 4343 contra
560 4291 684 4343 inimicos
705 4292 788 4342 exire.
802 4293 869 4343 Cum
891 4304 955 4344 vero
974 4291 1127 4344 ordinasset
1147 4293 1299 4345 exercitum
1313 4299 1381 4344 etse

150 4391 285 4444 victorem
299 4390 431 4451 crederet,
444 4390 534 4442 subito
547 4390 570 4441 ei
584 4390 743 4457 angelorum
756 4391 835 4443 turba
853 4391 986 4456 apparuit.
1001 4390 1047 4443 llle
1066 4392 1169 4456 putavit
1188 4397 1312 4444 terrenos
1331 4393 1380 4444 ini-

150 4493 241 4545 micos
253 4502 318 4542 suos
337 4503 406 4553 esse,
430 4503 492 4543 cum
510 4491 604 4556 utique
623 4491 754 4543 caelestes
777 4491 880 4543 inimici
903 4491 963 4556 plus
981 4503 1044 4542 eum
1062 4495 1173 4556 possent
1184 4504 1282 4545 nocere
1301 4505 1381 4559 quam

148 4589 266 4645 terreni.
275 4591 351 4640 Tunc
360 4588 491 4640 militibus
500 4588 637 4654 praecepit
648 4587 821 4653 adordinare,
832 4601 915 4654 super
923 4588 984 4641 illos
994 4588 1130 4642 irruerent
1144 4589 1260 4656 qualiter
1268 4591 1383 4644 victores
