3156 5452
262 373 353 421 eren.
373 372 455 421 rma.
476 371 590 421 rasas·
611 393 654 400 --ι
671 371 826 420 sarrano.
846 373 892 420 ιιι
910 370 987 420 ceo.
1007 369 1080 418 esse.
1236 355 1300 420 130

58 542 146 592 nitate
159 547 310 606 sanctoque
323 540 374 592 sibi
387 539 514 605 imposito
530 553 614 593 onere
637 538 813 592 confirmatus
831 540 1055 605 confortatusque
1068 539 1108 590 rir
1123 538 1258 606 gloriosus
1271 548 1297 592 et

58 652 142 692 sacer
154 639 337 703 lntboninus,
352 645 462 705 propter
480 639 639 692 meritorum
652 652 763 690 suerum
778 638 944 703 praeclaram
957 639 1141 703 sanctitatem,
1156 640 1295 706 geminato

57 746 192 806 suscepto
204 741 317 802 talento,
327 747 358 792 ut
377 740 484 792 lucrarm
502 741 592 793 bonae
611 740 777 804 operationis
790 737 932 804 sanctique
944 739 1101 792 commercii
1115 738 1232 792 bomine
1245 753 1295 792 sue

57 840 233 905 duplicatum
250 845 412 904 reportaret,
431 839 563 906 evangelii
584 839 683 891 cbristi
702 838 808 892 Domini
822 838 864 891 sui
878 840 967 904 coepit
979 852 1038 891 esse
1051 839 1148 892 doctor·
1159 841 1294 907 egregius.

23 943 40 991 5
58 939 115 991 Sed
138 944 171 990 ιιι
187 937 260 1002 apud
274 937 401 989 infideles
414 937 570 989 testimonio
583 937 775 989 miraculorum
790 935 987 989 certificaretur
999 939 1059 1003 ejus
1070 937 1194 990 doctrina
1207 943 1234 990 et
1251 950 1298 990 eos

58 1037 96 1088 ad
115 1036 199 1089 tidem
217 1037 315 1087 Christi
330 1037 449 1088 traheret
461 1037 495 1088 ab
508 1035 642 1099 idolatria,
657 1036 741 1088 multa
755 1036 912 1101 petentibus
925 1049 974 1101 per
985 1048 1049 1088 eum
1061 1036 1192 1088 Dominus
1204 1037 1297 1103 digna-

61 1138 147 1188 batur
167 1137 293 1189 conlerre
314 1135 454 1188 beneficia.
479 1140 563 1199 eram
577 1136 709 1200 plurimes
720 1136 794 1187 enirn
811 1136 846 1187 ab
865 1134 1068 1187 infirmitatibus
1085 1135 1143 1187 suis
1155 1134 1297 1196 liberabat,

59 1249 161 1289 caecos
173 1236 356 1298 illuminabat,
371 1236 461 1288 surdis
474 1235 597 1288 autlitum
612 1237 782 1295 restituebat,
798 1236 984 1287 mutisvocem
998 1234 1137 1298 reddebat,
1151 1246 1297 1299 oppressos

61 1350 77 1389 a
90 1336 228 1389 daemone
241 1336 385 1399 liberabat,
399 1349 495 1389 omnes
508 1335 626 1388 latebras
638 1333 739 1390 diaboli
759 1335 877 1402 fugabat.
897 1337 958 1401 lpse
976 1335 1068 1401 itaque
1081 1348 1144 1387 rere
1156 1336 1254 1387 beatus
1266 1348 1297 1386 arr

13 1439 42 1486 lt)
61 1438 119 1488 lieo
131 1434 260 1500 dilectus,
275 1435 380 1488 ltomini
399 1437 485 1488 nostri
508 1438 574 1487 lesu
586 1435 686 1487 cbristi
698 1434 871 1488 contessienc
885 1434 1028 1493 solidatus,
1041 1433 1130 1501 ipsius
1142 1436 1224 1488 etiam
1242 1435 1297 1487 sel·

61 1533 166 1586 tatoris
178 1533 299 1585 imitator
311 1531 433 1596 effectus,
447 1546 503 1585 nen
516 1533 666 1598 respiciens
688 1545 833 1598 personam
848 1533 1001 1590 bominum.
1015 1533 1184 1599 singulorum
1198 1533 1294 1584 merita

57 1634 138 1699 juxta
150 1632 311 1698 qualitatem
325 1644 439 1697 operum
460 1632 597 1699 satagebat
610 1632 753 1697 inerepare
771 1631 918 1684 sollertius.
938 1635 1029 1699 Longe
1040 1644 1105 1684 vere
1119 1631 1226 1697 lateque
1237 1644 1296 1684 ver·

60 1732 127 1785 bum
141 1732 189 1784 bei
203 1731 386 1796 praedicande
398 1731 638 1784 seminabatserus
649 1732 774 1784 minister
785 1737 867 1797 atque
885 1729 986 1792 lldclis,
995 1738 1025 1785 ut
1040 1733 1159 1784 fructum
1169 1729 1292 1797 ejusdem

61 1831 134 1883 beati
146 1830 261 1883 seminis
273 1831 301 1882 in
315 1830 443 1883 borreum
455 1830 561 1883 domini
574 1831 616 1882 sui
629 1835 806 1896 congregaret
819 1837 947 1896 operator
959 1829 1095 1883 assiduus.
1112 1831 1212 1883 Omnes
1225 1842 1290 1896 ergo

24 1930 48 1979 te
63 1929 208 1981 credentes
229 1935 259 1981 ut
280 1929 308 1981 in
332 1930 429 1981 melias
450 1928 614 1995 proficerent
628 1930 821 1982 exhortabatur
842 1942 919 1981 sacer
941 1934 1067 1994 sanctus,
1090 1935 1117 1982 et
1138 1927 1295 1982 incredulos

63 2040 199 2092 quosque,
212 2027 297 2079 dures
308 2027 388 2079 ctiam
402 2027 495 2089 corde,
509 2028 570 2080 lorti
585 2028 739 2080 constantia
754 2028 898 2080 roboratus
911 2029 1042 2095 arguebat
1053 2026 1195 2079 attentius.

94 2124 126 2176 ³.
144 2126 192 2176 Do
202 2124 273 2188 mus
284 2128 401 2178 sancta
412 2126 652 2190 praedicatione
664 2129 697 2178 et
708 2126 805 2178 south
815 2126 1050 2190 impetratione.
1064 2125 1187 2190 Quodam
1201 2130 1293 2178 autem

65 2224 91 2275 in
101 2224 174 2287 sico,
188 2237 251 2276 cum
264 2226 335 2277 inter
347 2226 489 2292 gentilium
503 2227 641 2289 tenebras,
653 2228 723 2278 sicut
735 2227 803 2279 solet
813 2226 906 2278 radius
915 2227 981 2278 solis
991 2227 1065 2278 nube
1074 2229 1170 2287 tectus,
1183 2224 1296 2276 minime

39 2345 47 2359 ·
66 2322 280 2388 splendesceret,
301 2329 329 2376 et
349 2331 461 2377 sanctus
485 2325 556 2377 idem
578 2326 756 2378 obnubilatus
776 2326 918 2391 resideret,
941 2331 971 2377 ut
991 2325 1149 2391 sacrilegam
1172 2324 1294 2389 ipserum

21 2419 52 2468 ιιι
66 2421 206 2487 gentilium
218 2423 315 2475 ritaret
328 2424 473 2488 insaniam,
487 2428 513 2475 et
526 2406 645 2476 marciane
656 2427 719 2490 quia
732 2426 806 2476 illius
815 2431 926 2477 sanctae
935 2423 1129 2490 praedicationi
1140 2436 1196 2476 non
1207 2423 1294 2475 solum

67 2532 118 2572 non
129 2522 353 2587 acquiescebant,
367 2523 415 2576 sed
428 2524 552 2589 improbe
565 2524 736 2589 resistebant,
748 2525 825 2589 juxta
843 2529 969 2576 sanctum
988 2523 1173 2589 evangelicum
1188 2522 1293 2574 ltomini

67 2623 237 2685 praeceptum
256 2619 394 2672 dicentis:
412 2621 597 2688 Quicumque
618 2636 680 2674 nort
699 2622 873 2689 receperint
892 2629 951 2690 eos,
965 2623 1141 2675 recedentes
1157 2619 1195 2673 eb
1216 2619 1292 2681 iltis,

65 2717 156 2770 etiem
169 2720 333 2784 pulverem
345 2720 461 2786 pedum
480 2725 636 2774 cestorum
653 2724 790 2774 excutite
811 2721 843 2774 te
863 2722 1074 2774 testimenium
1091 2734 1187 2787 super
1204 2719 1293 2783 ittes‚·

66 2814 124 2868 item
137 2823 165 2869 et
178 2832 185 2868 :
200 2817 235 2868 st
246 2830 298 2871 ces
304 2820 464 2885 persecreti
472 2818 596 2887 suerint
607 2820 640 2872 in
654 2834 717 2873 une
729 2821 866 2886 ciuitate,
877 2819 980 2888 segite
989 2820 1024 2871 irc
1032 2819 1141 2886 etiem,
1153 2818 1186 2870 ad
1198 2818 1292 2877 alium,

10 2908 51 2958 ’ὅ
66 2913 105 2964 ubi
117 2914 301 2979 plurimorum
314 2917 525 2970 christianorum
539 2923 597 2970 erat
609 2920 793 2986 congregatio,
807 2918 1010 2986 transmigravit
1027 2918 1126 2969 looum.
1141 2919 1172 2968 ln
1185 2929 1240 2983 quo
1253 2916 1294 2966 vir

67 3013 120 3075 pius
131 3017 160 3065 et
171 3014 372 3067 sacratissimus
384 3028 416 3068 ac
428 3018 482 3069 lteo
494 3017 610 3070 dilectus
629 3019 699 3069 inter
717 3017 886 3070 christicolas
904 3029 1078 3082 permanens,
1092 3016 1218 3068 alacriter
1238 3019 1293 3067 toto

67 3112 141 3164 corde
154 3114 277 3178 martyrii
295 3127 424 3166 coronam
442 3117 565 3181 accipere
589 3116 761 3182 desiderans,
776 3130 924 3182 numquam
944 3130 959 3169 a
977 3121 1071 3168 sancta
1089 3113 1293 3180 praedicatione

67 3210 202 3274 cessabam
215 3211 251 3262 ab
263 3212 329 3277 ipsis
342 3219 432 3264 autem
447 3213 658 3280 religiosissimis
670 3215 745 3275 viris,
760 3228 822 3266 curn
844 3214 944 3279 quibus
955 3213 1124 3279 aliquamdiu
1141 3223 1291 3264 commera-

68 3310 102 3358 tus
112 3309 212 3371 loerat,
227 3311 371 3363 roboratus
383 3313 608 3379 confortatusque
621 3318 651 3364 ut
662 3313 847 3365 ministerium
860 3313 912 3364 sibi
931 3311 1065 3364 creditum
1084 3311 1192 3376 plenius
1204 3310 1291 3362 adim-

10 3400 47 3448 50
69 3405 155 3470 oleret,
170 3422 226 3462 non
239 3409 342 3463 destitit
354 3412 477 3463 crebrius
491 3412 661 3479 peragrando
672 3426 828 3480 perurgere.
839 3411 1024 3465 Praedieando
1034 3412 1137 3464 etenim
1147 3410 1199 3461 iter
1208 3422 1291 3476 agens

68 3504 255 3576 drgloriosus,
269 3511 383 3578 contigit
394 3516 424 3563 ut
440 3511 533 3564 laboro
547 3514 652 3565 itineris
671 3514 784 3578 sitisque
803 3512 901 3565 ardore
927 3513 1092 3579 latigaretur.
1106 3513 1169 3562 llam
1182 3509 1227 3561 siti
1241 3509 1292 3561 lor·

68 3602 118 3659 liter
138 3613 280 3671 aestuans,
300 3617 439 3675 aspertum
461 3613 603 3664 oculorum
633 3626 746 3665 suerum
768 3614 801 3664 ad
820 3613 926 3665 eaelum
956 3612 1073 3679 erigens,
1096 3611 1184 3675 ipsum
1208 3622 1290 3675 quem

65 3707 191 3758 lecaciter
212 3708 316 3759 sciebat
336 3711 427 3761 emnia
448 3723 527 3776 posse
548 3711 614 3762 dare
635 3711 765 3765 eredenti.
780 3711 942 3776 deprecatus
961 3714 1011 3775 cst,
1025 3709 1152 3775 inquiens
1172 3708 1230 3760 ita:
1248 3707 1289 3759 Tu

60 3796 135 3857 Deus
156 3807 359 3874 omnipotens,
378 3808 517 3861 errantum
538 3823 617 3876 quare
638 3809 726 3878 fecte
748 3813 821 3862 seat
842 3811 952 3861 secter
972 3811 1000 3860 et
1022 3806 1138 3875 opifer,
1161 3807 1215 3872 qut
1231 3819 1289 3872 pre

10 3886 39 3932 ω
54 3905 159 3956 sature
167 3905 294 3971 perraras
303 3905 433 3958 turcani
441 3908 479 3960 cte
488 3909 573 3961 ecreto
583 3909 769 3961 descenderes
784 3908 816 3959 ιἰι
827 3910 929 3960 teres
942 3919 1070 3960 carnem
1082 3904 1290 3957 bremerritetr's

52 4004 184 4056 ’restrae
203 4004 353 4069 diprretrcs
370 4019 402 4058 es
419 4008 627 4073 susciperem
640 4021 700 4074 per·
717 4008 819 4074 ipsam
841 4005 1070 4059 tauctoritatem
1083 4003 1239 4072 fetipetes
1250 4016 1289 4055 cer

47 4091 73 4143 1'!
76 4101 170 4157 fraere
189 4104 266 4158 bere
285 4109 374 4159 serta
395 4108 533 4160 residens
551 4110 592 4161 ed
605 4112 746 4175 prr-terma,
760 4122 876 4175 aqueus
888 4109 930 4160 ed
949 4107 1112 4159 bibendum
1125 4119 1144 4158 e
1157 4105 1289 4158 muliere

43 4188 265 4255 &emerseram
274 4205 392 4269 petisti,
407 4209 441 4258 et
454 4207 485 4257 ιἰι
500 4220 569 4260 erem
581 4210 610 4258 et
624 4208 656 4258 ιιι
674 4221 786 4271 emrtes,
801 4208 854 4273 qui
871 4208 905 4257 ιἰι
931 4209 959 4259 te
971 4204 1111 4273 perfecte
1129 4205 1290 4256 crederent

40 4287 173 4367 tl‘bique
185 4302 341 4355 veraciter
358 4304 541 4371 oboedirent,
555 4305 672 4374 feralem
689 4320 788 4373 equae
808 4306 895 4357 nicee
914 4305 1069 4357 certaturis
1088 4303 1233 4356 settcrttis
1255 4304 1288 4354 z'rr

10 4371 20 4415 ἢ
41 4391 157 4451 vicem
178 4403 339 4454 aeternam
354 4416 551 4471 procreares,
565 4406 675 4472 quique
695 4405 869 4471 fortissime
888 4404 1108 4469 &rrnsorttpost
1125 4403 1288 4455 victoriam

36 4487 306 4565 ”trenciacum
319 4503 458 4556 dedente
475 4505 591 4557 rezeana
602 4505 643 4557 ert
655 4504 817 4557 bibendum
829 4503 1004 4570 protutisti,
1018 4505 1046 4556 ct
1066 4503 1098 4553 in
1116 4515 1217 4555 eremo
1229 4515 1290 4568 per

37 4580 183 4659 Moysen
196 4612 312 4665 eqrcem
326 4601 364 4652 cle
370 4605 463 4667 petre
487 4617 618 4657 lacerarer
637 4602 749 4671 fecisti,
764 4606 799 4654 nt
822 4603 1017 4656 lsreetr'tr'ces
1025 4603 1164 4668 paperes
1177 4600 1291 4654 biberet
