3156 5452
273 354 365 402 amn.
384 354 467 405 nur.
486 354 602 405 ranis.
621 376 666 385 -
681 356 834 406 anenno.
854 358 901 406 nn
918 358 994 409 con.
1014 359 1091 410 ares
1230 347 1293 414 291

62 528 91 574 et
103 520 179 590 infigi
192 523 222 574 in
236 522 350 588 pedibus
362 525 430 592 ejus,
444 529 471 576 et
482 525 520 577 sic
533 538 582 591 per
597 524 715 578 mediam
732 527 867 579 civitatem
878 540 927 593 per
944 528 1043 596 glacies
1057 534 1084 582 et
1097 530 1173 585 nives
1185 530 1295 586 deduci.

61 620 117 674 sed
130 635 222 688 neque
235 623 287 675 hoc
300 622 380 677 modo
393 624 543 689 praevaluit
555 624 684 677 atlversns
707 639 814 678 servum
833 627 930 679 Christi
944 628 1087 694 diabolus;
1101 629 1209 684 ridebat
1222 633 1295 685 enim

60 719 151 774 oculis
163 720 255 774 cordis
266 728 469 789 exspectantem
481 725 626 777 Dominum
639 731 664 776 et
677 725 879 790 promittentem
892 740 921 780 se
934 726 1062 781 daturum
1071 734 1200 784 aeternae
1211 731 1294 784 beati-

60 821 167 874 tudinis
190 819 333 888 honorem,
353 835 436 887 qucm
457 835 507 874 nec
530 822 626 875 oculus
646 822 713 876 uidit
727 837 776 876 nec
790 826 863 877 auris
884 826 985 878 audivit
1006 841 1056 881 ncc
1078 842 1156 881 mens
1178 829 1295 883 hominis

24 921 43 971 5
59 932 162 986 capere
181 922 278 986 potuit.
292 896 402 974 Praescs
414 920 481 972 dixit
494 937 500 972 :
515 919 651 975 Necdum
663 924 790 976 sensisti
802 927 957 978 tomenta
967 924 980 977 f
989 929 1115 993 Tryphon
1129 928 1270 995 respondit
1285 945 1291 980 :

61 1019 196 1073 Omnino
215 1033 274 1072 uon
293 1020 376 1072 sensi
387 1020 468 1087 pccod
484 1020 582 1087 infieri
603 1024 675 1074 suut
697 1023 780 1075 claui
801 1023 834 1075 in
850 1023 981 1090 pedibus
998 1027 1084 1080 meis.
1098 1029 1211 1081 liirante
1230 1041 1293 1081 vero

59 1119 199 1186 praefecto
212 1124 314 1172 tantam
327 1121 376 1171 viri
389 1122 571 1173 constantiam
584 1126 611 1174 et
623 1122 758 1186 cogitante
771 1123 873 1189 majora
892 1129 1027 1177 tormenta
1044 1139 1114 1192 «puae
1127 1139 1182 1179 non
1203 1132 1293 1192 posset

57 1225 251 1286 contemnere,
265 1226 418 1288 suggestum
440 1225 482 1272 est
503 1222 527 1273 ei
548 1227 577 1272 ut
599 1221 700 1274 faceret
723 1234 786 1274 eum
804 1235 820 1274 a
838 1224 1047 1288 quaestionariis
1067 1225 1184 1278 fustibus
1204 1225 1292 1279 caedi.

57 1320 184 1385 cumque
197 1318 343 1371 caedentes
356 1319 542 1387 fatigarentur,
557 1333 607 1372 nec
621 1325 733 1385 possent
745 1334 808 1373 eum
827 1321 919 1387 aliquo
939 1322 1020 1375 modo
1039 1337 1053 1375 a
1066 1324 1204 1389 proposito
1218 1337 1293 1378 revo-

10 1416 39 1469 to
54 1418 225 1484 care,1'ussii
243 1418 395 1483 praefectus
409 1418 547 1484 lampades
559 1421 619 1485 ejus
631 1421 731 1485 apponi
745 1419 886 1472 lateribus.
900 1422 1097 1484 Quaestionarii
1110 1427 1201 1475 autem
1218 1437 1293 1489 prae·

55 1516 120 1570 fecti
136 1518 214 1583 jussa
226 1518 366 1581 facientes,
381 1517 510 1570 viderunt
522 1519 598 1583 quasi
609 1518 784 1584 splendorem
795 1520 859 1570 solis
873 1519 967 1572 lumen
980 1520 1205 1574 circumlustrans
1218 1535 1291 1586 eum,

55 1622 83 1668 et
95 1629 228 1669 coronam
246 1617 326 1668 variis
339 1615 474 1682 lapidibus
486 1622 644 1669 exornatam
660 1631 742 1683 super
754 1623 834 1684 caput
846 1619 915 1684 eius.
929 1620 977 1683 Qui
990 1620 1075 1671 nimio
1085 1620 1182 1673 timore
1191 1625 1292 1685 perter-

57 1715 111 1777 riti,
130 1714 275 1781 stupefacti
293 1721 456 1768 corruerunt
467 1715 495 1767 in
509 1721 620 1768 terram.
632 1715 801 1770 llxtcntlentc
820 1717 901 1784 igitur
914 1718 994 1770 beato
1004 1722 1121 1784 martyre
1135 1731 1245 1771 manum
1258 1720 1293 1772 ad

56 1815 164 1867 caelum
175 1819 203 1867 et
211 1814 318 1867 dicente
329 1831 336 1866 ε
351 1815 489 1881 Domine,
505 1815 538 1868 in
549 1816 635 1881 cujus
645 1821 808 1884 conspectu
819 1819 876 1884 sto,
889 1830 950 1869 non
959 1818 1154 1885 praevaleat,
1161 1817 1292 1886 obsecro,

19 1912 43 1963 lb
57 1914 226 1967 adeersum
244 1926 292 1966 me
312 1928 367 1968 ars
389 1913 516 1980 diaboti,
530 1915 584 1968 sed
605 1915 732 1969 concede
748 1918 781 1967 ut
789 1929 850 1982 per
864 1917 1042 1982 praesentis
1059 1917 1208 1984 supplicii
1225 1931 1292 1971 crnc-

58 2014 160 2067 ciatus
166 2016 343 2081 perpetuas
357 2014 478 2080 possim
492 2027 609 2080 poenas
632 2015 772 2068 euadere.
786 2016 940 2068 Praefectus
960 2016 1058 2068 iterum
1079 2015 1147 2068 dixit
1161 2032 1167 2067 ε
1182 2017 1292 2069 Paeni-

60 2115 211 2182 terejam‚
237 2114 390 2181 Tryphon,
404 2119 513 2169 tantae
540 2118 612 2168 tuae
636 2116 834 2168 temeritatis.
856 2117 971 2168 Sanctus
995 2121 1096 2183 martyr
1120 2117 1260 2182 respondit
1284 2133 1290 2167 :

61 2215 222 2270 Incassum
236 2215 369 2283 laboras,
384 2217 528 2284 Aquiliae
544 2234 552 2270 :
566 2215 754 2283 impossibiie
774 2220 818 2269 est
840 2217 1052 2282 quadrandos.
1066 2218 1162 2270 Semd
1173 2215 1294 2270 audisti

58 2316 205 2382 quoniam
228 2316 323 2369 mum
336 2316 441 2368 m'vum
461 2313 615 2384 factorem
629 2315 709 2369 caeli
720 2318 750 2368 et
771 2315 991 2381 cerumtamen,
1006 2317 1039 2367 in
1051 2316 1138 2381 cidus
1150 2314 1293 2369 manibus

10 2409 43 2462 aa
56 2417 96 2467 est
123 2415 261 2483 spiritus
273 2415 423 2468 omnium.
445 2415 519 2480 Ejus
526 2415 705 2483 praeceptis
720 2413 861 2479 obaudio,
872 2412 1011 2467 homines
1024 2426 1096 2467 vero
1110 2427 1171 2468 nou
1190 2416 1292 2479 timeo,

60 2526 156 2580 neque
172 2526 292 2579 poenas
313 2527 393 2580 quac
414 2512 451 2566 ab
471 2513 516 2566 eis
538 2512 724 2580 inseruntur
742 2512 888 2582 formido.
904 2515 974 2565 llaec
991 2512 1107 2566 audiens
1129 2512 1298 2578 pmcfectus:

60 2614 135 2677 jussit
156 2614 242 2665 sterni
256 2614 306 2666 sibi
319 2614 490 2679 protribunal
504 2615 532 2666 ln
545 2613 657 2666 sedibus
670 2612 731 2675 fori,
744 2619 775 2664 ut
787 2612 887 2665 sedens
900 2614 1009 2679 puniret
1022 2626 1095 2667 cum.

95 2715 147 2767 1⁷.
160 2715 220 2766 lilio
239 2714 330 2780 itaque
347 2713 402 2774 ilie,
421 2728 482 2766 cum
493 2714 601 2766 sederet
622 2712 812 2779 protribunali,
826 2712 893 2764 dixit
907 2729 914 2764 :
928 2713 1018 2779 Audi,
1037 2711 1188 2779 Tryphon,
1199 2725 1292 2778 prae-

63 2814 180 2878 ceptum
195 2813 407 2878 imperatoris.
421 2814 535 2864 sanctus
547 2812 674 2878 Tryphon
697 2810 857 2876 respondit:
882 2811 953 2863 Jam
971 2809 1152 2877 frequenter
1172 2810 1293 2864 audisti

10 2902 51 2956 ΕΞ
64 2923 107 2962 me
117 2910 272 2964 dicentem
284 2912 358 2978 quia
370 2925 467 2964 unum
480 2912 574 2964 Deum
587 2912 662 2978 coto,
677 2910 830 2963 hominem
843 2913 946 2963 autem
959 2922 1020 2961 non
1033 2908 1174 2975 obaudio,
1187 2910 1242 2976 qui
1250 2910 1293 2962 ad

60 3009 267 3074 perditionem
280 3010 381 3063 trahit
398 3008 587 3064 oboedientes
604 3008 672 3061 sibi.
687 3010 830 3075 hattilinus
842 3008 998 3075 praefectus
1011 3009 1050 3060 ira
1063 3015 1214 3061 commotus
1232 3010 1270 3062 ait
1283 3025 1290 3060 ε

65 3108 216 3162 Caedatur
224 3109 361 3176 plcanbis
374 3109 567 3176 diversisque
576 3108 739 3162 tormentis
749 3111 1071 3175 consumatur-corpus
1080 3109 1154 3172 ejus.
1169 3110 1290 3175 cumque

63 3207 154 3261 luisset
165 3222 270 3269 caesus,
284 3223 334 3263 nec
346 3210 477 3263 adversus
490 3223 553 3262 eum
572 3210 763 3274 praevalerent
783 3213 928 3274 tormenta,
942 3208 1095 3274 praefectus
1113 3209 1213 3261 iterum
1231 3208 1269 3259 ait
1284 3223 1290 3260 :

63 3306 212 3377 Sacrifica
225 3309 359 3376 imapini
380 3309 464 3363 Decii
479 3309 630 3375 Caesaris,
641 3314 672 3383 et
685 3309 765 3376 jura
780 3321 841 3375 per
863 3309 977 3373 Jovem,
1003 3321 1064 3361 non
1083 3312 1113 3361 tc
1129 3320 1193 3361 esse
1210 3305 1290 3360 chri-

10 3392 48 3450 50
60 3407 206 3474 stianum,
218 3411 249 3460 et
262 3408 339 3462 liber
355 3408 503 3462 abscedis.
517 3412 632 3462 sanctus
641 3408 768 3473 Tryphon
779 3407 920 3473 respondit
934 3422 941 3458 :
960 3406 1089 3460 Terreni
1105 3407 1188 3472 repis
1198 3418 1290 3473 prae·

60 3507 147 3572 cepta
167 3517 313 3573 spernere
333 3520 394 3559 nan
415 3505 565 3573 erubesco,
579 3509 614 3558 ut
627 3509 754 3560 aeterno
775 3505 983 3573 repipaream
1002 3520 1011 3569 ,·
1032 3504 1167 3570 imapini
1186 3507 1290 3557 tamen

60 3600 193 3656 hominis
205 3616 267 3656 non
279 3605 433 3672 sacrifico,
447 3617 526 3670 puae
540 3603 640 3658 uariis
653 3602 815 3670 artificum
826 3603 997 3670 piamentis
1016 3602 1167 3670 disposita
1180 3605 1233 3655 est.
1248 3603 1291 3657 De

52 3703 236 3766 juramento
247 3706 350 3756 autem
363 3704 397 3755 in
423 3705 487 3772 lepe
498 3705 555 3757 Dei
566 3705 612 3758 ita
624 3705 782 3771 scriptum
794 3707 838 3756 est
853 3703 978 3757 :Nolite
983 3703 1099 3767 jurare
1112 3702 1144 3752 iu
1158 3699 1290 3753 nomini·

59 3801 110 3855 bus
131 3802 261 3855 morum
281 3804 466 3871 alienorum,
480 3805 535 3871 qui
552 3805 635 3858 vobis
653 3805 801 3872 prodesse
821 3817 883 3856 non
897 3804 1047 3869 possunt,·
1070 3802 1239 3865 sedjurate
1256 3801 1289 3851 in

10 3888 45 3948 ⁵5
59 3902 184 3954 nomine
205 3902 329 3954 Deretini
348 3903 483 3957 dicentes
506 3922 514 3959 :
536 3903 583 3957 Sit
603 3917 716 3957 namen
741 3902 864 3955 Domini
883 3900 1075 3955 benedictum
1100 3901 1133 3952 in
1155 3900 1289 3953 saecula.

59 4000 110 4051 Dii
120 4001 226 4053 autem
248 4001 345 4053 vestri
364 4002 529 4056 daemonia
549 4006 632 4069 suni,
646 4005 674 4055 et
696 4015 766 4055 cctrn
790 4001 934 4068 lapideas
956 4003 985 4053 et
1006 3999 1124 4068 lfpneas
1137 3998 1291 4065 iruapines

58 4098 210 4165 adoratis,
219 4099 344 4164 putatis
367 4111 419 4153 vos
431 4112 497 4153 esse
507 4100 623 4154 sobrios
635 4104 664 4154 ct
676 4100 842 4167 sapientes,
856 4112 926 4153 curn
939 4099 1009 4152 sitis
1021 4098 1114 4151 statu
1125 4100 1154 4150 et
1171 4097 1290 4150 similes

60 4197 218 4266 lapidibus
230 4189 305 4265 quas
317 4199 468 4253 adoratis.
485 4200 675 4267 Quicumque
692 4201 775 4252 enim
794 4214 814 4253 a
833 4199 956 4253 diabolo
974 4198 1093 4265 decepti
1105 4197 1168 4250 diis
1187 4197 1287 4264 turifi-

60 4298 221 4360 cantune
233 4298 326 4351 dubio
347 4300 474 4352 cumeis
487 4298 711 4367 pelunnalibus
734 4299 888 4352 incendiis
908 4299 977 4352 sine
997 4299 1061 4367 fine
1080 4297 1288 4363 srcbjacebunt.

10 4384 47 4442 20
61 4397 213 4450 Praefectus
227 4398 293 4449 haec
314 4396 438 4462 audiens,
459 4402 596 4463 tamquam
612 4397 720 4450 insania
742 4398 849 4462 ductuS,
860 4398 941 4461 jussit
963 4397 1032 4448 trahi
1052 4396 1152 4459 velum,
1173 4402 1199 4447 et
1220 4393 1289 4447 inito

63 4497 181 4563 consilio,
192 4498 269 4563 jubet
286 4497 441 4563 hujusmodi
461 4499 624 4550 sententiam
644 4497 678 4550 de
696 4498 795 4550 tabulis
816 4498 944 4549 recitari:
965 4495 1164 4562 Tryphonem,
1178 4495 1289 4548 Sansa·

64 4593 186 4650 decarne
197 4597 459 4664 ortunajussione
471 4597 670 4664 imperatoris
682 4595 945 4663 comprehensum,
957 4595 1133 4663 praeceptis
1143 4594 1210 4660 ejus
1221 4606 1289 4647 con,-

67 4693 1287 4763 radicentemchrisuanam,ecnonobaudientemptadiainterimicensemus.
