3156 5452
437 336 527 387 BIBL.
547 336 631 386 ltus.
650 337 766 387 PARlS.
786 357 831 367 -·
846 337 923 386 cub.
944 335 1002 384 ste.

366 606 469 695 XVI.
489 605 613 693 Codex
632 548 820 717 signatus
845 628 966 693 num.
991 603 1084 692 915.

130 818 213 871 Prius
224 817 460 871 confraternitatis
473 818 500 869 S.
513 817 629 881 Claudii,
643 817 672 869 iu
684 816 798 869 ecclesia
811 817 838 868 S.
850 816 942 869 iacobi
959 816 994 868 dc
1014 816 1143 882 llospitali
1166 813 1278 868 Parisiis
1289 815 1333 878 (l).

90 916 164 970 dein
175 915 351 970 colbertinus
365 918 440 974 solt,
454 921 547 982 postea
561 917 658 982 Regius
670 918 699 966 6.
713 916 788 967 listi.
801 918 826 966 ὅ.

130 1015 272 1069 Foliorum
285 1018 326 1082 ts,
340 1016 413 1068 med.
426 1016 521 1080 (Omilss
537 1023 562 1073 ><
578 1016 675 1079 6,(86),
690 1014 769 1066 lincis
782 1012 883 1079 plenis,
897 1017 1023 1066 exaratus
1036 1027 1107 1066 saec.
1121 1015 1170 1065 ΧΥ.

201 1124 237 1198 1⁰
254 1123 351 1216 [Vita
371 1123 493 1201 suncti
514 1121 664 1200 Claudii
683 1121 857 1223 episcopi
876 1121 1083 1216 Bisuntiui]
1101 1121 1177 1219 (fol.
1196 1122 1331 1220 3v-tdt.

132 1250 207 1301 llaec
219 1247 286 1310 vita,
299 1248 328 1300 in
346 1247 479 1301 lectiones
501 1260 598 1301 nouem
621 1245 777 1313 distributa,
790 1259 861 1312 quae
884 1245 1066 1312 responsoriis
1087 1246 1240 1299 intermixta
1258 1252 1333 1312 sunt,

91 1345 220 1400 eundem
234 1346 373 1413 prologum
386 1346 468 1399 babet
480 1359 562 1413 quem
576 1346 632 1397 Vita
645 1345 753 1398 breuior
764 1345 837 1397 edita
849 1344 914 1398 Act.
932 1345 979 1398 SS.
998 1343 1032 1396 ad
1045 1344 1073 1397 d.
1085 1346 1102 1396 6
1121 1344 1204 1412 lunii,
1219 1350 1285 1398 tom.
1309 1347 1329 1407 l,

94 1461 122 1511 p.
133 1446 187 1498 otti
195 1446 281 1504 (num.
294 1446 326 1510 l).
338 1445 482 1512 Reliquum
495 1457 559 1498 vero
569 1444 764 1498 documentum
778 1448 963 1509 repraesentat
974 1444 1031 1495 Vita
1043 1443 1150 1510 longior
1162 1444 1233 1496 edita
1254 1444 1331 1514 ibid,

94 1558 123 1610 p.
136 1545 230 1596 6466(
243 1545 329 1609 (num.
348 1544 427 1608 ult).
441 1545 471 1595 ln
492 1542 556 1607 tine,
574 1548 635 1610 post
651 1543 731 1595 verba
752 1541 901 1609 ntipravtt
922 1542 965 1595 ad
984 1541 1158 1609 bertinum,
1174 1541 1285 1596 additur
1309 1543 1337 1596 in

93 1640 162 1694 nid.
179 1644 285 1696 octauo
298 1642 467 1708 idnsjunii
476 1659 485 1708 ;
506 1642 597 1708 cnitm
618 1654 741 1708 comnis,
757 1644 793 1693 nt
809 1639 942 1707 decebat,
957 1639 1150 1693 aromatibus
1174 1641 1339 1695 conditum

93 1740 272 1808 repositum
283 1740 348 1809 snit
373 1741 407 1793 in
426 1740 558 1794 eeclesia
578 1739 660 1794 beati
673 1738 821 1807 timendi,
837 1738 869 1790 tn
895 1751 958 1805 qna
970 1751 1068 1805 usqne
1085 1738 1119 1790 in
1132 1743 1334 1806 praesentem

92 1838 182 1892 etiem
195 1838 412 1906 incorruptum
426 1838 602 1892 innumeris
614 1839 713 1892 claret
725 1837 902 1904 iniracntis,
908 1839 1102 1905 praestante,
1113 1843 1165 1891 ete.

199 1944 235 2021 2⁰
252 1945 434 2023 iliracula
454 1945 557 2023 beati
578 1944 727 2022 Claudii
746 1944 826 2034 (fol.
851 1942 1008 2034 li‘difl.

130 2072 235 2124 tiorum
258 2071 367 2138 triginta
388 2072 510 2139 quinque
531 2072 621 2138 priora
642 2070 698 2135 (tol.
715 2071 820 2134 tir-27¹)
832 2068 904 2122 edita
917 2076 983 2121 sunt
1002 2070 1053 2122 sub
1067 2070 1144 2124 titulo
1165 2071 1330 2128 Miraento-

91 2182 172 2221 imm
185 2168 262 2221 tiber
273 2170 373 2223 Icum
385 2171 451 2224 vita
463 2169 600 2224 breviore
611 2169 757 2237 scribtus,
772 2174 836 2221 tom.
851 2169 908 2232 cit,
923 2184 948 2235 p.
960 2170 1062 2221 titii-tii.
1077 2170 1252 2236 Reliquorum
1266 2186 1329 2226 vero

92 2268 239 2334 pleraque,
252 2266 300 2320 sed
312 2270 429 2334 (practer
442 2267 611 2336 trigesimum
632 2270 765 2332 octavum)
785 2267 847 2319 stilo
866 2266 945 2334 longe
962 2267 1080 2332 politiori
1094 2282 1175 2334 quam
1194 2268 1328 2337 descripta

91 2370 165 2419 sunt
177 2367 206 2418 in
220 2367 322 2431 codice,
337 2367 420 2421 refert
432 2367 523 2421 Liber
534 2368 568 2421 ΙΙ
576 2381 596 2420 a
610 2368 701 2421 Petro
710 2368 823 2419 Franc.
837 2363 985 2431 Cbiffletio
994 2368 1021 2418 S.
1033 2368 1059 2418 J.
1070 2379 1111 2420 em
1122 2370 1329 2424 monumentis

88 2477 170 2519 rme.
183 2465 321 2519 collectis
341 2465 430 2531 (ibid,
444 2481 470 2533 p.
483 2467 532 2519 668
553 2468 635 2534 sqq).
658 2469 728 2518 llaec
747 2464 898 2517 secundum
913 2463 1105 2531 primigenium
1128 2471 1243 2531 textum,
1262 2481 1328 2522 sane

87 2563 246 2616 admodum
259 2563 356 2617 rudem
369 2570 396 2618 et
413 2566 571 2630 barbarum,
584 2579 617 2619 ex
631 2565 725 2618 codice
742 2561 875 2616 exhibere
893 2575 948 2615 non
966 2563 1076 2631 pigebit,
1090 2577 1151 2617 cum
1166 2569 1325 2631 praesertim

88 2663 163 2716 inde
174 2668 305 2729 appareat
316 2676 346 2716 ea
362 2664 419 2731 ipso
438 2678 493 2730 quo
512 2665 682 2733 contigerant
700 2669 821 2728 tempore
841 2659 976 2726 descripta
995 2663 1080 2716 luisse
1101 2675 1191 2717 coram
1213 2665 1327 2719 testibus

84 2763 199 2827 multis,
213 2766 240 2814 et
252 2775 308 2815 non
320 2775 405 2829 pauca
416 2763 497 2817 etiam
510 2763 599 2818 otileio
612 2764 709 2818 notarii
722 2761 822 2830 publici
834 2759 868 2812 ad
882 2758 910 2811 id
925 2761 1048 2826 requisiti
1058 2763 1101 2827 (8).

437 3228 649 3340 Appendix
684 3231 732 3318 ud
769 3233 850 3323 cod.
876 3233 969 3322 915.

359 3462 528 3510 tutulum
553 3465 583 3512 S.
608 3465 744 3512 CLAUDII
759 3465 1054 3514 VESUNTIONENSIS.

179 3645 329 3697 xxxvl.
342 3647 388 3698 De
407 3646 474 3701 lilio
486 3647 597 3701 mibtds
607 3649 704 3714 aquis
717 3653 893 3713 submerso,
906 3651 1051 3705 oratione
1063 3649 1169 3716 patris
1180 3665 1237 3716 per

455 3744 587 3800 beatum
603 3748 770 3802 claudium
781 3753 891 3814 erepto
908 3748 962 3818 (8).

116 3845 205 3896 Anno
223 3842 330 3896 bomini
351 3844 495 3898 millesimo
516 3848 700 3911 commixtim,
720 3847 765 3902 die
786 3849 891 3902 sabbati
918 3855 979 3915 post
1006 3850 1105 3901 testum
1129 3849 1325 3914 purificationis

116 4039 158 4103 (l)
176 4038 233 4092 bol.
250 4041 277 4090 tv
288 4040 372 4094 minio
393 4040 522 4108 inscripta
543 4048 585 4095 est
604 4045 671 4097 baec
693 4050 757 4098 nota
771 4061 778 4097 z
793 4046 854 4098 Iste
867 4045 944 4100 tiber
961 4050 1006 4101 cst
1023 4046 1198 4115 cortfrutric
1209 4047 1320 4101 dentis·

79 4120 167 4175 simi
188 4121 312 4175 chindii
332 4122 557 4178 bisuntinensis
577 4125 814 4194 archiepiscopi.
836 4128 984 4181 Parisiis.
1007 4130 1045 4182 tn
1068 4130 1199 4184 ecciesict
1221 4131 1325 4184 sancti
1349 4147 1354 4159 ·

79 4202 200 4257 iacobi
210 4203 248 4256 de
259 4204 409 4272 hospitati
419 4205 553 4275 fundate
564 4220 619 4260 sen
637 4208 791 4262 ordinate.
806 4210 845 4262 In
865 4223 925 4279 qno
936 4210 1104 4265 servicium
1116 4215 1145 4265 et
1156 4212 1250 4265 misse
1261 4212 1324 4280 offi-

79 4286 176 4341 cium
188 4298 307 4340 necisum
319 4289 348 4340 et
360 4287 461 4354 ipsius
472 4289 666 4343 sanctissimi
677 4291 801 4344 claudii
823 4293 926 4345 muita
943 4293 1103 4347 miracuta
1114 4294 1322 4348 cmttinentnr.

82 4396 116 4406 -
127 4368 168 4431 (2)
184 4368 244 4419 ltir.
258 4370 300 4428 68,
312 4371 354 4423 tt.
368 4372 454 4437 tlt-oi,
467 4373 509 4423 68.
524 4373 577 4423 liae
591 4372 756 4438 posteriores
768 4372 927 4437 relationes,
941 4388 956 4427 a
970 4378 1048 4428 Petro
1062 4376 1190 4428 Gaillartli
1203 4383 1230 4429 et
1242 4379 1323 4429 Fran-

80 4452 164 4504 cisco
178 4451 301 4504 Sambini
318 4453 431 4504 notariis
447 4452 609 4518 descriptae,
623 4455 731 4507 mendis
749 4458 838 4509 omnis
855 4459 962 4524 generis
983 4459 1098 4511 refertae
1116 4465 1189 4520 sunt,
1202 4459 1270 4512 adeo
1294 4466 1324 4512 ut

79 4534 171 4586 etiam
181 4533 379 4586 sententiarum
391 4547 502 4587 sensum
514 4535 559 4587 viu
571 4542 644 4590 etue
657 4538 702 4589 vix
712 4539 823 4605 quidem
833 4540 967 4605 attingere
979 4541 1069 4593 valeas
1077 4557 1084 4592 :
1092 4540 1201 4594 easdem
1213 4542 1324 4609 vulgare

80 4616 178 4669 uisum
192 4620 236 4668 est
248 4624 328 4682 prout
338 4617 465 4684 leguntur
477 4617 505 4669 in
519 4619 622 4672 codice.
634 4647 664 4658 -
676 4621 711 4686 (5)
729 4621 784 4675 Cir.
799 4621 863 4675 Act.
877 4622 934 4688 SS,
949 4628 1013 4677 tom.
1030 4625 1039 4674 l
1053 4625 1127 4687 lun,
1142 4639 1167 4690 p.
1179 4624 1239 4688 668,
1253 4638 1281 4677 n.
1295 4626 1322 4677 8.
