3136 5482
347 376 444 427 arsi..
461 376 546 427 nar.
565 376 682 428 ratus.
700 395 747 409 -
763 377 865 427 cono.
884 377 944 440 ora,
962 379 1022 428 aso.
1264 364 1309 429 53

133 532 250 599 Foliorum
261 549 301 613 ti,
313 546 378 613 maj.
390 545 611 612 (optumas),
624 546 760 600 ooiumnis
772 546 855 611 binis,
869 551 996 600 exaratus
1009 560 1081 601 saec.
1096 549 1145 601 xv.

134 632 221 696 iulium
239 647 262 698 ir
282 651 409 700 ornatum
426 649 469 699 est
489 646 636 700 admodum
658 646 828 714 elegantibus
849 647 971 713 picturis,
984 661 1054 714 quae
1072 649 1147 702 sario
1169 650 1261 702 colore
1282 653 1309 701 et

111 739 257 797 sunnitent.

185 853 420 952 i⁰[0ffiaium
437 864 591 934 sanotae
609 855 788 936 Ciotiidis
806 856 973 958 reginae]
999 856 1076 956 (fol.
1100 856 1230 955 11-131).

137 987 285 1065 aureonno,
300 997 373 1051 notis
394 998 507 1052 musicis
528 997 667 1066 insignito,
682 998 785 1051 inserta
806 1004 848 1051 est
869 999 940 1051 inter
960 997 1105 1052 Lectiones
1126 1000 1184 1052 Vita
1196 1003 1308 1052 sanotae

111 1086 212 1162 clotildis,
223 1109 304 1165 quam
322 1097 410 1150 edidit
429 1096 611 1164 iiabiiionius,
624 1098 693 1152 Act.
703 1099 749 1151 SS.
766 1099 797 1151 0.
810 1099 838 1152 S.
851 1099 897 1166 Β.,
912 1111 983 1151 seeo.
997 1101 1018 1165 1,
1040 1113 1067 1164 p.
1086 1099 1186 1151 91107.
1202 1098 1309 1151 Deside-

10 1213 12 1217 ·
107 1196 182 1247 natur
190 1196 213 1248 in
223 1196 316 1250 oodioe
329 1209 406 1250 num.
418 1200 430 1250 i
445 1210 494 1250 seu
504 1197 758 1278 prologustpraeter
769 1198 864 1251 ultima
873 1200 974 1264 verda),
984 1212 1046 1265 pars
1056 1199 1193 1265 posterior
1203 1203 1307 1252 numa

10 1296 17 1307 “
101 1291 159 1357 (past
168 1309 234 1352 voees
245 1299 314 1353 volo
324 1298 439 1352 demere
450 1297 485 1351 ira
497 1298 694 1366 corvagium),
704 1311 767 1366 pars
779 1300 913 1365 posterior
925 1312 1002 1351 num.
1012 1301 1029 1351 5
1039 1301 1110 1365 (post
1121 1311 1201 1352 voees
1209 1297 1308 1367 facile

97 1390 273 1462 impetratio),
289 1411 353 1465 pars
370 1397 505 1464 posterior
521 1411 599 1452 num.
612 1400 629 1451 8
640 1400 712 1465 (post
730 1411 811 1452 voees
832 1399 1045 1466 apostotorum
1066 1398 1266 1466 aedificavit),
1279 1402 1306 1450 et

87 1507 184 1550 numan.
194 1499 249 1551 itii
263 1503 345 1563 exin,
358 1497 406 1551 ubi
419 1498 568 1550 resumitur
580 1499 701 1551 narratio
713 1512 729 1551 a
742 1498 854 1552 vocibus
865 1498 1050 1566 aedificavit
1057 1500 1257 1565 praeterea...

176 1601 214 1677 2⁰
230 1602 328 1698 [Vita
344 1609 500 1681 sanotae
519 1600 699 1682 Ciotiidis
716 1602 848 1699 altera]
866 1603 942 1703 (soi.
964 1603 1124 1703 ild-ddi

108 1746 195 1812 itujus
206 1745 280 1812 prior
291 1758 354 1812 pars
372 1751 429 1800 totu
450 1751 578 1812 excerpta
596 1752 683 1800 estex
698 1745 798 1801 Gestis
810 1759 918 1812 repam
938 1748 1142 1814 Francorum,
1157 1759 1215 1813 cap.
1232 1749 1306 1800 ivi-it

65 1846 166 1913 (dist.
177 1846 216 1900 de
226 1848 289 1912 Fit,
302 1853 368 1902 tom.
382 1849 416 1914 ii,
429 1862 455 1914 p.
468 1849 581 1911 sistit
595 1848 775 1900 posteriorem
788 1847 973 1912 praebuerunt
985 1859 1063 1913 capp.
1079 1851 1152 1902 iiii
1163 1848 1237 1901 Vitae
1249 1847 1304 1900 edi-

62 1950 111 1998 tae
123 1957 144 1998 a
159 1944 317 1999 labillonio
327 1945 383 2011 (ait.
397 1946 498 2013 supra),
512 1945 660 1999 admodum
674 1946 768 2011 paneis
780 1946 891 1998 mutatis
904 1945 932 1997 in
946 1945 1000 1999 dne
1013 1945 1101 1999 ultimi
1115 1946 1220 2013 capitis.

310 2357 416 2446 XIX.
449 2358 575 2447 Codex
604 2359 793 2469 signatus
823 2383 935 2449 uurn.
969 2353 1065 2451 989.

83 2575 172 2631 oiim
183 2573 388 2639 Fisoannensis,
402 2571 504 2628 deinde
515 2573 672 2643 bigotianus
683 2575 743 2639 249,
756 2579 851 2640 postea
862 2572 960 2642 Regius
971 2572 1001 2625 c.
1015 2573 1128 2625 41871.

85 2673 242 2730 Foliorum
257 2676 314 2736 toa,
326 2672 395 2726 min.
407 2674 645 2738 (wimodia),
659 2671 742 2727 tineis
753 2672 852 2739 plenis,
865 2677 992 2727 exaratus
1005 2684 1077 2724 saeo.
1089 2673 1120 2723 x.

166 2780 207 2856 1⁰
224 2779 309 2859 Vita
320 2781 443 2859 sancti
463 2780 620 2858 Taurini
647 2780 821 2882 episcopi
848 2777 1119 2876 [Ebroioensis]
1150 2784 1188 2855 et
1205 2798 1297 2854 aon-

219 2903 375 2984 iessoris
393 2903 534 2983 Christi
553 2905 696 3006 egregii
714 2904 790 3002 (iol.
813 2903 954 3002 82-24').

87 3056 149 3111 ud.
163 3055 232 3110 Act.
244 3055 301 3123 Sd,
315 3053 349 3108 ad
362 3054 390 3108 d.
405 3057 433 3108 it
448 3058 526 3124 Aug„
539 3062 559 3108 t.
573 3057 607 3120 ii,
619 3069 646 3121 p.
660 3056 760 3121 63117,
774 3055 882 3109 diverso
894 3055 1016 3123 prologo.
1037 3028 1043 3043 ⁸

167 3153 209 3231 2⁰
226 3154 413 3248 [inventio
430 3161 481 3245 et]
498 3155 686 3234 miracula
703 3155 754 3245 [S.
777 3155 947 3250 Taurini]
964 3154 1041 3255 (iol.
1062 3152 1223 3250 tiator).

88 3306 150 3361 tid.
162 3304 241 3373 inid,
252 3305 508 3371 ρ.647-41.01111111
520 3312 584 3359 sunt
593 3306 778 3374 paragraphus
787 3305 882 3359 ultima
893 3305 1000 3359 numeri
1010 3307 1027 3359 5
1036 3310 1062 3358 et
1071 3305 1176 3372 integer
1186 3315 1261 3355 num.
1274 3303 1300 3353 d.

169 3402 208 3480 3⁰
225 3404 357 3483 Passio
374 3412 528 3483 sanotae
545 3404 685 3483 Luoiae
703 3405 888 3498 [metrica]
906 3404 982 3505 (fol.
995 3403 1162 3502 ‘ciis-53¹).

90 3538 151 3594 sd.
174 3550 210 3590 ex
231 3536 325 3591 codiee
347 3537 516 3591 Bruxeliensi
539 3539 689 3599 10611719,
712 3543 821 3592 exarato
843 3552 915 3592 saeo.
937 3538 992 3604 xil,
1014 3537 1086 3604 apud
1104 3536 1163 3590 (tui.
1182 3538 1300 3598 Harster‚

49 3642 184 3697 Novem
203 3637 286 3691 vitae
305 3639 487 3692 sanctorum
504 3637 653 3692 metricae
663 3639 778 3705 (Lipsiae
793 3640 876 3704 1877),
889 3654 916 3705 p.
934 3631 1032 3691 iad-tt.
1046 3640 1112 3690 cum
1127 3642 1219 3689 autem
1231 3635 1303 3688 Pari·

50 3741 144 3796 sinus
165 3735 251 3790 codex
267 3736 407 3803 antiquior
423 3736 458 3788 sit
474 3739 502 3788 et
519 3736 661 3791 nonnuliis
683 3737 750 3790 loeis
772 3737 914 3791 manifeste
936 3737 1021 3805 magis
1042 3737 1176 3805 integrum
1200 3739 1301 3787 textum

51 3841 178 3901 referat,
197 3837 335 3890 vadantes
353 3834 496 3904 lectiones,
515 3848 582 3903 quas
600 3836 629 3888 in
648 3849 680 3890 eo
694 3838 858 3904 notavimus,
872 3837 1001 3891 distinete
1014 3838 1058 3890 irie
1071 3837 1201 3889 exhibere
1214 3834 1301 3889 visum

53 3947 114 3996 est
127 3936 193 3991 vid.
206 3936 277 3989 inira
289 3934 414 4002 append.

164 4035 203 4112 1ο
220 4034 305 4112 Vita
323 4033 448 4112 sanati
466 4032 614 4112 Niooiai
633 4034 831 4136 pontificis
849 4035 929 4135 (foi.
951 4034 1111 4135 atr-aar).

88 4171 147 4227 sd.
161 4181 207 4237 ap.
223 4168 281 4222 iiio.
294 4165 465 4222 Carminium
477 4167 646 4235 Fauonium,
659 4169 737 4223 Acta
745 4167 876 4236 ammio.
889 4170 916 4223 S.
930 4167 1064 4236 Nicotai,
1079 4184 1106 4235 p.
1122 4169 1223 4222 iii-id.
