3156 5452
232 345 278 409 82
581 352 706 402 CATAL.
726 350 827 401 CODD·
846 351 1019 404 flsfflooit.
1038 353 1118 405 Lar.

301 525 359 578 tin.
382 525 413 575 lii
436 523 510 589 post
577 520 708 585 pervenit.
745 557 753 571 .
789 558 795 570 .
832 556 840 572 .
885 519 951 573 cod.
976 519 1049 574 add.
1063 535 1162 587 prore.

333 642 350 671 ι
385 623 417 673 tit
432 632 495 686 pro
504 616 750 685 opulentissimus.
787 658 793 671 .
830 657 837 670 .
905 637 921 666 r
972 619 1090 685 opimus.

333 740 349 768 ι
379 719 517 786 penult,
527 728 589 784 pro
602 715 844 782 civitatem-perdu-

613 813 705 868 citur.
742 852 749 868 .
785 854 792 866 .
830 855 837 867 .
905 834 922 862 ι·
972 830 1034 870 oum
1066 819 1188 873 dissonis
1217 823 1333 878 vocibus
1358 824 1416 878 lane

979 915 1259 982 perducitururlrem.

266 1016 385 1071 Deinde
404 1015 440 1066 iu
451 1013 557 1067 codice
577 1010 756 1064 Purisiensi
773 1007 849 1065 ituec
864 1016 1048 1083 sequuntur,
1062 1015 1097 1067 iu
1109 1016 1372 1074 Rubececattenei
1378 1035 1416 1089 pi

231 1115 400 1169 urmusa:

266 1215 411 1280 lupressus
422 1222 488 1278 ergo
500 1213 603 1275 quanta
623 1208 754 1261 exultatio
772 1209 966 1263 universorum
984 1214 1160 1278 occupaverit
1175 1220 1296 1282 mentes,
1315 1231 1396 1272 nemo

230 1317 372 1379 quentum
384 1309 455 1362 ualet
467 1308 603 1374 explicare
615 1319 754 1360 sermone.
768 1310 832 1360 liam
846 1307 924 1360 adest
941 1320 1025 1361 orans
1044 1310 1121 1374 plens
1134 1312 1256 1377 copiosa,
1269 1316 1324 1368 lieo
1333 1314 1399 1368 odas
1412 1335 1416 1359 ι

235 1410 356 1464 raimodis
369 1409 493 1463 reterens
505 1419 554 1473 pro
566 1407 688 1472 largitate
700 1405 807 1471 pietatis
820 1419 895 1471 suae,
909 1419 990 1459 senes
1002 1406 1129 1461 videlicet
1145 1415 1228 1477 atque
1244 1412 1370 1478 iuuenes.
1389 1416 1416 1466 Pr

230 1524 343 1578 quoque
354 1521 406 1576 pro
415 1507 528 1561 modulo
540 1507 581 1560 sui
595 1519 691 1559 sensus
700 1520 763 1559 cum
774 1507 835 1559 altis
845 1507 956 1560 vocibus
965 1506 1092 1561 dicebant
1103 1526 1109 1561 ε
1120 1509 1309 1565 Benedictus
1320 1513 1377 1580 qui
1383 1524 1416 1567 ce

232 1610 265 1662 in
278 1608 403 1663 nomine
416 1605 548 1671 Domini,
561 1605 638 1670 juxta
649 1605 722 1671 quod
736 1605 875 1672 psalmista
888 1607 977 1672 inquit
987 1607 1090 1660 nand:
1111 1609 1160 1661 Ecc
1177 1621 1231 1663 ore
1248 1610 1416 1678 infantium

234 1707 423 1762 metantium
430 1702 597 1771 perfecisti
609 1703 743 1756 luridum.

268 1806 444 1859 praesulatus
454 1816 520 1870 ergo
533 1803 637 1854 locatus
657 1803 686 1854 in
705 1802 781 1868 sede,
803 1808 900 1856 cuncta
923 1803 996 1857 illius
1009 1806 1085 1858 urhis
1098 1806 1191 1872 populi
1202 1811 1313 1862 caterua
1325 1823 1387 1863 mox
1398 1810 1416 1863 ir

235 1905 352 1958 consilio
378 1908 513 1956 renemnt
533 1903 695 1955 necessitate
715 1904 811 1967 coacti,
830 1905 1022 1969 petieruntque
1042 1903 1209 1957 unanimiter
1226 1905 1369 1960 solotenus
1391 1913 1416 1960 st

235 2005 345 2056 beatum
358 2000 514 2068 pontificem
535 2006 566 2053 ut
586 2014 680 2053 eorum
701 2002 845 2066 praeberet
865 2016 1007 2055 assensum
1027 2003 1169 2065 uoluntati,
1184 2004 1238 2056 tale
1250 2006 1276 2057 ei
1289 2006 1382 2060 (lando
1402 2020 1416 2060 a

236 2117 299 2155 men
314 2119 320 2154 :
334 2102 436 2166 Adest,
449 2102 556 2154 sancte
561 2103 675 2167 pastor·
688 2102 832 2165 Rornune,
846 2100 934 2156 uobis
947 2099 1050 2155 hocin
1063 2103 1127 2156 mco
1137 2104 1351 2169 perplurima
1367 2105 1416 2160 itur

236 2213 297 2252 nris
309 2201 482 2264 temporum
500 2197 604 2263 spatia
624 2210 789 2250 suevorum
805 2199 992 2252 daemonum
1010 2198 1180 2266 infestatio,
1199 2202 1349 2267 quonium
1367 2216 1416 2270 per

234 2306 401 2347 murorum
413 2291 506 2358 nepus
518 2293 656 2346 cic-itatis
668 2294 806 2361 corrfinic
817 2297 922 2348 eustut
941 2295 1077 2349 locutum
1083 2297 1191 2363 prisco
1208 2299 1346 2365 tempore
1358 2313 1379 2353 a
1394 2300 1416 2353 et

235 2407 361 2447 monum
372 2391 543 2446 cultoribus
554 2405 678 2446 ermmrre
688 2394 868 2461 aedificium
881 2394 1097 2461 templumque,
1110 2396 1192 2462 quod
1200 2400 1323 2451 constat
1334 2399 1371 2451 in
1382 2412 1416 2452 oc

234 2493 360 2546 ratione
381 2491 521 2544 dicatum
539 2491 697 2559 profanae
727 2493 859 2545 Verceris.
884 2494 937 2546 Est
959 2496 1064 2546 autem
1087 2493 1131 2546 ibi
1146 2496 1175 2546 et
1195 2495 1345 2564 lupanar,
1359 2497 1416 2566 inq

235 2590 436 2645 meretricum
462 2589 550 2657 clepet
567 2588 732 2658 phularrpa
755 2604 818 2644 non
838 2592 969 2658 modica,
984 2591 1197 2647 illecebrosam
1219 2596 1367 2662 opprime
1382 2610 1416 2651 eu

240 2692 342 2744 centes
363 2688 489 2741 ritum:
516 2687 578 2756 ubi,
602 2692 637 2741 ut
665 2689 795 2757 dr’prrum
822 2693 867 2743 est
892 2691 953 2742 tati
971 2691 1006 2742 iu
1031 2692 1160 2759 nepotio,
1183 2694 1260 2746 lutet
1277 2695 1416 2750 daenom

235 2786 407 2856 infestatio,
420 2799 441 2838 u
455 2785 567 2852 quibus
577 2787 709 2841 assidue
716 2788 863 2855 patimur
874 2787 1068 2841 incommodo
1078 2789 1295 2844 incendiorum
1304 2793 1416 2848 necrcel

236 2888 339 2941 lorum
351 2898 459 2939 caiisa.
468 2884 616 2938 Patimur
624 2899 743 2952 quoque
751 2885 917 2940 interlruec
927 2889 1071 2951 o[us]tum
1082 2888 1252 2941 discrimen
1259 2889 1416 2959 obSeqrmr

234 2985 377 3051 lineium,
391 2996 442 3037 res
453 2986 578 3037 nostrus
590 2998 647 3038 suo
660 2984 850 3039 incursionis
858 2984 1163 3054 impetuauferendo,
1175 2987 1399 3057 interdumque
1408 3006 1416 3059 p

232 3081 321 3134 urina
334 3079 494 3134 nominum
503 3079 703 3148 subripiendo
714 3084 903 3136 nostrorum.
922 3083 1004 3135 Unde
1015 3082 1145 3150 devota]
1152 3085 1352 3150 exposcimus
1359 3101 1416 3154 pre

231 3193 271 3234 ne
283 3181 371 3234 uttru
383 3180 473 3233 sinus
484 3192 609 3247 prepcm
616 3179 775 3247 pusillum
787 3181 836 3232 tui
847 3181 1028 3234 dominatus
1045 3182 1142 3235 tantis
1154 3183 1297 3250 pestibus
1309 3184 1416 3255 fatipa

232 3281 326 3334 immo
337 3278 376 3332 ab
389 3279 462 3332 imis
472 3292 621 3346 ropumus
633 3281 668 3332 ut
679 3280 794 3333 coelicis
806 3293 844 3334 uc
862 3280 1008 3333 destrues
1020 3281 1124 3345 tertiis]
1135 3283 1238 3349 operis
1249 3281 1377 3351 fanum.
1392 3290 1416 3339 l*

231 3377 354 3446 pontifex
367 3391 483 3431 serenus
496 3378 676 3444 adquiescens
688 3391 785 3432 eorum
805 3379 941 3444 petitioni,
954 3378 1099 3433 collectum
1111 3381 1204 3447 populi
1218 3390 1328 3435 coetum
1341 3396 1416 3439 omni

231 3491 285 3546 que
298 3477 412 3535 clerum.
426 3489 489 3528 cum
501 3476 629 3530 crucibus
641 3481 806 3543 sanctaeque
818 3479 864 3529 liei
876 3479 1018 3543 genitricis
1030 3480 1128 3532 itariae
1139 3478 1286 3547 pignorum
1301 3485 1416 3537 muneri

230 3576 345 3641 sumptis
358 3575 484 3628 celeriter
496 3581 680 3640 peruenerunt
692 3575 727 3628 acl
739 3578 830 3628 locum
853 3575 1018 3628 destinatum
1042 3592 1048 3628 :
1061 3577 1109 3629 ubi
1127 3577 1256 3631 uirtutem
1274 3587 1416 3635 sumentes

230 3675 295 3733 alto.
308 3670 507 3726 intercessione
520 3672 592 3724 beati
605 3673 717 3725 ltomani
731 3672 877 3738 pontilicis,
890 3686 972 3726 omne
978 3672 1049 3738 illud
1062 3676 1211 3729 nefandum
1229 3677 1264 3729 al)
1280 3677 1347 3730 imis
1358 3679 1416 3733 dest

231 3777 331 3824 xerunt
351 3772 463 3833 ianum3
485 3771 579 3837 sicque
597 3772 726 3824 altisonas
745 3771 861 3824 nomino
880 3779 1030 3839 pangentes
1050 3775 1116 3827 odas
1134 3773 1169 3827 ad
1186 3775 1285 3828 urbem
1298 3781 1416 3844 repedar

229 3869 390 3937 gaudentes,
403 3870 502 3923 exhinc
515 3869 589 3923 nulla
602 3884 652 3936 pro
666 3885 695 3922 re
705 3871 862 3937 hujusmodi
875 3872 1023 3925 tolerantes
1035 3873 1217 3928 incommoda.
1230 3874 1357 3943 lienique
1366 3891 1416 3932 cuu

230 3969 453 4035 suicpisoopatus
462 3969 626 4022 circumiens
639 3970 707 4029 loca,
718 3970 795 4022 serni
805 3971 849 4021 liei
860 3971 964 4022 semina
972 3985 1022 4036 per
1036 3971 1204 4024 audientium
1216 3976 1361 4041 spargebat
1371 3989 1416 4030 eor

229 4069 375 4135 inquirens
390 4068 413 4119 si
426 4067 541 4120 sortasse
554 4067 646 4134 aliqua
670 4074 830 4136 gererentur
854 4082 869 4121 a
881 4082 1019 4136 quoquam
1037 4073 1093 4125 lieo
1105 4084 1196 4124 exosa.
1209 4071 1276 4125 Etsi
1294 4075 1416 4129 inueniet

228 4168 422 4234 delinquentes
443 4168 566 4221 mulestc
587 4170 761 4235 corrigebat;
788 4171 830 4220 sin
853 4175 955 4234 autem,
978 4170 1073 4222 sedule
1093 4173 1289 4225 commonebat
1311 4175 1416 4228 neabo

229 4265 393 4320 recederent
404 4272 432 4319 et
443 4267 514 4319 mala
526 4266 692 4320 omnimodis
704 4266 870 4320 devitarent.
895 4268 1083 4321 sinemurus
1104 4269 1209 4321 interea
1221 4271 1316 4322 omnia
1328 4285 1395 4326 suae
1406 4285 1416 4323 c

229 4364 303 4418 cesis
314 4366 438 4418 loeomm
451 4365 554 4426 abdita.
567 4366 687 4433 quoiam
698 4368 727 4418 in
741 4367 801 4419 loco
813 4367 979 4420 daemonum
992 4368 1113 4433 repperit
1124 4368 1197 4432 lana,
1210 4368 1338 4422 llercurii
1356 4371 1414 4423 scili

228 4469 313 4530 atque
323 4463 468 4529 Apollinis,
489 4465 559 4518 mim
580 4470 689 4530 compta
707 4477 790 4531 opero
804 4477 893 4531 :quae
906 4466 950 4517 Dei
976 4471 1044 4519 nutu
1065 4466 1102 4518 ita
1124 4466 1258 4519 subuertit
1271 4472 1303 4520 ut
1325 4469 1415 4522 neela

228 4575 314 4630 super
323 4561 443 4630 lapidem
457 4568 624 4617 remaneret.
638 4563 686 4616 l'lri
709 4567 800 4617 autem
818 4562 959 4630 quoddam
974 4562 1140 4617 daemonum
1157 4565 1282 4620 culturae
1304 4565 1416 4620 aedilicii
