3136 5482
253 496 452 564 sinqularum
463 493 604 549 codicum
616 490 819 558 descriptioni
821 489 1090 558 praenotavimus,
1104 494 1256 557 quantum
1268 505 1357 546 nosse
1368 494 1481 548 datum

251 595 324 664 fuit,
345 595 428 648 unde
447 594 604 662 quondam
624 589 824 645 bibliothecae
843 590 948 657 reqiae
968 590 1146 644 Parisiensi
1166 592 1253 646 illati
1269 594 1342 659 sirit,
1365 594 1481 647 deinde

251 694 361 762 quibus
372 693 514 747 numeris
526 704 576 746 eos
587 690 746 758 sipnarint
755 689 810 757 qui
818 689 955 755 ejusdcm
964 689 1163 745 bibliothecae
1174 691 1263 744 libris
1272 705 1371 745 incisu
1380 693 1479 759 scrip-

251 795 292 848 tis
304 793 491 848 ordinandis
498 791 671 859 praecipue
682 802 809 857 operam
820 803 861 843 esc
873 791 984 845 ordine
1001 791 1163 855 dederunt,
1177 791 1345 844 eorundem
1357 791 1480 845 scilicet

245 892 369 962 publici
380 893 520 946 custodes
532 891 683 945 Nicolaus
696 890 835 958 Riqault,
846 891 959 944 Petrus
968 892 998 943 et
1004 889 1137 945 lacobus
1146 891 1258 957 Dupuy
1267 904 1322 943 seu
1333 891 1478 957 Puteaui,

249 995 278 1046 et
299 992 449 1047 Nicolaus
473 984 605 1045 illinunt
625 991 672 1051 (de
692 990 804 1057 quibus
825 990 972 1044 videatur
992 991 1124 1044 citatum
1144 1003 1222 1058 opus
1241 991 1306 1044 cab.
1326 991 1374 1044 des
1397 1005 1476 1047 mss„

251 1095 320 1148 tam.
334 1092 359 1158 1,
368 1105 423 1158 pp.
436 1091 537 1151 scibo,
550 1091 653 1157 lbi-bt,
666 1090 777 1154 thubi).
791 1091 909 1144 Horum
927 1091 1084 1156 cataloqos
1102 1088 1308 1143 distinximus
1327 1091 1417 1157 siqlis
1430 1092 1478 1157 R„

250 1191 286 1245 P.
299 1193 328 1244 et
344 1191 372 1245 C.

283 1290 390 1345 Alium
409 1289 550 1344 ordinem
576 1291 610 1342 in
631 1289 842 1344 describendis
864 1288 1020 1344 codicibus
1039 1289 1280 1356 praeficendum
1302 1288 1390 1342 nobis
1413 1302 1479 1343 non

249 1390 402 1444 duximus
413 1403 507 1456 quam
519 1390 660 1457 ipsorum
673 1389 783 1457 quibus
797 1390 915 1456 jamin
926 1387 1118 1443 Bibliotheca
1137 1388 1303 1442 Nationali
1313 1389 1478 1456 desiqnan

250 1493 304 1544 tur
314 1502 526 1543 numerorum.
540 1491 694 1556 Adamas,
707 1502 767 1556 quo
783 1490 878 1543 citius
891 1502 927 1542 ea
940 1501 1020 1557 quae
1036 1487 1167 1554 maioris
1178 1487 1326 1542 momenti
1339 1487 1478 1541 videren-

249 1589 349 1642 turin
359 1588 521 1657 publicam
536 1590 635 1643 lucem
650 1590 786 1656 prodere
799 1590 983 1655 valeranus,
992 1588 1098 1656 priuso
1118 1588 1331 1642 continuimus
1349 1601 1478 1655 operum

249 1690 390 1742 nostram
403 1688 490 1742 intra
511 1701 619 1742 eorum
630 1689 743 1743 seriem
760 1691 816 1757 qui
835 1689 1028 1757 antiquiores
1040 1691 1114 1742 sunt
1131 1690 1256 1743 saeculo
1269 1688 1362 1741 XVI:
1373 1700 1476 1741 recen-

250 1783 345 1839 tiores
365 1785 448 1839 enim
454 1788 643 1854 plerumque
661 1787 790 1842 nonnisi
804 1787 916 1842 horum
936 1786 1119 1855 apoprapha
1139 1785 1293 1848 exhibent,
1306 1786 1355 1838 vel
1373 1797 1477 1838 recen·

249 1884 351 1938 siones
374 1884 566 1939 moderniori
588 1899 662 1939 aevo
685 1885 904 1954 concinnatas,
928 1899 1008 1954 quae
1026 1887 1162 1953 proinde
1183 1899 1247 1940 non
1269 1886 1315 1938 ita
1339 1886 1478 1938 veterum

249 1987 520 2038 monumentorum
533 1988 599 2040 loco
611 1985 770 2040 habendae
779 1988 862 2040 suist.
873 1986 1005 2055 Propter
1014 1986 1150 2040 similem
1158 1986 1322 2051 rationem,
1335 1996 1398 2037 non
1410 1982 1478 2050 qui·

249 2081 319 2135 dern
328 2094 464 2149 prorsus
476 2083 514 2137 ab
526 2084 651 2139 elencho
662 2087 769 2139 nostro
781 2083 988 2150 eliminanda,
999 2085 1053 2137 sed
1062 2084 1096 2136 in
1104 2083 1357 2150 supplementum
1366 2080 1480 2134 ultimo

249 2180 316 2247 eius
329 2183 408 2236 tomo
420 2186 649 2238 annectendum
660 2185 789 2252 rejicere
800 2185 902 2238 visum
921 2186 966 2237 est
978 2182 1146 2237 Brevioria
1163 2184 1193 2236 et
1205 2180 1274 2235 alia
1285 2181 1480 2234 collectanea

250 2278 497 2350 haqioqraphica
509 2298 589 2351 quae
600 2283 667 2351 fere
680 2285 817 2340 lacinias
829 2286 953 2338 tantum
966 2284 1015 2337 vel
1026 2281 1207 2349 compendia
1226 2281 1368 2334 vitarum
1380 2278 1476 2333 conti-

249 2382 323 2433 nent
344 2381 427 2435 inter
447 2383 683 2439 celebrationem
695 2384 790 2452 officii
808 2383 954 2438 canonici
972 2382 1147 2449 recitanda,
1169 2380 1251 2435 sicut
1264 2381 1293 2433 et
1314 2378 1479 2446 eaanqelia

249 2479 430 2548 apocrypha
442 2496 521 2550 quae
538 2484 614 2537 Vitis
625 2487 807 2538 sanctornm
818 2483 1004 2537 intermista
1015 2495 1078 2538 non
1089 2483 1174 2536 sunt.

282 2579 365 2644 lam,
378 2582 459 2648 quod
471 2582 514 2635 ad
531 2583 634 2650 ipsam
645 2585 898 2637 documentorum
919 2584 1127 2637 recensionem
1133 2581 1282 2650 pertinet,
1298 2581 1426 2633 nullum
1438 2592 1480 2632 ex

250 2678 291 2732 iis
299 2682 618 2746 praetermittendum
630 2682 882 2736 euistimavimus
891 2697 971 2750 quae
982 2683 1025 2737 ad
1036 2685 1218 2737 sanctorum
1228 2683 1315 2749 qesta
1327 2680 1481 2747 ipsorum·

250 2791 309 2844 que
319 2780 441 2833 cultum
453 2780 773 2848 illustrandajnvare
790 2785 914 2851 queant,
923 2785 1053 2850 praeter
1073 2782 1144 2850 ipsa
1156 2781 1325 2835 eorundem
1344 2778 1476 2846 scripta,

250 2877 315 2930 nisi
334 2891 397 2945 qna
417 2877 500 2945 forte
518 2881 728 2947 sinputariter
740 2883 783 2936 ad
803 2881 969 2937 historiam
981 2882 1064 2936 vitae
1075 2882 1207 2935 illorum
1226 2881 1370 2946 spectent,
1383 2880 1414 2931 et
1425 2876 1478 2943 hp-

250 2991 338 3032 mnos
355 2979 393 3033 de
413 2980 533 3035 sassctis
545 2982 700 3035 recentius
711 2982 902 3050 conscriptos
914 2982 970 3050 qui
982 2984 1062 3037 locos
1075 2980 1289 3035 tantummodo
1300 2989 1479 3032 communes

251 3078 299 3130 vel
310 3079 468 3147 synopsim
481 3080 632 3135 historiae
642 3096 683 3135 eu
692 3082 775 3137 Actis
787 3084 922 3137 aliunde
929 3084 1012 3137 notis
1023 3086 1203 3150 encerptam
1211 3081 1365 3149 referunt.
1378 3080 1476 3134 Docu-

250 3177 355 3229 menta
376 3180 481 3232 autem
501 3180 655 3233 recensita
675 3180 730 3234 ubi
741 3182 823 3248 tppis
843 3195 992 3249 supressa
1018 3183 1164 3249 teqantur
1181 3178 1400 3245 indicavimus,
1413 3188 1480 3230 non

250 3273 298 3328 ita
310 3277 415 3330 tamen
426 3280 462 3331 ut
474 3280 516 3332 ad
523 3280 835 3346 praestantissimam
854 3293 962 3335 eorum
974 3281 1141 3335 editionem
1151 3292 1272 3347 semper
1283 3278 1478 3343 remittatur,
1512 3349 1516 3357 .

249 3374 304 3427 sed
310 3376 419 3442 potius
432 3378 474 3430 ad
486 3378 563 3432 illas
575 3379 770 3434 collectiones
788 3394 868 3448 qnae
881 3382 914 3433 in
926 3380 1115 3435 bibliothecis
1127 3380 1240 3433 saltem
1247 3377 1386 3446 publicis
1398 3375 1479 3444 faci·

251 3473 314 3527 lius
329 3476 454 3542 passim
475 3478 689 3546 reperiuntur,
714 3480 825 3547 qualia
847 3483 921 3534 suist
944 3483 1008 3532 hsta
1031 3481 1190 3533 sanctorum
1215 3491 1236 3531 n
1259 3474 1478 3532 bollandianis

249 3570 472 3643 haqioqraphis
484 3577 578 3644 edita,
591 3581 654 3631 Acta
667 3584 828 3633 Sanctorum
841 3579 949 3633 ordinis
969 3581 995 3632 S.
1010 3578 1159 3642 Benedicti,
1172 3575 1356 3644 Patrolaqia
1369 3574 1475 3628 latina

249 3671 294 3733 (P.
309 3673 354 3738 L.)
364 3677 394 3727 et
406 3676 588 3744 Potroloqia
598 3691 714 3745 praeca
727 3680 772 3744 (P.
794 3679 849 3745 G.)‚
862 3693 941 3746 quas
953 3654 1093 3745 vuuuvn'
1103 3678 1213 3746 hiique,
1226 3679 1256 3729 ct
1267 3678 1369 3730 cetera
1382 3673 1478 3726 istius

247 3772 381 3838 sciuris.
397 3775 480 3833 Quae
497 3778 603 3830 autem
615 3778 649 3830 in
663 3778 730 3832 illis
750 3779 952 3847 documentis,
968 3780 1066 3846 prout
1087 3778 1121 3830 in
1141 3776 1297 3832 codicibus
1317 3773 1481 3828 Parisinis

249 3868 389 3926 euhibita
403 3873 558 3943 lepuntur,
571 3876 609 3929 ab
621 3878 776 3932 editorum
789 3881 877 3932 teutu
888 3879 1077 3946 discrepant,
1090 3877 1277 3945 sinqulatim
1287 3873 1479 3930 natavimus.

253 3971 338 4029 Ossae
357 3986 428 4027 vero
444 3987 579 4042 prorsus
600 3978 720 4032 inedita
732 3983 806 4033 sunt
818 3982 867 4034 vel
886 3979 1115 4033 reservavimus
1137 3979 1220 4031 inter
1231 3977 1359 4030 Analecta
1372 3973 1480 4027 Bollan-

250 4069 330 4123 diana
343 4084 417 4125 mon
431 4072 626 4142 proferendo
643 4078 864 4144 (quaescilicet
875 4077 943 4147 fere
961 4078 1093 4146 majoris
1113 4075 1261 4131 momenti
1279 4070 1479 4137 videbantur)

249 4169 297 4221 vet
309 4169 343 4221 in
354 4171 530 4238 Appendice
541 4175 583 4227 ad
603 4176 747 4244 sistqulas
758 4177 900 4231 codicum
917 4176 1139 4244 descriptiones
1157 4173 1220 4241 ipsi
1236 4171 1309 4226 huic
1330 4170 1480 4236 θαίαῑορο

248 4263 450 4322 inseruimus.
464 4272 520 4323 Sed
532 4269 583 4326 hic
602 4285 718 4326 rursus
738 4275 893 4340 quaedam
913 4273 952 4327 ab
964 4272 1023 4328 hac
1042 4285 1155 4327 norma
1175 4268 1361 4337 suscipienda
1373 4264 1478 4335 ficere.

248 4365 409 4420 Nimirum
430 4370 590 4425 Miracula
602 4374 718 4426 Beatae
745 4374 880 4441 Virqinis
891 4373 1047 4441 Desperae
1066 4370 1189 4426 Mariae
1200 4370 1277 4424 adeo
1294 4367 1396 4421 nsulta
1403 4379 1481 4433 pns-

248 4463 309 4517 sim
320 4472 526 4522 occurrerunt
544 4473 588 4536 ut,
602 4472 632 4524 si
649 4484 860 4539 nicaenumque
879 4471 983 4527 adhuc
1000 4472 1086 4525 edita
1105 4483 1169 4525 non
1180 4467 1375 4537 repperimus
1393 4466 1482 4533 typis

250 4568 488 4631 repraesustnre
516 4571 674 4637 vellemus,
700 4571 833 4639 inqeutis
863 4571 955 4626 inviis
977 4572 1122 4625 volumen
1151 4569 1348 4637 complerent.
1374 4567 1484 4634 Neque
