3136 5482
516 349 639 400 cartu.
658 347 761 399 cobb.
780 345 954 399 HAGIOGR·
972 346 1052 399 bar.

515 566 724 679 Appendix
743 565 793 655 ed
814 565 896 657 cod.
925 564 1049 656 5283.

280 800 360 848 vira
376 801 405 848 s.
424 800 526 848 uauor
541 800 647 849 emsa.
666 798 946 848 oousraurmusrs
963 779 1045 866 (Cir.
1067 799 1183 867 supra,
1201 782 1279 871 20⁰).

169 971 298 1045 Incipit
313 974 483 1046 prologus
497 971 597 1031 vitae
610 970 709 1031 beuti
723 970 840 1031 Laudi
854 971 1070 1032 contessoris
1084 973 1200 1046 etque
1211 971 1366 1047 perdide

527 1084 622 1144 quae
636 1065 717 1150 [est]
733 1085 759 1129 x
776 1072 851 1131 irai.
866 1070 1034 1132 octobris.

198 1268 226 1319 1.
238 1267 371 1332 Quoniam
383 1265 559 1332 omnipotens
570 1261 700 1317 ineffabili
723 1265 824 1331 pictate
836 1263 983 1331 dispositor
999 1270 1166 1320 cunctarum
1178 1280 1269 1321 rerum
1278 1266 1303 1323 iu
1311 1264 1367 1321 caelo

163 1372 191 1421 et
200 1367 229 1420 iu
241 1375 322 1431 terra,
336 1365 445 1418 inmari
458 1369 486 1417 et
506 1365 535 1416 in
547 1364 676 1417 omnibus
689 1364 804 1432 abyssis,
817 1364 950 1418 Dominus
970 1369 1064 1419 noster
1083 1367 1166 1419 iesus
1186 1365 1387 1436 [cbristuslpril

161 1464 267 1519 mordia
278 1465 349 1519 vitae
361 1468 472 1517 nostrae
484 1464 513 1515 in
532 1463 605 1516 bono
628 1463 768 1530 stabilivit,
781 1467 808 1515 et
821 1463 959 1517 foedatum
981 1464 1063 1530 prlmi
1084 1466 1212 1531 parentis
1231 1466 1367 1533 praevaliae

160 1566 236 1619 tione
256 1577 379 1619 cosmum
404 1564 472 1630 ipse,
493 1563 540 1630 qui
570 1568 613 1616 est
635 1576 744 1616 summa
767 1562 887 1630 bonitas,
913 1562 1147 1631 redintegratione
1170 1564 1239 1619 boui
1262 1566 1367 1621 10110011

162 1664 267 1731 Quique
279 1663 432 1730 praesentia
454 1662 608 1716 inedicibili
620 1667 708 1715 semet
728 1662 809 1716 nobis
821 1661 990 1715 manifestari
1011 1663 1040 1715 in
1055 1667 1198 1730 posterum
1220 1665 1368 1720 tremente

163 1769 191 1817 et
202 1765 319 1817 intactae
332 1769 411 1816 utero
423 1761 535 1829 virginis
555 1761 651 1828 voluit,
664 1761 826 1815 multimodo
839 1762 995 1831 stigmatum
1015 1762 1148 1832 indagine
1160 1766 1267 1830 priores
1277 1766 1367 1833 priuos

165 1877 219 1930 que
230 1867 322 1930 patres
335 1863 418 1916 iortes
429 1873 461 1914 ac
473 1861 600 1915 robustos
612 1860 731 1914 reddidit
752 1861 892 1915 famulatui
905 1874 965 1925 suo,
980 1862 1150 1928 patriarchas
1171 1864 1275 1919 scilieet
1286 1870 1310 1919 el
1323 1862 1397 1931 preli

165 1962 270 2032 phetas,
282 1962 329 2028 qui
342 1961 425 2014 veluti
438 1960 526 2013 leonis
538 1959 699 2013 tortitudine
713 1961 872 2014 meritorum
885 1960 1011 2014 vicerunt
1022 1961 1133 2015 bostem
1146 1964 1288 2032 antiquum
1297 1962 1368 2018 diale

165 2062 284 2129 lumqui
293 2060 470 2127 persuasione
480 2072 529 2112 sua
538 2072 649 2113 omnem
658 2060 824 2112 contriverat
833 2058 967 2113 muudum
977 2065 1004 2113 et
1012 2063 1137 2117 versutia
1147 2076 1214 2117 suae
1223 2063 1370 2133 rmliguitatis

164 2174 273 2215 omnem
285 2160 337 2213 sibi
350 2159 540 2226 subiugaverat
550 2163 660 2212 terram.
671 2158 774 2212 Deinde
786 2157 937 2211 inedicibili
947 2172 1013 2213 suae
1023 2160 1135 2225 pietatis
1144 2175 1262 2217 munere
1269 2161 1370 2231 digmus

163 2263 251 2317 visere
263 2265 359 2323 terras,
373 2260 469 2312 sortem
482 2263 617 2311 armatum
630 2257 743 2322 attrivit,
753 2258 813 2323 ejus
826 2257 913 2323 spolia
924 2257 1073 2323 distribuit,
1084 2260 1237 2329 ipsumque
1248 2263 1369 2315 leviatum

165 2363 244 2415 hamo
256 2372 323 2413 suae
334 2359 531 2412 iucarnationis
543 2358 683 2424 occupavit
694 2357 802 2424 sibique
813 2361 936 2411 sanctam
947 2357 1099 2412 Ecclesiam
1121 2372 1253 2425 sponsam
1264 2356 1398 2429 elegitetll

164 2461 222 2528 ipse
233 2459 294 2513 vitis
315 2459 415 2511 mullos
428 2457 554 2523 palmites
566 2456 696 2509 virtutum
718 2456 909 2523 bonommque
921 2469 1035 2523 operum
1057 2456 1184 2513 claritate
1205 2460 1270 2514 iecit
1286 2456 1369 2513 lucidus

165 2572 197 2612 ac
208 2570 347 2619 coruscos,
362 2561 392 2609 ut
403 2556 531 2608 frustrato
544 2554 618 2607 lividi
638 2554 724 2607 bostis
745 2555 896 2620 molimine,
910 2554 1008 2608 tierent
1027 2554 1077 2608 lilii
1090 2569 1124 2610 ac
1144 2564 1266 2613 rectores
1282 2560 1369 2611 metat

165 2658 258 2710 matris
271 2655 416 2719 Ecclesiae,
426 2654 538 2721 jamque
553 2665 602 2719 spe
624 2653 741 2719 provecti
762 2653 953 2720 promissionis
974 2666 1113 2719 supernae
1125 2660 1154 2709 et
1175 2656 1218 2709 dsi
1239 2658 1368 2712 deaetem

161 2753 343 2823 jucunditate,
356 2753 431 2820 parvi
443 2752 596 2819 penderent
607 2752 662 2804 ima
674 2752 756 2819 butus
767 2753 838 2805 vitae
850 2752 879 2804 in
892 2753 1095 2819 comparatione
1106 2754 1246 2811 felicitatis
1255 2762 1366 2811 aeleme-

162 2858 234 2919 Quos
247 2853 378 2906 bomiuus
389 2850 515 2905 conditor
524 2855 617 2904 noster
629 2850 657 2903 in
670 2855 744 2905 10010
757 2851 921 2904 exaltatione
933 2853 1067 2919 provexit,
1080 2859 1111 2906 ut
1124 2855 1155 2907 in
1166 2867 1278 2909 omnem
1288 2846 1395 2909 100111

163 2966 247 3006 sonus
259 2964 354 3004 eorum
367 2951 453 3002 exiret
473 2949 541 3003 etin
557 2948 626 3002 lines
637 2950 712 3003 orbis
723 2955 812 3003 terrae
832 2951 915 3004 verba
928 2964 1023 3005 eorum
1044 2952 1254 3022 divulgarentur
1264 2968 1308 3023 per
1323 2963 1364 3005 ere

161 3051 285 3104 dentium
306 3062 364 3103 ora.
377 3051 495 3112 Quorum
517 3049 614 3101 merita
635 3049 736 3101 micant
753 3061 803 3114 per
824 3061 897 3115 arva,
916 3054 947 3102 ut
967 3062 1064 3103 eorum
1084 3050 1243 3107 interventu
1264 3058 1290 3106 et
1306 3054 1363 3105 enti

162 3151 310 3203 daemones
322 3145 475 3215 effugentur
487 3148 522 3200 ab
531 3147 652 3201 obsessis
662 3148 831 3213 corporibus,
842 3148 930 3201 morbi
942 3153 1076 3202 curentur
1088 3148 1248 3218 humaui,et
1258 3145 1361 3220 quiquid

161 3254 202 3303 est
221 3247 328 3300 virtutis
348 3247 500 3299 contrariae
521 3259 617 3299 eorum
638 3247 760 3312 privetur
782 3247 994 3299 interventione.
1008 3250 1045 3300 be
1067 3259 1188 3314 quorum
1209 3247 1362 3304 contubernio

160 3349 256 3402 beatus
267 3346 375 3399 baudus
387 3347 474 3399 extitit
485 3345 586 3399 ardens
598 3359 691 3399 amore
703 3346 766 3399 tidei
778 3347 852 3400 velut
863 3346 933 3413 ignis
946 3346 975 3398 in
986 3346 1080 3409 domo,
1090 3353 1122 3402 ut
1134 3350 1196 3416 ejus
1205 3350 1251 3416 pio
1262 3342 1390 3413 menplrb

161 3447 297 3502 Ecclesiae
313 3447 411 3498 (ibristi
429 3449 574 3513 augeretur
594 3445 734 3498 tortitudo.
747 3447 829 3512 cujus
841 3446 878 3497 ita
898 3451 964 3498 sunt
976 3445 1073 3499 crebra
1094 3447 1287 3502 miraculorum
1297 3446 1361 3514 s‘gut

160 3552 190 3600 ut
202 3560 253 3601 neo
265 3546 428 3612 scriptorum
439 3544 551 3610 quidem
561 3549 643 3610 queat
655 3544 886 3610 comprehendere
898 3544 996 3612 pagina
1006 3563 1014 3611 ;
1024 3546 1074 3599 sed
1084 3559 1100 3599 e
1109 3546 1237 3612 plurimis
1247 3550 1363 3603 exerentes

161 3660 255 3713 pauca,
268 3651 405 3698 vertamus
417 3645 510 3697 stilum
523 3644 558 3698 ad
570 3644 629 3711 ejus
641 3644 684 3709 pia
697 3643 847 3696 intimanda
856 3649 942 3710 gesta,
952 3649 1035 3710 prout
1046 3644 1177 3713 docuerit
1188 3649 1273 3701 virtus
1283 3646 1362 3698 dum

162 3745 357 3825 uxpuotttt

162 3942 316 4023 Inclpl[t]
343 3945 422 4004 vita
438 3947 517 4016 jem
538 3944 606 4004 rati
631 3945 729 4006 beati
750 3945 866 4006 Laudi
887 3945 1102 4006 contessoris
1123 3947 1260 4009 christi
1279 3938 1399 4020 ecquod

679 4045 865 4117 pontilicis.

194 4236 226 4289 2.
240 4238 277 4289 lio
290 4240 422 4302 tempore,
436 4250 490 4302 quo
511 4238 700 4291 childebertus
721 4238 823 4304 optime
835 4218 862 4291 et
882 4237 1033 4291 secundum
1054 4241 1102 4292 bei
1124 4241 1255 4296 timorem
1275 4239 1373 4294 mutue

162 4349 281 4401 nemque
301 4336 421 4400 priorum
438 4350 532 4404 regum
554 4340 718 4390 Francorum
741 4338 816 4403 regni
839 4338 949 4405 regebat
969 4338 1101 4401 habenas,
1115 4339 1216 4394 beatus
1237 4344 1375 4396 Possesot·

161 4434 334 4486 constantiae
347 4435 462 4487 civitatis
474 4436 627 4502 episeopus,
640 4436 789 4489 multorum
812 4435 1004 4489 miraculorum
1026 4437 1112 4504 signis
1131 4437 1279 4507 edirlgens.
1292 4439 1378 4493 mullos

162 4533 190 4585 in
204 4532 256 4585 llde
268 4545 343 4586 sacra
356 4535 482 4601 exemplo
502 4541 530 4588 et
546 4549 629 4602 opere
650 4538 798 4602 roboravit,
812 4538 992 4603 propriaeque
1012 4537 1130 4590 diocesis
1152 4553 1306 4609 peragrans
1320 4532 1408 4595 locui

161 4641 226 4684 oves
238 4631 290 4682 sibl
302 4633 460 4686 commissas
472 4648 488 4687 a
498 4634 594 4701 jaculis
616 4635 769 4688 infestantis
789 4634 903 4699 inimici,
916 4635 963 4701 qui
975 4640 1005 4687 ut
1016 4633 1060 4687 leo
1073 4635 1191 4703 rugiens
1203 4639 1301 4695 circuit
1311 4650 1383 4709 quae
