3136 5482
196 338 259 405 192
532 353 657 403 cnunc.
678 353 779 402 cono.
800 352 971 404 atomon.
991 353 1071 404 car.

27 537 92 597 [Lug
108 537 156 597 ng]
388 521 462 575 Piedi
475 523 607 588 peccanti,
622 525 701 587 Deus,
715 527 743 575 at
754 528 798 575 tua
811 523 912 576 iamina
926 523 1002 589 tanti,

387 622 461 674 cissis
473 626 609 689 protector
621 621 797 689 clemensque
809 636 858 688 per
869 624 960 676 omnia
973 627 1078 688 rector3

383 722 509 787 Quosque
522 725 585 774 tuae
597 720 663 787 legis
674 720 718 787 pie
728 720 834 787 justitia
847 720 991 783 decorasti,

384 821 489 872 Praesta
502 819 611 872 carnale
621 819 678 886 jam
688 820 823 886 justitium
836 832 976 886 superare,

379 919 548 985 servitioque
559 931 636 972 sacro
648 920 753 972 uinctos
766 919 813 971 tibi
826 919 943 973 subdere
957 920 1036 972 colla.

381 1019 492 1070 scansio
505 1017 602 1083 ielicis,
615 1019 743 1086 petimus,
756 1017 902 1072 uirtutibus
913 1018 992 1071 almis

380 1120 465 1170 Ducat
476 1117 510 1170 ad
523 1117 625 1171 excelsi
639 1132 688 1185 per
701 1124 728 1172 ιε
740 1118 845 1185 fastigia
858 1118 944 1185 regni,

378 1219 538 1271 Sanctorum
556 1217 659 1270 meritis
672 1216 920 1271 intervenientibus
933 1220 1042 1283 trorum,

379 1317 412 1368 ttt
423 1329 474 1370 nos
486 1317 514 1368 in
527 1317 610 1370 caelis
620 1317 710 1371 videat
721 1330 799 1370 saera
811 1317 879 1372 risio
892 1317 965 1385 pacis

378 1418 413 1468 Ar
426 1429 521 1470 oroma
534 1421 611 1470 tunm
623 1429 674 1470 nos
683 1417 781 1485 jungat
792 1418 821 1470 in
833 1430 896 1471 arce
908 1416 1044 1484 potorum,

379 1516 447 1582 ipsis
457 1522 488 1569 ut
503 1515 597 1569 laudes
610 1516 658 1569 tibi
670 1516 893 1585 congeminemus
906 1520 1027 1571 ovantes.

377 1618 447 1668 sane
459 1615 567 1670 mortali
580 1615 644 1668 dum
657 1628 771 1682 corpore
782 1616 908 1683 degimus
921 1616 982 1682 ipsi,

375 1716 396 1766 tt
408 1720 500 1768 nostra
512 1716 593 1783 longe
605 1716 812 1784 peregrinantes
826 1716 908 1769 simul
920 1716 997 1780 urhe,

375 1816 500 1869 Currenti
512 1816 585 1881 plebi
597 1816 669 1870 bona
682 1830 727 1869 res
738 1820 811 1870 extat
821 1815 947 1870 meditari

374 1916 431 1977 Quo
444 1919 520 1980 pacto
533 1914 640 1982 regredi
654 1928 738 1981 prope
747 1916 859 1982 jamjam
871 1920 953 1983 queat
964 1917 1037 1969 urbi.

373 2014 489 2077 Christo,
503 2014 586 2073 salus.
600 2027 659 2082 pax,
673 2014 799 2068 diadema
811 2013 928 2078 dierum,

375 2115 450 2168 Vitae
463 2115 553 2169 dando
565 2115 635 2179 dies,
649 2117 693 2169 lux
707 2116 787 2169 nobis
799 2130 851 2182 pax
862 2128 972 2184 quoquc
984 2115 1043 2171 ties.

375 2216 421 2267 Ast
433 2220 462 2267 ut
474 2227 555 2282 posse
568 2216 606 2269 tui
620 2214 726 2268 dederit
739 2214 875 2268 miseratio
888 2215 982 2271 servis.

376 2315 424 2365 iiic
434 2313 616 2367 insistendum
629 2315 709 2367 nobis
721 2318 763 2367 est
774 2311 967 2381 particulatim,

374 2413 432 2466 illic
443 2412 614 2480 implendum
628 2414 702 2481 quod
714 2413 796 2466 detur
808 2414 996 2477 continuatim,

376 2515 406 2564 tit
418 2512 612 2566 benedicamus
624 2518 660 2580 te,
675 2528 731 2577 rex,
745 2515 774 2564 in
786 2519 909 2579 tempore
919 2514 987 2580 jugi,

373 2614 403 2664 ut
415 2617 461 2665 tua
474 2612 533 2666 iaus
545 2625 613 2678 pure
625 2618 718 2666 nostro
731 2613 767 2665 sit
778 2626 887 2679 semper
898 2612 927 2663 in
941 2624 997 2665 ore.

370 2712 443 2773 Quae
456 2711 519 2764 lieet
530 2712 559 2763 iu
572 2712 664 2777 lingua
678 2713 827 2776 peccatoris
840 2709 962 2778 speciosa

370 2813 429 2864 iton
441 2812 476 2863 sit
488 2815 517 2863 ut
528 2818 570 2865 est
580 2811 704 2879 dignum,
717 2817 809 2865 tamen
822 2816 862 2865 est
874 2811 1036 2879 perpulchra
1049 2810 1162 2865 beatum

371 2911 444 2963 inter
456 2915 611 2964 sanctorum
624 2915 788 2964 conuentum
799 2911 899 2978 jugiter
910 2910 997 2973 illum,

371 3009 419 3071 Qui
432 3021 501 3062 nova
513 3009 641 3063 decantat
653 3009 700 3062 tibi
713 3009 817 3061 cantica
827 3009 938 3077 jugibus
951 3009 1075 3074 hp¹mnis3

368 3112 425 3171 Quo
439 3122 506 3175 puer
517 3110 640 3176 egregius
654 3108 773 3174 cyricus,
787 3109 830 3176 pia
844 3114 929 3161 mater
940 3115 967 3161 et
979 3109 1049 3175 ejus.

366 3209 472 3260 sanctis
485 3206 584 3261 addicti
599 3209 698 3261 retinet
709 3222 778 3274 quos
791 3209 866 3261 curia
879 3209 958 3269 caeli,

365 3306 557 3360 collaudantes
569 3314 596 3359 te
610 3307 744 3360 laetantur
757 3307 918 3374 prodouose.

364 3408 484 3469 Quorum
498 3406 627 3473 praecelsi
641 3407 792 3459 recolentes
804 3407 902 3475 gaudia
916 3407 976 3460 sesti

365 3506 401 3556 Ae
414 3504 568 3558 attollentes
580 3504 724 3571 magnalia,
738 3504 850 3559 caelitus
862 3503 916 3557 illis

364 3608 437 3668 Quae
449 3605 520 3658 bene
532 3605 667 3658 concessit
678 3604 751 3656 hona
763 3607 848 3671 gratia
862 3603 960 3658 tradita
971 3605 1065 3672 gratis.

366 3707 449 3758 voces
462 3705 597 3758 extollunt
608 3709 634 3757 te
647 3708 767 3771 nostrae,
781 3707 807 3755 te
819 3702 992 3756 benedicunt.

307 3806 362 3856 xl.
398 3806 417 3856 0
430 3817 477 3857 rex
489 3804 650 3868 saeclorum,
663 3804 708 3870 qni
721 3803 811 3856 trinus
823 3803 932 3855 nocens
944 3805 971 3855 et
981 3814 1066 3863 unus,

362 3903 450 3972 Dirige
459 3905 516 3969 jam
527 3908 634 3971 gentem
648 3916 697 3968 per
709 3902 825 3956 crimina
840 3900 923 3954 multa
935 3904 1072 3955 ruentem.

363 4005 466 4057 Oiieus
478 4003 620 4067 immense,
635 4002 681 4068 qui
693 4002 769 4055 verbi
783 4000 903 4068 percutis
921 4013 996 4066 ense,

362 4105 398 4154 iia
411 4103 489 4156 notris
502 4101 595 4166 verba,
607 4113 750 4155 vescamur
762 4107 794 4154 ut
806 4101 922 4154 aetheris
934 4100 1029 4164 herba,

362 4200 411 4262 Qui
423 4199 490 4253 iacis
502 4200 530 4253 in
543 4199 623 4252 terris
635 4197 758 4266 insignes
770 4212 814 4252 res
827 4203 853 4252 et
865 4199 895 4252 in
909 4200 988 4252 astris
1000 4217 1007 4263 ;

360 4302 451 4366 deque
463 4303 614 4353 creatorem
627 4303 760 4352 testamur
773 4299 880 4352 mittere
893 4311 982 4352 rorem

362 4400 432 4452 ilaec
444 4397 478 4450 ad
490 4403 564 4466 terga
576 4397 638 4463 soli,
651 4397 717 4465 quie
729 4410 809 4464 posse
822 4401 915 4450 manet
927 4396 975 4450 tibi
988 4396 1048 4450 soli.

362 4501 447 4566 inque
460 4500 514 4552 tuis
526 4498 628 4552 sanctis
640 4511 722 4566 quam
734 4496 930 4566 glorificandus
942 4496 1063 4562 haberis,

361 4598 410 4661 Qui
423 4599 624 4665 pompenico,
640 4610 696 4651 non
709 4597 767 4650 aeri
780 4602 903 4663 tempore
918 4596 1010 4661 trimo,
