3136 5482
165 320 233 386 528
512 334 637 384 carm.
657 334 759 385 conn.
778 335 953 386 asmona.
971 334 1053 386 nur.

166 504 218 557 nis
230 515 325 568 meae,
340 505 376 555 ut
387 500 553 569 fraternae
563 503 710 556 caritatis
727 502 904 570 obsequium
921 502 1009 556 eirca
1021 513 1072 554 me
1088 499 1280 567 exhibentes,
1291 511 1370 567 corpu

167 606 290 659 sculum
301 617 404 657 meum
416 605 608 671 sepulturae,
617 604 759 656 animam
770 602 976 656 beatitudinis
986 601 1265 671 uestraepreeibus
1273 600 1373 656 Domino

166 704 393 758 commendetis.
407 704 482 756 Ecce
492 703 622 770 epojarn
633 701 726 755 senui
736 705 765 756 et
784 704 904 769 tempus
916 701 1121 756 resolutionis
1130 680 1249 755 ¹instat.
1264 699 1374 760 Qum
1419 678 1423 699 Ι

164 803 255 870 pinta
267 802 333 855 dies
345 814 402 869 me,
415 801 546 869 obsecro,
556 802 715 869 sustinete,
726 804 755 855 et
767 801 920 854 mundum
930 801 1254 867 relinquemusque
1263 798 1375 854 bonine·

165 902 348 967 spiritualium
360 902 445 968 gratia
457 899 604 967 donorum,
618 903 662 953 cui
674 901 765 954 exttus
778 901 819 954 sui
831 900 905 955 diem
919 899 1081 967 praevidere
1094 912 1264 954 concessum
1274 904 1321 952 en
1330 896 1398 962 onii

166 1001 371 1067 consummatis,
385 1006 415 1053 ut
432 999 614 1066 praedixerat,
627 999 809 1068 quadraginta
829 1000 937 1065 diebus,
950 999 1159 1067 nonagenarius
1180 1006 1210 1053 et
1231 996 1379 1066 sepimmu

167 1101 292 1167 migravit
302 1112 318 1152 a
330 1100 450 1153 saeculo.

199 1200 231 1251 ⁷.
245 1201 353 1252 Factum
367 1205 407 1252 est
427 1204 519 1252 autem
532 1205 593 1266 post
612 1198 718 1267 aliquot
730 1200 791 1254 dies
811 1213 861 1269 ego
873 1201 985 1267 loseph,
999 1200 1082 1266 nujus
1103 1199 1194 1266 patris
1208 1198 1297 1252 nostri
1306 1198 1380 1250 m

166 1298 238 1352 nerii
250 1299 439 1352 admirabilem
451 1300 533 1352 vitam
554 1300 655 1365 scripto
671 1300 771 1354 editam
785 1300 814 1353 in
835 1300 995 1353 memoriam
1008 1303 1189 1365 posterorum
1209 1297 1306 1352 volens
1318 1295 1382 1349 reiis-

165 1411 259 1464 quere‚
272 1399 348 1463 coepi
361 1399 480 1464 primum
493 1400 528 1452 ab
544 1399 602 1466 ipso
615 1412 749 1465 quaerere
760 1399 795 1452 ad
808 1398 882 1467 quod
899 1412 986 1466 aeuus
1008 1398 1124 1452 militiae
1138 1404 1222 1466 pater
1238 1397 1301 1464 ejus
1317 1390 1415 1448 rim

165 1509 242 1549 suam
255 1497 424 1562 instituisset,
435 1509 522 1563 quove
536 1495 590 1551 tine
601 1502 828 1563 consummasset,
840 1499 987 1564 praecipue
999 1511 1054 1565 qua
1063 1497 1184 1564 praemii
1199 1494 1383 1563 exspectatione

166 1595 223 1661 ipse
244 1608 274 1649 se
295 1597 412 1649 terrenis
432 1595 647 1650 exhereditasset
667 1598 849 1664 patrimoniis,
871 1611 929 1651 non
950 1597 1016 1664 quia
1040 1596 1207 1665 religiosum
1231 1593 1383 1663 propudium

165 1695 296 1760 derogare
308 1694 465 1761 voluissem,
478 1695 528 1748 sed
538 1695 604 1762 quia
616 1696 698 1748 vitam
711 1702 738 1748 et
749 1701 826 1763 gesta
844 1696 930 1762 ipsius
942 1694 1064 1749 scribere
1083 1694 1181 1747 animo
1195 1687 1383 1747 consulatui

166 1793 239 1859 quod
254 1793 300 1846 ille
312 1793 483 1859 respondens
503 1794 541 1846 sic
554 1795 591 1847 ait
605 1812 611 1848 ε
625 1795 698 1849 Dico
720 1794 785 1863 tibi,
798 1793 913 1863 frater,
926 1794 980 1849 sed
994 1796 1028 1846 tu
1042 1792 1168 1848 nemini
1178 1786 1383 1846 dianeriulluit

165 1890 245 1945 mibi
249 1893 345 1959 poter
356 1892 472 1958 Helyas
483 1893 616 1958 nomine,
629 1895 733 1948 cultor
744 1894 801 1948 Dei
816 1896 847 1947 et
866 1892 1167 1959 amatorjustitioe,·
1179 1893 1284 1945 mater
1292 1889 1382 1943 amn
1393 1884 1416 1939 ts

166 2003 222 2044 nec
240 1991 371 2044 summis
391 2003 447 2044 neo
475 1991 594 2060 intimis
610 1993 800 2060 parentibus
820 1993 923 2061 edita,
938 1993 1039 2059 juata
1059 1990 1278 2059 eoanpelieam
1295 1998 1381 2043 uocas

162 2089 358 2157 pauperibus
378 2089 415 2143 de
434 2089 643 2157 facultatibus
664 2093 734 2146 suis
753 2093 891 2162 fideliter
911 2089 1126 2145 ministrabat.
1139 2089 1284 2144 Necdum
1297 2083 1380 2154 moin

167 2188 261 2242 virile
278 2188 375 2242 robur
394 2201 564 2257 evaseram,
577 2193 606 2243 et
626 2190 716 2245 ambo
735 2190 903 2245 dominicis
917 2188 1106 2257 praestricti
1125 2185 1291 2242 mandatis
1308 2195 1339 2238 se
1350 2180 1381 2237 ol

167 2289 300 2342 invicem
319 2288 504 2357 diuiserunt,
525 2291 618 2346 etsie
639 2293 721 2345 alter
733 2292 771 2345 ab
783 2293 884 2347 altero
904 2292 1047 2360 separati
1062 2292 1229 2345 incuncta
1239 2295 1380 2344 moeru-

168 2388 251 2442 tione
261 2389 322 2440 Deo
327 2399 389 2454 per
399 2400 500 2442 aureos
510 2389 672 2444 duodecim
684 2391 870 2445 seruierunt.
883 2392 954 2444 Jam
967 2393 1087 2458 temptes
1106 2389 1223 2443 aderat
1239 2377 1413 2454 quamn

169 2489 234 2541 tore
241 2499 307 2540 meo
316 2485 644 2556 rniqranteasaeculo,
651 2492 752 2543 mater
761 2502 830 2545 mea
839 2490 980 2544 vidualis
988 2487 1199 2544 castimoniae
1201 2483 1380 2555 propositu

168 2585 406 2653 inculpabiliter
426 2599 565 2656 sumans,
587 2590 771 2656 elemosynis
793 2592 823 2644 et
846 2588 1041 2644 orationibus
1062 2585 1262 2642 inserviebat.
1282 2585 1319 2638 At
1336 2590 1381 2647 em

167 2684 296 2752 feminei
304 2697 399 2738 semes
409 2685 628 2754 infirmitatem
636 2689 850 2758 considerans,
860 2688 1081 2744 dummatriet
1090 2685 1255 2742 soronbm
1262 2680 1380 2751 opinion

166 2781 333 2836 sedulitate
345 2783 388 2835 ad
399 2785 577 2839 necessaria
595 2800 733 2855 quaeque
744 2787 921 2842 subseruire
935 2785 1148 2852 manassen,
1160 2785 1252 2839 nocte
1261 2777 1380 2850 quad&

165 2881 317 2948 apparitu
341 2881 420 2934 mens
436 2882 567 2948 quinam
591 2885 801 2940 numerandae
812 2884 1067 2954 pulchritudinis
1090 2883 1282 2947 maresan,
1300 2876 1347 2933 cu
1362 2868 1413 2926 αθ

166 2981 263 3032 latere
274 2982 409 3032 stantem
427 2984 589 3049 recopnooi
600 2985 732 3050 Hetqam
741 2987 866 3052 patrem
878 2998 992 3038 nreurn.
1004 2984 1036 3037 Is
1048 2983 1232 3037 adolescens
1245 2977 1377 3033 assum

165 3079 249 3132 diait
261 3078 341 3131 mibi
353 3097 361 3132 :
375 3098 391 3128 «
404 3081 588 3151 Barsanori‚
601 3082 676 3151 supe
692 3086 845 3137 rnundum
858 3088 888 3137 et
900 3083 1049 3146 immines,
1061 3083 1091 3134 et
1109 3076 1294 3134 soloaberis.
1307 3072 1379 3138 ¹1:⁷0⁰

164 3178 312 3231 insolitae
333 3179 464 3232 visionis
485 3184 612 3249 stupore
633 3187 663 3235 ct
679 3183 820 3250 jubentis
844 3183 1012 3251 imperiosa
1030 3171 1378 3242 amtonmteeonmsm

165 3277 357 3331 haesitabam
373 3279 449 3345 quid
470 3283 688 3348 responderem
710 3287 766 3336 aut
779 3297 839 3351 quo
858 3297 906 3337 me
916 3284 1035 3336 vertere
1051 3279 1156 3334 satias
1174 3278 1264 3342 esset,
1278 3269 1380 3327 scilicet

165 3380 220 3430 aut
232 3380 367 3430 matrem
387 3390 502 3433 curare
514 3385 570 3433 aut
577 3383 708 3448 penitus
720 3382 889 3437 numanam
909 3379 1179 3436 conversationem
1191 3375 1308 3443 supere,
1320 3362 1410 3423 ml*

165 3475 220 3528 ille
233 3476 348 3528 iterata
369 3478 569 3542 apparitione
580 3481 685 3534 eodem
705 3495 753 3534 mc
766 3481 855 3535 uerbo
872 3478 1074 3547 praemonuit
1092 3479 1123 3529 et
1135 3474 1253 3541 adiecit
1266 3489 1274 3526 :
1288 3490 1298 3519 ι
1313 3464 1379 3528 ΟΜ

167 3577 210 3640 tu,
225 3573 380 3642 inquiens,
397 3574 557 3631 haesitas?
572 3579 665 3632 Crede
676 3580 764 3648 mibi,
777 3582 806 3634 et
822 3580 876 3634 eni
888 3580 925 3632 de
937 3582 1025 3632 terra
1036 3580 1067 3630 et
1079 3576 1118 3629 de
1131 3574 1314 3640 coqnotimse
1324 3569 1378 3625 tut,

153 3655 194 3725 ¹et
205 3676 309 3725 certus
320 3675 383 3726 esto
396 3675 492 3728 Deum
502 3676 558 3730 tibi
569 3678 753 3733 inomnibus
763 3679 949 3746 affutumm.
960 3677 1104 3730 Stantem
1114 3673 1276 3742 quaedico
1285 3662 1380 3732 mill

141 3749 147 3755 ⁰
165 3784 301 3838 recusas,
315 3771 371 3824 tibi
391 3773 478 3826 ultra
490 3787 552 3828 non
573 3788 720 3843 appareo.
738 3777 813 3831 »lta
825 3777 943 3844 affatus
954 3775 1089 3829 ostendit
1111 3770 1193 3826 mibi
1211 3771 1286 3823 dnos
1296 3774 1381 3820 come

163 3871 226 3922 cios
249 3882 341 3936 meos,
364 3871 418 3936 qui
441 3874 597 3937 quondam
621 3875 659 3929 de
681 3868 854 3930 Britannia
878 3877 913 3928 in
935 3875 1086 3929 orientem
1115 3869 1270 3926 orationis
1300 3854 1412 3918 caenob

164 3969 329 4034 uenientes,
343 3970 532 4036 aliquandiu
547 3987 666 4028 mecum
686 3974 816 4043 fecerant
838 3974 1023 4041 conversati,
1043 3975 1072 4026 et
1088 3969 1288 4038 postmodum
1307 3963 1379 4015 ultro

160 4069 403 4136 propredientes,
426 4071 494 4124 loca
516 4075 697 4127 sanctorum
718 4075 820 4129 studio
841 4073 995 4127 orationis
1015 4063 1379 4137 coenomanorum

165 4171 347 4237 repedantes
363 4173 545 4237 praeterire
557 4187 606 4227 me
626 4175 836 4228 insalutatum
858 4174 934 4228 naut
951 4170 1180 4240 patiebantur,·
1193 4175 1322 4235 quarum
1336 4166 1379 4224 (Ν

161 4271 358 4336 praesentem
379 4271 514 4324 reditum
535 4274 662 4340 penitus
686 4274 887 4341 ipnorabam,·
908 4273 961 4326 sed
984 4272 1013 4324 is
1037 4269 1118 4323 mibi
1142 4268 1314 4323 odotem
1330 4267 1380 4326 W

166 4368 266 4420 visum
280 4368 432 4434 irnaqines
445 4382 551 4423 eorum
563 4372 706 4438 ostendit,
717 4372 810 4426 simul
823 4375 851 4425 et
861 4371 990 4424 nomina
1001 4366 1266 4422 commemorauit.
1277 4360 1376 4415 Nomii
1390 4344 1412 4398 Ι·

166 4466 223 4519 nni
234 4466 394 4535 Aebutius,
407 4468 503 4522 alteri
514 4471 695 4525 Ammonius
708 4474 788 4526 erat.
801 4472 840 4525 lli
860 4471 908 4524 ait
921 4488 929 4524 :
942 4490 957 4518 u
969 4469 1030 4522 Hos
1040 4461 1309 4534 pereqrinationis
1321 4458 1379 4509 tuot

168 4566 290 4621 babebis
302 4569 435 4637 concites,
446 4573 523 4636 quia
536 4574 596 4627 Deo
606 4576 701 4639 prata
713 4575 757 4627 est
766 4571 959 4627 conversatio
972 4569 1114 4624 illorum.
1127 4584 1138 4617 ι
1151 4558 1378 4633 Eoepertefwm
