3136 5482
214 354 307 405 BIBL.
325 353 407 404 NAT.
427 354 544 405 Paleis.
563 375 609 386 --
624 353 778 404 ΑΡΡΕΝῙ).
797 353 845 403 nl>
862 352 938 402 001).
957 349 1034 401 3778.

115 586 117 590 ,
199 526 274 579 Nunc
286 538 355 591 opus
367 528 410 578 eet
424 524 519 591 lihris3
533 525 586 578 hoc
599 537 693 578 musae
706 528 829 589 tempore
842 519 919 574 dhris

199 625 292 678 Frenis
304 624 402 678 laxatis
415 625 546 680 llelicona
558 630 655 691 petunt
667 623 796 678 medatis.
945 618 948 623 ’

199 722 308 777 Somnia
320 726 455 779 Parnasus
468 738 524 779 non
536 731 578 778 est
591 741 598 777 z
610 724 746 777 intendite
758 735 847 775 casus.

201 825 272 875 lnter
283 835 335 878 nos
347 825 451 885 recitat,
465 824 573 892 pleheia
586 825 706 891 compita
717 823 783 877 citat

199 923 324 977 hirsutus
339 940 345 975 :
360 936 442 989 porco
455 925 494 976 nil
506 925 589 978 refert
601 923 720 990 pallidus
732 925 811 977 Orco.

197 1022 292 1076 Nullus
305 1026 446 1077 llaecenas
459 1025 534 1078 audit
547 1040 554 1076 ε
569 1035 712 1089 compesce
725 1034 862 1075 camenas.

201 1121 281 1174 Dictis
293 1124 428 1190 majorum
442 1122 557 1177 detraxit
569 1124 662 1191 lingua
674 1123 822 1186 minorum,

199 1222 231 1273 llt
245 1235 314 1276 nova
327 1222 464 1276 corrodit·
478 1224 557 1289 dens,
570 1223 696 1275 aemulus
709 1226 826 1275 etvetus
838 1219 904 1273 odit.

170 1321 201 1374 2.
238 1325 317 1389 llaec,
330 1331 415 1390 pater,
426 1326 514 1392 objeci
526 1325 593 1377 mihi
606 1336 656 1378 nec
668 1329 759 1377 nmen
771 1322 826 1376 otia
838 1321 899 1374 leci.

200 1419 244 1474 Sic
256 1427 414 1485 excusatus,
428 1437 485 1478 non
497 1424 549 1477 hoc
561 1437 622 1476 sum
635 1423 708 1476 fasce
720 1421 834 1475 levatus.

199 1523 266 1574 Cum
279 1521 345 1574 mihi
358 1522 443 1575 multa
453 1523 519 1575 satis
531 1523 587 1575 sint
599 1523 671 1575 ostia
684 1520 875 1587 multiplicatis

200 1623 240 1674 lle
253 1622 331 1689 quasi
344 1621 485 1676 detentum
499 1623 604 1676 lactura
617 1622 745 1690 repagula
758 1625 869 1673 centum

202 1724 313 1777 lnretita
325 1724 412 1793 plagis
423 1742 431 1790 3
445 1725 485 1777 sic
496 1728 537 1778 est
550 1725 608 1777 tera
620 1723 711 1777 dedita
724 1722 819 1790 plagis.

202 1823 293 1875 Dicitis
304 1824 356 1877 hoc
367 1829 473 1877 certum
486 1838 493 1874 ε
507 1837 590 1891 quem
602 1824 670 1888 vult,
683 1822 746 1875 lacit
759 1834 819 1875 esse
831 1821 963 1874 disertum

201 1923 234 1974 Et
244 1924 374 1976 Dominus
387 1922 506 1989 lapidem
519 1923 668 1990 liquefecit,
687 1923 709 1975 si
724 1921 797 1986 uelit,
811 1919 894 1974 idem.

202 2021 474 2089 mimendensem,
487 2023 562 2076 dahit
574 2023 641 2076 haec
654 2034 724 2089 qnae
738 2024 802 2073 sunt
813 2021 875 2072 dam
888 2019 1004 2085 pridem.

201 2121 308 2186 Turrim
321 2126 457 2176 certantes
469 2123 540 2176 male
554 2133 744 2176 consummare
755 2121 877 2188 gigantes

202 2223 288 2274 Omne
300 2235 387 2289 genus
398 2222 474 2274 rcrhi
490 2227 605 2290 possunt
616 2221 739 2288 prolerre
752 2220 876 2286 superbi.

202 2321 278 2385 Quod
291 2322 450 2388 inuiolatis,
464 2322 535 2389 potis
546 2326 587 2375 est
598 2321 725 2374 conterre
741 2319 838 2373 beatis.

208 2419 360 2472 inculcasse
373 2432 475 2487 moras,
488 2433 575 2488 nugas
587 2419 713 2485 culpasse
725 2429 850 2475 canoras,

206 2521 244 2570 lle
258 2531 313 2571 non
325 2532 386 2572 esse
398 2521 462 2572 satis
475 2520 526 2572 tuit
537 2519 677 2572 excusatio
688 2519 771 2586 aratis
784 2535 792 2581 ;

204 2619 244 2668 lle
257 2630 314 2670 non
326 2631 407 2683 posse
420 2619 474 2684 pati
487 2631 543 2672 non
556 2618 653 2671 restitit
666 2616 841 2683 improbitati.

202 2718 247 2766 hst
259 2715 306 2767 uhi
318 2717 438 2782 percepi,
452 2729 561 2769 mecum
573 2716 742 2783 perpendere
755 2716 832 2780 coepi
847 2729 853 2764 :

201 2818 290 2868 llente
302 2816 362 2868 tulit
374 2817 476 2869 munda
489 2816 627 2869 Placidum
641 2817 688 2882 qui
702 2819 810 2868 llanrus
822 2815 857 2867 ah
869 2813 953 2866 unda.

202 2915 347 2980 imperium
359 2916 443 2981 patris
455 2916 532 2982 quasi
546 2928 643 2969 navem
657 2915 785 2992 lluctlhus
797 2914 863 2966 atris

201 3012 309 3079 impulit
328 3029 334 3064 :
348 3013 480 3079 ascendit,
494 3016 641 3081 velumque
653 3014 733 3069 tidem
746 3013 824 3080 quasi
837 3012 934 3067 tendit.

201 3114 332 3180 Remigat,
344 3115 436 3168 educit
448 3128 564 3182 puerum
577 3117 703 3182 patrique
715 3114 831 3167 reducit.

201 3212 297 3265 llxulat
308 3226 371 3266 cccc
382 3220 473 3268 nictus
486 3231 492 3265 :
507 3216 592 3268 Mauri
605 3216 678 3268 feror
689 3215 799 3281 auspice
813 3215 908 3265 frctus.

200 3313 283 3378 Aesis,
296 3314 387 3367 liaure
400 3319 486 3380 pater,
500 3328 583 3382 quem
595 3315 694 3367 lluctus
705 3314 821 3366 sustinet
832 3318 902 3364 ater.

200 3411 346 3478 aggrediar
359 3419 432 3466 certe
444 3415 504 3467 sine
518 3415 618 3481 remige
631 3427 742 3467 currere
755 3426 804 3479 per
816 3416 851 3465 te.

241 3509 329 3563 llinis
339 3512 509 3576 maletto.
522 3513 639 3578 Incipit
649 3512 722 3566 vite
733 3510 840 3565 sancti
850 3509 961 3564 Mauri
972 3512 990 3562 '.
1235 3525 1433 3591 ppinjppaufq

162 3610 197 3662 8.
233 3612 351 3664 lleroum
362 3610 458 3665 laudes
470 3625 518 3666 seu
531 3627 624 3680 regum
638 3613 759 3666 carmine
772 3611 881 3664 fraudes
991 3611 992 3615 ’
1284 3604 1342 3645 ⁰²²²·
1356 3595 1380 3647 ²·

198 3711 258 3763 Sive
269 3711 447 3778 triumphales
458 3688 539 3766 arcus
551 3712 653 3777 vixere,
667 3713 786 3765 sodales.

199 3809 302 3877 oppida
313 3815 390 3877 capta
403 3810 525 3878 quidem,
539 3811 586 3864 sed
599 3813 706 3865 moenia
719 3812 817 3864 tradita
830 3809 945 3876 pridem,

199 3910 280 3961 llusis
292 3913 428 3974 aptantur,
441 3921 489 3975 per
506 3911 627 3962 carmina
641 3909 827 3963 notillcantur.

199 4006 320 4059 ltthletae
333 4007 417 4061 fortes
429 4007 551 4061 devitmit
562 4010 684 4061 carmine
699 4013 813 4061 mortes.

199 4107 319 4175 Pugnam
332 4106 462 4160 virtutum
475 4120 546 4174 quae
558 4109 638 4160 mittit
649 4107 683 4161 ad
696 4108 807 4177 aethera
821 4112 910 4160 turtum

199 4205 328 4258 sanctum
340 4205 468 4259 uictorem
482 4207 579 4274 pnqnis
592 4207 652 4259 aliis
666 4207 818 4270 meliorem,

200 4303 294 4368 Qumis
305 4304 360 4356 sint
372 4303 445 4358 done
455 4305 588 4358 victorum
602 4318 706 4372 quaeve
720 4318 832 4369 corona,

199 4401 319 4466 Qualiter
330 4402 464 4456 aethereis
475 4403 628 4471 congaudet
641 4405 693 4457 tiro
706 4406 853 4469 trophaeis.

197 4502 320 4568 Urhsque
333 4502 489 4555 subalterna
504 4515 559 4569 qua
571 4504 605 4554 sit
617 4504 641 4555 vi
654 4508 732 4570 capta
744 4516 873 4569 superna.

194 4601 321 4653 carmine
333 4600 468 4659 dicamus.
481 4601 545 4668 qnia
558 4613 615 4653 non
626 4601 707 4654 decet
720 4608 751 4655 ut
763 4601 892 4656 sileamus
911 4619 917 4654 :

32 4713 163 4766 urse.
177 4709 270 4753 tenu.
285 4709 311 4752 r.
324 4709 344 4752 ι.
