<?xml version="1.0" encoding="UTF-8"?>
<!DOCTYPE html PUBLIC "-//W3C//DTD XHTML 1.0 Transitional//EN"
    "http://www.w3.org/TR/xhtml1/DTD/xhtml1-transitional.dtd">
<html xmlns="http://www.w3.org/1999/xhtml" xml:lang="en" lang="en">
 <head>
  <title>
</title>
<meta http-equiv="Content-Type" content="text/html;charset=utf-8" />
  <meta name='ocr-system' content='tesseract 3.04.00' />
  <meta name='ocr-capabilities' content='ocr_page ocr_carea ocr_par ocr_line ocrx_word'/>
</head>
<body>
  <div class='ocr_page' id='page_1' title='image "./cataloguscodicu01manugoog_0303.png"; bbox 0 0 3136 5482; ppageno 0'>
   <div class='ocr_carea' id='block_1_1' title="bbox 298 306 1185 373">
    <p class='ocr_par' dir='ltr' id='par_1_1' title="bbox 298 306 1185 373">
     <span class='ocr_line' id='line_1_1' title="bbox 298 306 1185 373; baseline 0 -2"><span class='ocrx_word' id='word_1_1' title='bbox 298 306 366 371; x_wconf 82' lang='grc'>288</span> <span class='ocrx_word' id='word_1_2' title='bbox 645 322 769 373; x_wconf 73' lang='lat' dir='ltr'>carru.</span> <span class='ocrx_word' id='word_1_3' title='bbox 789 321 891 373; x_wconf 85' lang='lat' dir='ltr'>cone.</span> <span class='ocrx_word' id='word_1_4' title='bbox 911 321 1084 373; x_wconf 75' lang='lat' dir='ltr'>moroan.</span> <span class='ocrx_word' id='word_1_5' title='bbox 1103 320 1185 372; x_wconf 76' lang='lat' dir='ltr'>utu.</span> 
     </span>
    </p>
   </div>
   <div class='ocr_carea' id='block_1_2' title="bbox 287 489 1560 4428">
    <p class='ocr_par' dir='ltr' id='par_1_2' title="bbox 287 489 1560 4428">
     <span class='ocr_line' id='line_1_2' title="bbox 296 489 1496 558; baseline 0 -15"><span class='ocrx_word' id='word_1_6' title='bbox 296 502 406 543; x_wconf 78' lang='lat' dir='ltr'>serres</span> <span class='ocrx_word' id='word_1_7' title='bbox 422 489 546 558; x_wconf 78' lang='lat' dir='ltr'>Christi,</span> <span class='ocrx_word' id='word_1_8' title='bbox 559 494 589 545; x_wconf 89' lang='lat' dir='ltr'>et</span> <span class='ocrx_word' id='word_1_9' title='bbox 598 491 675 557; x_wconf 73' lang='lat' dir='ltr'>qnid</span> <span class='ocrx_word' id='word_1_10' title='bbox 687 491 781 545; x_wconf 82' lang='lat' dir='ltr'>habeo</span> <span class='ocrx_word' id='word_1_11' title='bbox 793 490 920 558; x_wconf 73' lang='lat' dir='ltr'>faceret</span> <span class='ocrx_word' id='word_1_12' title='bbox 931 492 962 543; x_wconf 78' lang='lat' dir='ltr'>ut</span> <span class='ocrx_word' id='word_1_13' title='bbox 974 503 1036 544; x_wconf 88' lang='lat' dir='ltr'>cum</span> <span class='ocrx_word' id='word_1_14' title='bbox 1048 492 1077 542; x_wconf 92' lang='lat' dir='ltr'>in</span> <span class='ocrx_word' id='word_1_15' title='bbox 1087 489 1171 543; x_wconf 89' lang='lat' dir='ltr'>domo</span> <span class='ocrx_word' id='word_1_16' title='bbox 1182 489 1278 543; x_wconf 89' lang='lat' dir='ltr'>inisset</span> <span class='ocrx_word' id='word_1_17' title='bbox 1290 489 1427 558; x_wconf 75' lang='lat' dir='ltr'>ingressus,</span> <span class='ocrx_word' id='word_1_18' title='bbox 1436 498 1496 556; x_wconf 75' lang='lat' dir='ltr'>egre</span> 
     </span>
     <span class='ocr_line' id='line_1_3' title="bbox 299 582 1495 656; baseline -0.002 -14"><span class='ocrx_word' id='word_1_19' title='bbox 299 589 373 642; x_wconf 87' lang='lat' dir='ltr'>ditur</span> <span class='ocrx_word' id='word_1_20' title='bbox 384 589 501 643; x_wconf 91' lang='lat' dir='ltr'>daemon</span> <span class='ocrx_word' id='word_1_21' title='bbox 514 590 622 643; x_wconf 88' lang='lat' dir='ltr'>obviam</span> <span class='ocrx_word' id='word_1_22' title='bbox 635 596 729 643; x_wconf 89' lang='lat' dir='ltr'>sancto</span> <span class='ocrx_word' id='word_1_23' title='bbox 741 590 889 656; x_wconf 83' lang='lat' dir='ltr'>Tryphoni,</span> <span class='ocrx_word' id='word_1_24' title='bbox 911 590 1025 643; x_wconf 80' lang='lat' dir='ltr'>dicens:</span> <span class='ocrx_word' id='word_1_25' title='bbox 1047 588 1172 655; x_wconf 82' lang='lat' dir='ltr'>Venisti,</span> <span class='ocrx_word' id='word_1_26' title='bbox 1190 600 1280 642; x_wconf 84' lang='lat' dir='ltr'>serve</span> <span class='ocrx_word' id='word_1_27' title='bbox 1290 588 1347 642; x_wconf 83' lang='lat' dir='ltr'>Dei</span> <span class='ocrx_word' id='word_1_28' title='bbox 1361 582 1495 655; x_wconf 76' lang='lat' dir='ltr'>ttyptmi</span> 
     </span>
     <span class='ocr_line' id='line_1_4' title="bbox 300 680 1560 757; baseline -0.003 -17"><span class='ocrx_word' id='word_1_29' title='bbox 300 687 348 740; x_wconf 92' lang='lat' dir='ltr'>ille</span> <span class='ocrx_word' id='word_1_30' title='bbox 361 688 519 755; x_wconf 80' lang='lat' dir='ltr'>respondit:</span> <span class='ocrx_word' id='word_1_31' title='bbox 533 689 680 742; x_wconf 83' lang='lat' dir='ltr'>Inventus</span> <span class='ocrx_word' id='word_1_32' title='bbox 695 702 727 742; x_wconf 86' lang='lat' dir='ltr'>es</span> <span class='ocrx_word' id='word_1_33' title='bbox 739 693 899 756; x_wconf 78' lang='lat' dir='ltr'><strong><em>tamquam</em></strong></span> <span class='ocrx_word' id='word_1_34' title='bbox 910 688 1032 757; x_wconf 79' lang='lat' dir='ltr'>sapiens</span> <span class='ocrx_word' id='word_1_35' title='bbox 1044 690 1143 754; x_wconf 79' lang='lat' dir='ltr'>lonae.</span> <span class='ocrx_word' id='word_1_36' title='bbox 1156 688 1284 755; x_wconf 82' lang='lat' dir='ltr'>Dixitque</span> <span class='ocrx_word' id='word_1_37' title='bbox 1295 687 1406 741; x_wconf 88' lang='lat' dir='ltr'>daemon</span> <span class='ocrx_word' id='word_1_38' title='bbox 1416 702 1423 737; x_wconf 91' lang='lat'><strong>:</strong></span> <span class='ocrx_word' id='word_1_39' title='bbox 1432 683 1491 738; x_wconf 76' lang='lat' dir='ltr'>dnn</span> <span class='ocrx_word' id='word_1_40' title='bbox 1558 680 1560 685; x_wconf 86' lang='lat'>&#39;</span> 
     </span>
     <span class='ocr_line' id='line_1_5' title="bbox 298 776 1560 855; baseline 0.002 -16"><span class='ocrx_word' id='word_1_41' title='bbox 298 786 437 840; x_wconf 74' lang='lat' dir='ltr'>libidini</span> <span class='ocrx_word' id='word_1_42' title='bbox 447 806 455 842; x_wconf 94' lang='grc'>.·</span> <span class='ocrx_word' id='word_1_43' title='bbox 465 791 494 842; x_wconf 84' lang='lat' dir='ltr'>et</span> <span class='ocrx_word' id='word_1_44' title='bbox 506 790 636 844; x_wconf 85' lang='lat' dir='ltr'><em>Romam</em></span> <span class='ocrx_word' id='word_1_45' title='bbox 647 789 740 842; x_wconf 82' lang='lat' dir='ltr'>habeo</span> <span class='ocrx_word' id='word_1_46' title='bbox 751 789 798 841; x_wconf 84' lang='lat' dir='ltr'>ire</span> <span class='ocrx_word' id='word_1_47' title='bbox 807 787 820 840; x_wconf 86' lang='lat' dir='ltr'>t</span> <span class='ocrx_word' id='word_1_48' title='bbox 829 790 876 842; x_wconf 88' lang='lat' dir='ltr'>Cui</span> <span class='ocrx_word' id='word_1_49' title='bbox 889 789 1016 854; x_wconf 76' lang='lat' dir='ltr'>Tryphon</span> <span class='ocrx_word' id='word_1_50' title='bbox 1030 781 1489 855; x_wconf 64' lang='lat' dir='ltr'>responderamconcesseras</span> <span class='ocrx_word' id='word_1_51' title='bbox 1556 776 1560 797; x_wconf 74' lang='grc'><strong><em>’</em></strong></span> 
     </span>
     <span class='ocr_line' id='line_1_6' title="bbox 298 878 1509 956; baseline 0.005 -19"><span class='ocrx_word' id='word_1_52' title='bbox 298 888 386 940; x_wconf 89' lang='lat' dir='ltr'>tarer</span> <span class='ocrx_word' id='word_1_53' title='bbox 402 890 432 939; x_wconf 86' lang='lat' dir='ltr'>te</span> <span class='ocrx_word' id='word_1_54' title='bbox 446 890 604 956; x_wconf 77' lang='lat' dir='ltr'><strong><em>persequi.</em></strong></span> <span class='ocrx_word' id='word_1_55' title='bbox 625 889 700 942; x_wconf 72' lang='lat' dir='ltr'>Ecce</span> <span class='ocrx_word' id='word_1_56' title='bbox 715 900 869 956; x_wconf 76' lang='lat' dir='ltr'><strong><em>praesens</em></strong></span> <span class='ocrx_word' id='word_1_57' title='bbox 891 900 979 956; x_wconf 87' lang='lat' dir='ltr'>snm,</span> <span class='ocrx_word' id='word_1_58' title='bbox 997 889 1058 941; x_wconf 90' lang='lat' dir='ltr'>Deo</span> <span class='ocrx_word' id='word_1_59' title='bbox 1086 899 1153 941; x_wconf 86' lang='lat' dir='ltr'>meo</span> <span class='ocrx_word' id='word_1_60' title='bbox 1178 878 1509 954; x_wconf 70' lang='lat' dir='ltr'>comitanteserredntl</span> 
     </span>
     <span class='ocr_line' id='line_1_7' title="bbox 297 980 1489 1054; baseline -0.002 -15"><span class='ocrx_word' id='word_1_61' title='bbox 297 998 369 1052; x_wconf 74' lang='grc' dir='ltr'>ενσο</span> <span class='ocrx_word' id='word_1_62' title='bbox 386 988 416 1038; x_wconf 84' lang='lat' dir='ltr'>et</span> <span class='ocrx_word' id='word_1_63' title='bbox 427 988 492 1041; x_wconf 83' lang='lat' dir='ltr'>noli</span> <span class='ocrx_word' id='word_1_64' title='bbox 503 987 671 1041; x_wconf 84' lang='lat' dir='ltr'>verbosari.</span> <span class='ocrx_word' id='word_1_65' title='bbox 690 989 737 1041; x_wconf 83' lang='lat' dir='ltr'>Cui</span> <span class='ocrx_word' id='word_1_66' title='bbox 753 988 870 1041; x_wconf 90' lang='lat' dir='ltr'>daemon</span> <span class='ocrx_word' id='word_1_67' title='bbox 887 987 1030 1053; x_wconf 78' lang='lat' dir='ltr'><strong>respondit</strong></span> <span class='ocrx_word' id='word_1_68' title='bbox 1043 1002 1049 1039; x_wconf 84' lang='lat' dir='ltr'>t</span> <span class='ocrx_word' id='word_1_69' title='bbox 1064 987 1137 1041; x_wconf 85' lang='lat' dir='ltr'>Noti</span> <span class='ocrx_word' id='word_1_70' title='bbox 1149 987 1250 1041; x_wconf 75' lang='lat' dir='ltr'>irasci</span> <span class='ocrx_word' id='word_1_71' title='bbox 1261 1003 1271 1054; x_wconf 85' lang='lat'>;</span> <span class='ocrx_word' id='word_1_72' title='bbox 1283 985 1346 1040; x_wconf 83' lang='lat' dir='ltr'>seio</span> <span class='ocrx_word' id='word_1_73' title='bbox 1357 980 1489 1053; x_wconf 82' lang='lat' dir='ltr'>entnqnt</span> 
     </span>
     <span class='ocr_line' id='line_1_8' title="bbox 297 1083 1489 1161; baseline 0 -24"><span class='ocrx_word' id='word_1_74' title='bbox 297 1085 332 1138; x_wconf 88' lang='lat' dir='ltr'>ab</span> <span class='ocrx_word' id='word_1_75' title='bbox 345 1084 400 1139; x_wconf 85' lang='lat' dir='ltr'>hoc</span> <span class='ocrx_word' id='word_1_76' title='bbox 417 1087 532 1139; x_wconf 81' lang='lat' dir='ltr'>venisti</span> <span class='ocrx_word' id='word_1_77' title='bbox 548 1089 583 1140; x_wconf 83' lang='lat' dir='ltr'>nt</span> <span class='ocrx_word' id='word_1_78' title='bbox 598 1088 740 1155; x_wconf 77' lang='lat' dir='ltr'>capellas</span> <span class='ocrx_word' id='word_1_79' title='bbox 757 1101 814 1140; x_wconf 90' lang='lat' dir='ltr'>me.</span> <span class='ocrx_word' id='word_1_80' title='bbox 835 1090 911 1140; x_wconf 81' lang='lat' dir='ltr'>Tunc</span> <span class='ocrx_word' id='word_1_81' title='bbox 931 1099 1061 1152; x_wconf 79' lang='lat' dir='ltr'><strong><em>spumans</em></strong></span> <span class='ocrx_word' id='word_1_82' title='bbox 1078 1092 1106 1139; x_wconf 91' lang='lat' dir='ltr'>et</span> <span class='ocrx_word' id='word_1_83' title='bbox 1122 1084 1242 1153; x_wconf 84' lang='lat' dir='ltr'>elidens,</span> <span class='ocrx_word' id='word_1_84' title='bbox 1256 1085 1340 1140; x_wconf 80' lang='lat' dir='ltr'>exivit</span> <span class='ocrx_word' id='word_1_85' title='bbox 1356 1083 1489 1161; x_wconf 69' lang='lat' dir='ltr'>demutet</span> 
     </span>
     <span class='ocr_line' id='line_1_9' title="bbox 297 1184 1489 1254; baseline 0.005 -17"><span class='ocrx_word' id='word_1_86' title='bbox 297 1185 460 1252; x_wconf 75' lang='lat' dir='ltr'>vocavitque</span> <span class='ocrx_word' id='word_1_87' title='bbox 472 1193 581 1239; x_wconf 88' lang='lat' dir='ltr'>sanctus</span> <span class='ocrx_word' id='word_1_88' title='bbox 594 1188 720 1254; x_wconf 81' lang='lat' dir='ltr'>Tryphon</span> <span class='ocrx_word' id='word_1_89' title='bbox 735 1187 861 1240; x_wconf 85' lang='lat' dir='ltr'>maritum</span> <span class='ocrx_word' id='word_1_90' title='bbox 873 1188 933 1254; x_wconf 86' lang='lat' dir='ltr'>ejus</span> <span class='ocrx_word' id='word_1_91' title='bbox 946 1186 1091 1240; x_wconf 85' lang='lat' dir='ltr'>Proculum</span> <span class='ocrx_word' id='word_1_92' title='bbox 1103 1193 1130 1238; x_wconf 92' lang='lat' dir='ltr'>et</span> <span class='ocrx_word' id='word_1_93' title='bbox 1141 1184 1210 1238; x_wconf 83' lang='lat' dir='ltr'>dixit</span> <span class='ocrx_word' id='word_1_94' title='bbox 1221 1186 1249 1239; x_wconf 90' lang='lat' dir='ltr'>ei</span> <span class='ocrx_word' id='word_1_95' title='bbox 1263 1202 1270 1238; x_wconf 74' lang='grc' dir='ltr'><strong><em>ε</em></strong></span> <span class='ocrx_word' id='word_1_96' title='bbox 1284 1186 1359 1241; x_wconf 80' lang='lat' dir='ltr'>Ecce</span> <span class='ocrx_word' id='word_1_97' title='bbox 1367 1198 1439 1239; x_wconf 78' lang='lat' dir='ltr'>neor</span> <span class='ocrx_word' id='word_1_98' title='bbox 1447 1185 1489 1243; x_wconf 71' lang='lat' dir='ltr'>litt»</span> 
     </span>
     <span class='ocr_line' id='line_1_10' title="bbox 296 1283 1489 1352; baseline 0.003 -15"><span class='ocrx_word' id='word_1_99' title='bbox 296 1285 356 1337; x_wconf 89' lang='lat' dir='ltr'>Deo</span> <span class='ocrx_word' id='word_1_100' title='bbox 367 1283 504 1352; x_wconf 83' lang='lat' dir='ltr'>jubente,</span> <span class='ocrx_word' id='word_1_101' title='bbox 525 1289 639 1340; x_wconf 87' lang='lat' dir='ltr'>sanata</span> <span class='ocrx_word' id='word_1_102' title='bbox 659 1289 715 1340; x_wconf 87' lang='lat' dir='ltr'>est.</span> <span class='ocrx_word' id='word_1_103' title='bbox 741 1288 773 1338; x_wconf 80' lang='lat' dir='ltr'>ut</span> <span class='ocrx_word' id='word_1_104' title='bbox 792 1283 939 1352; x_wconf 82' lang='lat' dir='ltr'>procidens</span> <span class='ocrx_word' id='word_1_105' title='bbox 959 1286 994 1339; x_wconf 88' lang='lat' dir='ltr'>ad</span> <span class='ocrx_word' id='word_1_106' title='bbox 1015 1285 1099 1351; x_wconf 89' lang='lat' dir='ltr'>pedes</span> <span class='ocrx_word' id='word_1_107' title='bbox 1118 1286 1188 1352; x_wconf 84' lang='lat' dir='ltr'>ejus,</span> <span class='ocrx_word' id='word_1_108' title='bbox 1202 1284 1365 1352; x_wconf 75' lang='lat' dir='ltr'>deprecatus</span> <span class='ocrx_word' id='word_1_109' title='bbox 1383 1292 1420 1339; x_wconf 86' lang='lat' dir='ltr'>est</span> <span class='ocrx_word' id='word_1_110' title='bbox 1440 1292 1489 1341; x_wconf 71' lang='grc' dir='ltr'>ηη,</span> 
     </span>
     <span class='ocr_line' id='line_1_11' title="bbox 296 1372 1516 1452; baseline -0.002 -19"><span class='ocrx_word' id='word_1_111' title='bbox 296 1382 392 1435; x_wconf 81' lang='lat' dir='ltr'>(licens</span> <span class='ocrx_word' id='word_1_112' title='bbox 405 1399 411 1435; x_wconf 96' lang='lat'><strong>:</strong></span> <span class='ocrx_word' id='word_1_113' title='bbox 427 1384 489 1438; x_wconf 90' lang='lat' dir='ltr'>Ora</span> <span class='ocrx_word' id='word_1_114' title='bbox 497 1396 558 1451; x_wconf 81' lang='lat' dir='ltr'>pro</span> <span class='ocrx_word' id='word_1_115' title='bbox 571 1397 628 1450; x_wconf 90' lang='lat' dir='ltr'>me,</span> <span class='ocrx_word' id='word_1_116' title='bbox 640 1397 728 1439; x_wconf 81' lang='lat' dir='ltr'>serve</span> <span class='ocrx_word' id='word_1_117' title='bbox 740 1383 805 1450; x_wconf 82' lang='lat' dir='ltr'>Dei,</span> <span class='ocrx_word' id='word_1_118' title='bbox 819 1386 853 1435; x_wconf 87' lang='lat' dir='ltr'>ut</span> <span class='ocrx_word' id='word_1_119' title='bbox 875 1384 931 1451; x_wconf 85' lang='lat' dir='ltr'>qai</span> <span class='ocrx_word' id='word_1_120' title='bbox 952 1384 1098 1437; x_wconf 72' lang='lat' dir='ltr'>enisertus</span> <span class='ocrx_word' id='word_1_121' title='bbox 1110 1387 1156 1437; x_wconf 89' lang='lat' dir='ltr'>est</span> <span class='ocrx_word' id='word_1_122' title='bbox 1176 1383 1277 1439; x_wconf 76' lang='lat' dir='ltr'>neore·</span> <span class='ocrx_word' id='word_1_123' title='bbox 1294 1396 1387 1452; x_wconf 76' lang='lat' dir='ltr'>nacae,</span> <span class='ocrx_word' id='word_1_124' title='bbox 1398 1386 1423 1437; x_wconf 87' lang='lat' dir='ltr'>et</span> <span class='ocrx_word' id='word_1_125' title='bbox 1435 1372 1516 1434; x_wconf 73' lang='lat' dir='ltr'>nint</span> 
     </span>
     <span class='ocr_line' id='line_1_12' title="bbox 295 1476 1490 1550; baseline 0 -16"><span class='ocrx_word' id='word_1_126' title='bbox 295 1483 492 1536; x_wconf 81' lang='lat' dir='ltr'>misereatur.</span> <span class='ocrx_word' id='word_1_127' title='bbox 506 1485 621 1536; x_wconf 86' lang='lat' dir='ltr'>sanctus</span> <span class='ocrx_word' id='word_1_128' title='bbox 633 1484 760 1550; x_wconf 78' lang='lat' dir='ltr'>Tryphon</span> <span class='ocrx_word' id='word_1_129' title='bbox 772 1482 840 1535; x_wconf 82' lang='lat' dir='ltr'>dixit</span> <span class='ocrx_word' id='word_1_130' title='bbox 851 1484 877 1536; x_wconf 88' lang='lat' dir='ltr'>ei</span> <span class='ocrx_word' id='word_1_131' title='bbox 892 1498 898 1535; x_wconf 95' lang='lat'>:</span> <span class='ocrx_word' id='word_1_132' title='bbox 914 1483 984 1536; x_wconf 74' lang='lat' dir='ltr'>Fiat</span> <span class='ocrx_word' id='word_1_133' title='bbox 998 1481 1056 1535; x_wconf 81' lang='lat' dir='ltr'>not</span> <span class='ocrx_word' id='word_1_134' title='bbox 1071 1481 1213 1537; x_wconf 80' lang='lat' dir='ltr'>Christus</span> <span class='ocrx_word' id='word_1_135' title='bbox 1225 1482 1364 1549; x_wconf 68' lang='lat' dir='ltr'>adjutor.</span> <span class='ocrx_word' id='word_1_136' title='bbox 1374 1476 1490 1535; x_wconf 66' lang='lat' dir='ltr'>Tttraffl</span> 
     </span>
     <span class='ocr_line' id='line_1_13' title="bbox 297 1581 1490 1650; baseline 0.001 -18"><span class='ocrx_word' id='word_1_137' title='bbox 297 1593 409 1635; x_wconf 82' lang='lat' dir='ltr'>uxorem</span> <span class='ocrx_word' id='word_1_138' title='bbox 423 1595 501 1635; x_wconf 91' lang='lat' dir='ltr'>suam</span> <span class='ocrx_word' id='word_1_139' title='bbox 514 1595 618 1647; x_wconf 85' lang='lat' dir='ltr'>sanam,</span> <span class='ocrx_word' id='word_1_140' title='bbox 632 1587 660 1634; x_wconf 89' lang='lat' dir='ltr'>et</span> <span class='ocrx_word' id='word_1_141' title='bbox 671 1582 771 1635; x_wconf 89' lang='lat' dir='ltr'>iactum</span> <span class='ocrx_word' id='word_1_142' title='bbox 783 1588 824 1635; x_wconf 88' lang='lat' dir='ltr'>est</span> <span class='ocrx_word' id='word_1_143' title='bbox 836 1581 966 1650; x_wconf 81' lang='lat' dir='ltr'>gaudium</span> <span class='ocrx_word' id='word_1_144' title='bbox 979 1595 1108 1650; x_wconf 78' lang='lat' dir='ltr'>magnum</span> <span class='ocrx_word' id='word_1_145' title='bbox 1121 1581 1490 1637; x_wconf 64' lang='lat' dir='ltr'>incommunicatum</span> 
     </span>
     <span class='ocr_line' id='line_1_14' title="bbox 296 1676 1489 1750; baseline 0.002 -18"><span class='ocrx_word' id='word_1_146' title='bbox 296 1686 387 1733; x_wconf 86' lang='lat' dir='ltr'>autem</span> <span class='ocrx_word' id='word_1_147' title='bbox 400 1682 526 1748; x_wconf 82' lang='lat' dir='ltr'>Tryphon</span> <span class='ocrx_word' id='word_1_148' title='bbox 543 1682 577 1735; x_wconf 89' lang='lat' dir='ltr'>de</span> <span class='ocrx_word' id='word_1_149' title='bbox 598 1683 683 1734; x_wconf 85' lang='lat' dir='ltr'>iloma</span> <span class='ocrx_word' id='word_1_150' title='bbox 704 1686 797 1748; x_wconf 86' lang='lat' dir='ltr'>raptus</span> <span class='ocrx_word' id='word_1_151' title='bbox 812 1687 855 1734; x_wconf 90' lang='lat' dir='ltr'>est</span> <span class='ocrx_word' id='word_1_152' title='bbox 872 1693 888 1734; x_wconf 92' lang='lat' dir='ltr'>a</span> <span class='ocrx_word' id='word_1_153' title='bbox 905 1687 1024 1748; x_wconf 86' lang='lat' dir='ltr'>quatuor</span> <span class='ocrx_word' id='word_1_154' title='bbox 1042 1680 1145 1750; x_wconf 78' lang='lat' dir='ltr'>angelis</span> <span class='ocrx_word' id='word_1_155' title='bbox 1157 1686 1185 1734; x_wconf 92' lang='lat' dir='ltr'>et</span> <span class='ocrx_word' id='word_1_156' title='bbox 1198 1676 1489 1736; x_wconf 80' lang='lat' dir='ltr'>reduetusestsuatr</span> 
     </span>
     <span class='ocr_line' id='line_1_15' title="bbox 295 1776 1490 1849; baseline 0 -18"><span class='ocrx_word' id='word_1_157' title='bbox 295 1792 375 1833; x_wconf 90' lang='lat' dir='ltr'>cume</span> <span class='ocrx_word' id='word_1_158' title='bbox 387 1781 416 1832; x_wconf 90' lang='lat' dir='ltr'>in</span> <span class='ocrx_word' id='word_1_159' title='bbox 429 1781 542 1847; x_wconf 90' lang='lat' dir='ltr'>patriam</span> <span class='ocrx_word' id='word_1_160' title='bbox 556 1793 644 1845; x_wconf 84' lang='lat' dir='ltr'>suam,</span> <span class='ocrx_word' id='word_1_161' title='bbox 657 1780 704 1833; x_wconf 92' lang='lat' dir='ltr'>ubi</span> <span class='ocrx_word' id='word_1_162' title='bbox 725 1780 838 1834; x_wconf 80' lang='lat' dir='ltr'>virtutes</span> <span class='ocrx_word' id='word_1_163' title='bbox 851 1781 910 1846; x_wconf 89' lang='lat' dir='ltr'>ejus</span> <span class='ocrx_word' id='word_1_164' title='bbox 933 1786 961 1834; x_wconf 90' lang='lat' dir='ltr'>et</span> <span class='ocrx_word' id='word_1_165' title='bbox 978 1781 1108 1834; x_wconf 85' lang='lat' dir='ltr'>sanitates</span> <span class='ocrx_word' id='word_1_166' title='bbox 1127 1792 1217 1849; x_wconf 84' lang='lat' dir='ltr'>usque</span> <span class='ocrx_word' id='word_1_167' title='bbox 1236 1782 1266 1834; x_wconf 90' lang='lat' dir='ltr'>in</span> <span class='ocrx_word' id='word_1_168' title='bbox 1278 1776 1490 1835; x_wconf 82' lang='lat' dir='ltr'>hodiernmtiu</span> 
     </span>
     <span class='ocr_line' id='line_1_16' title="bbox 296 1864 1522 1949; baseline 0.002 -19"><span class='ocrx_word' id='word_1_169' title='bbox 296 1877 489 1945; x_wconf 84' lang='lat' dir='ltr'>adimplentur.</span> <span class='ocrx_word' id='word_1_170' title='bbox 1497 1864 1522 1949; x_wconf 77' lang='grc' dir='ltr'>ίΙΙ</span> 
     </span>
     <span class='ocr_line' id='line_1_17' title="bbox 329 1974 1489 2047; baseline 0.001 -18"><span class='ocrx_word' id='word_1_171' title='bbox 329 1977 379 2030; x_wconf 78' lang='lat'>12.</span> <span class='ocrx_word' id='word_1_172' title='bbox 400 1980 478 2031; x_wconf 77' lang='lat' dir='ltr'>Anno</span> <span class='ocrx_word' id='word_1_173' title='bbox 499 1983 590 2031; x_wconf 87' lang='lat' dir='ltr'>autem</span> <span class='ocrx_word' id='word_1_174' title='bbox 612 1978 801 2031; x_wconf 87' lang='lat' dir='ltr'>ducentesimo</span> <span class='ocrx_word' id='word_1_175' title='bbox 821 1978 918 2045; x_wconf 89' lang='lat' dir='ltr'>quinto</span> <span class='ocrx_word' id='word_1_176' title='bbox 937 1978 1044 2044; x_wconf 88' lang='lat' dir='ltr'>imperii</span> <span class='ocrx_word' id='word_1_177' title='bbox 1068 1979 1190 2047; x_wconf 72' lang='lat' dir='ltr'>Augusti,</span> <span class='ocrx_word' id='word_1_178' title='bbox 1211 1980 1355 2046; x_wconf 83' lang='lat' dir='ltr'>imperarit</span> <span class='ocrx_word' id='word_1_179' title='bbox 1373 1974 1489 2033; x_wconf 65' lang='lat' dir='ltr'>florum!</span> 
     </span>
     <span class='ocr_line' id='line_1_18' title="bbox 295 2074 1560 2145; baseline -0.002 -16"><span class='ocrx_word' id='word_1_180' title='bbox 295 2078 576 2130; x_wconf 67' lang='lat' dir='ltr'>caesarasunitis</span> <span class='ocrx_word' id='word_1_181' title='bbox 595 2078 689 2130; x_wconf 87' lang='lat' dir='ltr'>habuit</span> <span class='ocrx_word' id='word_1_182' title='bbox 709 2075 792 2130; x_wconf 89' lang='lat' dir='ltr'>illlam</span> <span class='ocrx_word' id='word_1_183' title='bbox 813 2077 962 2144; x_wconf 88' lang='lat' dir='ltr'>quandam,</span> <span class='ocrx_word' id='word_1_184' title='bbox 981 2077 1025 2130; x_wconf 92' lang='lat' dir='ltr'>cui</span> <span class='ocrx_word' id='word_1_185' title='bbox 1039 2090 1140 2131; x_wconf 92' lang='lat' dir='ltr'>nomen</span> <span class='ocrx_word' id='word_1_186' title='bbox 1153 2091 1237 2132; x_wconf 90' lang='lat' dir='ltr'>suum</span> <span class='ocrx_word' id='word_1_187' title='bbox 1249 2076 1397 2145; x_wconf 84' lang='lat' dir='ltr'>imposuit;</span> <span class='ocrx_word' id='word_1_188' title='bbox 1409 2074 1490 2129; x_wconf 79' lang='lat' dir='ltr'>etius</span> <span class='ocrx_word' id='word_1_189' title='bbox 1558 2135 1560 2139; x_wconf 18' lang='grc' dir='ltr'>ι</span> 
     </span>
     <span class='ocr_line' id='line_1_19' title="bbox 295 2152 1560 2245; baseline -0.001 -18"><span class='ocrx_word' id='word_1_190' title='bbox 295 2174 412 2229; x_wconf 84' lang='lat' dir='ltr'>erudivit</span> <span class='ocrx_word' id='word_1_191' title='bbox 421 2176 527 2242; x_wconf 88' lang='lat' dir='ltr'>litteris,</span> <span class='ocrx_word' id='word_1_192' title='bbox 540 2183 567 2229; x_wconf 91' lang='lat' dir='ltr'>et</span> <span class='ocrx_word' id='word_1_193' title='bbox 588 2177 651 2229; x_wconf 90' lang='lat' dir='ltr'>iecit</span> <span class='ocrx_word' id='word_1_194' title='bbox 669 2177 697 2228; x_wconf 93' lang='lat' dir='ltr'>in</span> <span class='ocrx_word' id='word_1_195' title='bbox 711 2176 810 2243; x_wconf 87' lang='lat' dir='ltr'>palatio</span> <span class='ocrx_word' id='word_1_196' title='bbox 832 2189 892 2229; x_wconf 90' lang='lat' dir='ltr'>esse</span> <span class='ocrx_word' id='word_1_197' title='bbox 906 2194 914 2241; x_wconf 88' lang='lat'>;</span> <span class='ocrx_word' id='word_1_198' title='bbox 932 2188 1004 2243; x_wconf 90' lang='lat' dir='ltr'>quae</span> <span class='ocrx_word' id='word_1_199' title='bbox 1017 2189 1080 2230; x_wconf 90' lang='lat' dir='ltr'>oum</span> <span class='ocrx_word' id='word_1_200' title='bbox 1093 2182 1166 2230; x_wconf 91' lang='lat' dir='ltr'>esset</span> <span class='ocrx_word' id='word_1_201' title='bbox 1178 2177 1205 2230; x_wconf 90' lang='lat' dir='ltr'>ei</span> <span class='ocrx_word' id='word_1_202' title='bbox 1217 2176 1313 2245; x_wconf 88' lang='lat' dir='ltr'>unica,</span> <span class='ocrx_word' id='word_1_203' title='bbox 1326 2174 1441 2244; x_wconf 68' lang='lat' dir='ltr'>diligebat</span> <span class='ocrx_word' id='word_1_204' title='bbox 1450 2180 1489 2226; x_wconf 72' lang='lat' dir='ltr'>eta</span> <span class='ocrx_word' id='word_1_205' title='bbox 1557 2152 1560 2171; x_wconf 66' lang='lat'><em>⁵</em></span> 
     </span>
     <span class='ocr_line' id='line_1_20' title="bbox 295 2272 1490 2344; baseline 0 -17"><span class='ocrx_word' id='word_1_206' title='bbox 295 2275 383 2328; x_wconf 79' lang='lat' dir='ltr'>valde.</span> <span class='ocrx_word' id='word_1_207' title='bbox 397 2276 514 2344; x_wconf 83' lang='lat' dir='ltr'>contigit</span> <span class='ocrx_word' id='word_1_208' title='bbox 533 2281 624 2328; x_wconf 90' lang='lat' dir='ltr'>autem</span> <span class='ocrx_word' id='word_1_209' title='bbox 647 2276 739 2328; x_wconf 81' lang='lat' dir='ltr'>vexari</span> <span class='ocrx_word' id='word_1_210' title='bbox 762 2288 823 2328; x_wconf 89' lang='lat' dir='ltr'>eam</span> <span class='ocrx_word' id='word_1_211' title='bbox 844 2288 860 2328; x_wconf 97' lang='lat' dir='ltr'>a</span> <span class='ocrx_word' id='word_1_212' title='bbox 877 2276 975 2342; x_wconf 92' lang='lat' dir='ltr'>spiritu</span> <span class='ocrx_word' id='word_1_213' title='bbox 991 2276 1143 2342; x_wconf 90' lang='lat' dir='ltr'>immundo,</span> <span class='ocrx_word' id='word_1_214' title='bbox 1155 2275 1334 2329; x_wconf 77' lang='lat' dir='ltr'>exclamante</span> <span class='ocrx_word' id='word_1_215' title='bbox 1345 2280 1372 2329; x_wconf 90' lang='lat' dir='ltr'>et</span> <span class='ocrx_word' id='word_1_216' title='bbox 1383 2272 1490 2328; x_wconf 69' lang='lat' dir='ltr'>invomuit</span> 
     </span>
     <span class='ocr_line' id='line_1_21' title="bbox 295 2369 1490 2445; baseline -0.002 -20"><span class='ocrx_word' id='word_1_217' title='bbox 295 2380 418 2427; x_wconf 89' lang='lat' dir='ltr'>sanctum</span> <span class='ocrx_word' id='word_1_218' title='bbox 432 2375 603 2442; x_wconf 82' lang='lat' dir='ltr'>Tryphonem</span> <span class='ocrx_word' id='word_1_219' title='bbox 616 2374 755 2441; x_wconf 89' lang='lat' dir='ltr'>quendam</span> <span class='ocrx_word' id='word_1_220' title='bbox 767 2374 906 2427; x_wconf 82' lang='lat' dir='ltr'>eucarium</span> <span class='ocrx_word' id='word_1_221' title='bbox 920 2374 964 2441; x_wconf 90' lang='lat' dir='ltr'>(t).</span> <span class='ocrx_word' id='word_1_222' title='bbox 983 2377 1150 2441; x_wconf 85' lang='lat' dir='ltr'>imperatore</span> <span class='ocrx_word' id='word_1_223' title='bbox 1162 2375 1246 2445; x_wconf 70' lang='lat' dir='ltr'>igitur</span> <span class='ocrx_word' id='word_1_224' title='bbox 1257 2374 1407 2429; x_wconf 84' lang='lat' dir='ltr'>rehetnentl</span> <span class='ocrx_word' id='word_1_225' title='bbox 1420 2369 1490 2425; x_wconf 83' lang='lat' dir='ltr'>loon</span> 
     </span>
     <span class='ocr_line' id='line_1_22' title="bbox 295 2471 1488 2541; baseline -0.003 -14"><span class='ocrx_word' id='word_1_226' title='bbox 295 2480 479 2539; x_wconf 89' lang='lat' dir='ltr'>consternato,</span> <span class='ocrx_word' id='word_1_227' title='bbox 493 2474 590 2527; x_wconf 88' lang='lat' dir='ltr'>hortati</span> <span class='ocrx_word' id='word_1_228' title='bbox 600 2478 665 2527; x_wconf 92' lang='lat' dir='ltr'>sunt</span> <span class='ocrx_word' id='word_1_229' title='bbox 676 2486 739 2526; x_wconf 92' lang='lat' dir='ltr'>eum</span> <span class='ocrx_word' id='word_1_230' title='bbox 753 2472 900 2526; x_wconf 89' lang='lat' dir='ltr'>consiliarii</span> <span class='ocrx_word' id='word_1_231' title='bbox 913 2479 944 2526; x_wconf 91' lang='lat' dir='ltr'>ut</span> <span class='ocrx_word' id='word_1_232' title='bbox 955 2473 988 2527; x_wconf 88' lang='lat' dir='ltr'>ad</span> <span class='ocrx_word' id='word_1_233' title='bbox 1000 2473 1197 2540; x_wconf 87' lang='lat' dir='ltr'>inquirendum</span> <span class='ocrx_word' id='word_1_234' title='bbox 1210 2480 1337 2528; x_wconf 88' lang='lat' dir='ltr'>sanctum</span> <span class='ocrx_word' id='word_1_235' title='bbox 1349 2471 1488 2541; x_wconf 85' lang='lat' dir='ltr'>Tryphouttt</span> 
     </span>
     <span class='ocr_line' id='line_1_23' title="bbox 295 2572 1560 2641; baseline -0.001 -17"><span class='ocrx_word' id='word_1_236' title='bbox 295 2574 424 2640; x_wconf 88' lang='lat' dir='ltr'>mitteret,</span> <span class='ocrx_word' id='word_1_237' title='bbox 446 2586 527 2640; x_wconf 89' lang='lat' dir='ltr'>quem</span> <span class='ocrx_word' id='word_1_238' title='bbox 549 2573 637 2626; x_wconf 90' lang='lat' dir='ltr'>solum</span> <span class='ocrx_word' id='word_1_239' title='bbox 658 2575 768 2640; x_wconf 88' lang='lat' dir='ltr'>saepius</span> <span class='ocrx_word' id='word_1_240' title='bbox 789 2572 943 2627; x_wconf 83' lang='lat' dir='ltr'>invocabat.</span> <span class='ocrx_word' id='word_1_241' title='bbox 965 2572 1036 2626; x_wconf 87' lang='lat' dir='ltr'>itisit</span> <span class='ocrx_word' id='word_1_242' title='bbox 1056 2574 1148 2640; x_wconf 88' lang='lat' dir='ltr'>itaque</span> <span class='ocrx_word' id='word_1_243' title='bbox 1166 2587 1216 2641; x_wconf 90' lang='lat' dir='ltr'>per</span> <span class='ocrx_word' id='word_1_244' title='bbox 1228 2577 1319 2628; x_wconf 91' lang='lat' dir='ltr'>totum</span> <span class='ocrx_word' id='word_1_245' title='bbox 1330 2574 1418 2628; x_wconf 85' lang='lat' dir='ltr'>orbem</span> <span class='ocrx_word' id='word_1_246' title='bbox 1427 2574 1491 2635; x_wconf 76' lang='lat' dir='ltr'>clyti</span> <span class='ocrx_word' id='word_1_247' title='bbox 1555 2616 1560 2633; x_wconf 85' lang='grc'>,</span> 
     </span>
     <span class='ocr_line' id='line_1_24' title="bbox 295 2668 1490 2741; baseline 0 -16"><span class='ocrx_word' id='word_1_248' title='bbox 295 2673 436 2726; x_wconf 86' lang='lat' dir='ltr'>universas</span> <span class='ocrx_word' id='word_1_249' title='bbox 456 2673 577 2725; x_wconf 80' lang='lat' dir='ltr'>civitates</span> <span class='ocrx_word' id='word_1_250' title='bbox 599 2677 625 2725; x_wconf 87' lang='lat' dir='ltr'>et</span> <span class='ocrx_word' id='word_1_251' title='bbox 638 2684 727 2739; x_wconf 81' lang='lat' dir='ltr'>agros,</span> <span class='ocrx_word' id='word_1_252' title='bbox 746 2676 773 2724; x_wconf 87' lang='lat' dir='ltr'>et</span> <span class='ocrx_word' id='word_1_253' title='bbox 790 2671 884 2725; x_wconf 88' lang='lat' dir='ltr'>statuit</span> <span class='ocrx_word' id='word_1_254' title='bbox 900 2685 1016 2739; x_wconf 89' lang='lat' dir='ltr'>poenam</span> <span class='ocrx_word' id='word_1_255' title='bbox 1028 2672 1183 2739; x_wconf 84' lang='lat' dir='ltr'>capitalem,</span> <span class='ocrx_word' id='word_1_256' title='bbox 1198 2672 1253 2726; x_wconf 86' lang='lat' dir='ltr'>nisi</span> <span class='ocrx_word' id='word_1_257' title='bbox 1266 2672 1347 2726; x_wconf 83' lang='lat' dir='ltr'>citius</span> <span class='ocrx_word' id='word_1_258' title='bbox 1357 2668 1490 2741; x_wconf 62' lang='lat' dir='ltr'>uuquam</span> 
     </span>
     <span class='ocr_line' id='line_1_25' title="bbox 293 2764 1560 2847; baseline 0 -24"><span class='ocrx_word' id='word_1_259' title='bbox 293 2772 433 2840; x_wconf 77' lang='lat' dir='ltr'>regionum</span> <span class='ocrx_word' id='word_1_260' title='bbox 447 2772 618 2839; x_wconf 80' lang='lat' dir='ltr'>magistratus</span> <span class='ocrx_word' id='word_1_261' title='bbox 631 2772 804 2838; x_wconf 86' lang='lat' dir='ltr'>requirerent</span> <span class='ocrx_word' id='word_1_262' title='bbox 816 2772 989 2838; x_wconf 92' lang='lat' dir='ltr'>Tryphonem</span> <span class='ocrx_word' id='word_1_263' title='bbox 1001 2771 1141 2837; x_wconf 85' lang='lat' dir='ltr'>quendam</span> <span class='ocrx_word' id='word_1_264' title='bbox 1153 2771 1404 2825; x_wconf 79' lang='lat' dir='ltr'>eucariumiiisita</span> <span class='ocrx_word' id='word_1_265' title='bbox 1413 2764 1490 2823; x_wconf 65' lang='lat' dir='ltr'>adit!</span> <span class='ocrx_word' id='word_1_266' title='bbox 1557 2840 1560 2847; x_wconf 29' lang='grc' dir='ltr'><strong><em>Ι</em></strong></span> 
     </span>
     <span class='ocr_line' id='line_1_26' title="bbox 291 2852 1518 2937; baseline -0.004 -15"><span class='ocrx_word' id='word_1_267' title='bbox 291 2870 419 2922; x_wconf 84' lang='lat' dir='ltr'>universo</span> <span class='ocrx_word' id='word_1_268' title='bbox 431 2871 497 2923; x_wconf 91' lang='lat' dir='ltr'>orbe</span> <span class='ocrx_word' id='word_1_269' title='bbox 521 2875 633 2936; x_wconf 90' lang='lat' dir='ltr'>propter</span> <span class='ocrx_word' id='word_1_270' title='bbox 644 2868 840 2937; x_wconf 88' lang='lat' dir='ltr'>[pracceptum]</span> <span class='ocrx_word' id='word_1_271' title='bbox 859 2871 1032 2936; x_wconf 88' lang='lat' dir='ltr'>imperatoris</span> <span class='ocrx_word' id='word_1_272' title='bbox 1049 2874 1196 2935; x_wconf 89' lang='lat' dir='ltr'>commoto,</span> <span class='ocrx_word' id='word_1_273' title='bbox 1217 2870 1314 2937; x_wconf 86' lang='lat' dir='ltr'>piures</span> <span class='ocrx_word' id='word_1_274' title='bbox 1330 2870 1387 2937; x_wconf 83' lang='lat' dir='ltr'>riri,</span> <span class='ocrx_word' id='word_1_275' title='bbox 1403 2866 1443 2935; x_wconf 87' lang='lat' dir='ltr'>qut</span> <span class='ocrx_word' id='word_1_276' title='bbox 1453 2852 1518 2917; x_wconf 67' lang='lat' dir='ltr'>itt!</span> 
     </span>
     <span class='ocr_line' id='line_1_27' title="bbox 292 2954 1560 3035; baseline -0.002 -15"><span class='ocrx_word' id='word_1_277' title='bbox 292 2969 402 3022; x_wconf 88' lang='lat' dir='ltr'>nomine</span> <span class='ocrx_word' id='word_1_278' title='bbox 421 2969 598 3035; x_wconf 87' lang='lat' dir='ltr'>vocabantur,</span> <span class='ocrx_word' id='word_1_279' title='bbox 619 2968 809 3035; x_wconf 88' lang='lat' dir='ltr'>comprehensi</span> <span class='ocrx_word' id='word_1_280' title='bbox 831 2974 903 3020; x_wconf 88' lang='lat' dir='ltr'>sunt.</span> <span class='ocrx_word' id='word_1_281' title='bbox 924 2971 954 3020; x_wconf 80' lang='lat' dir='ltr'>ut</span> <span class='ocrx_word' id='word_1_282' title='bbox 974 2981 1036 3022; x_wconf 89' lang='lat' dir='ltr'>cum</span> <span class='ocrx_word' id='word_1_283' title='bbox 1053 2967 1222 3021; x_wconf 87' lang='lat' dir='ltr'>ducerentur</span> <span class='ocrx_word' id='word_1_284' title='bbox 1239 2968 1275 3022; x_wconf 90' lang='lat' dir='ltr'>ad</span> <span class='ocrx_word' id='word_1_285' title='bbox 1294 2969 1416 3035; x_wconf 86' lang='lat' dir='ltr'>puellam,</span> <span class='ocrx_word' id='word_1_286' title='bbox 1432 2968 1490 3017; x_wconf 85' lang='lat' dir='ltr'>neut</span> <span class='ocrx_word' id='word_1_287' title='bbox 1558 2954 1560 2959; x_wconf 73' lang='grc'><strong>’</strong></span> 
     </span>
     <span class='ocr_line' id='line_1_28' title="bbox 291 3068 1485 3135; baseline -0.003 -16"><span class='ocrx_word' id='word_1_288' title='bbox 291 3081 352 3120; x_wconf 87' lang='lat' dir='ltr'>eam</span> <span class='ocrx_word' id='word_1_289' title='bbox 364 3080 462 3120; x_wconf 89' lang='lat' dir='ltr'>sanare</span> <span class='ocrx_word' id='word_1_290' title='bbox 476 3073 591 3134; x_wconf 88' lang='lat' dir='ltr'>poterat,</span> <span class='ocrx_word' id='word_1_291' title='bbox 609 3068 672 3134; x_wconf 88' lang='lat' dir='ltr'>quia</span> <span class='ocrx_word' id='word_1_292' title='bbox 694 3081 749 3121; x_wconf 92' lang='lat' dir='ltr'>non</span> <span class='ocrx_word' id='word_1_293' title='bbox 771 3073 829 3120; x_wconf 89' lang='lat' dir='ltr'>erat</span> <span class='ocrx_word' id='word_1_294' title='bbox 847 3068 875 3119; x_wconf 93' lang='lat' dir='ltr'>in</span> <span class='ocrx_word' id='word_1_295' title='bbox 894 3068 960 3134; x_wconf 88' lang='lat' dir='ltr'>ipsis</span> <span class='ocrx_word' id='word_1_296' title='bbox 973 3068 1019 3135; x_wconf 92' lang='lat' dir='ltr'>qui</span> <span class='ocrx_word' id='word_1_297' title='bbox 1033 3081 1066 3120; x_wconf 82' lang='lat' dir='ltr'>ex</span> <span class='ocrx_word' id='word_1_298' title='bbox 1078 3068 1192 3121; x_wconf 88' lang='lat' dir='ltr'>veritate</span> <span class='ocrx_word' id='word_1_299' title='bbox 1204 3069 1395 3135; x_wconf 80' lang='lat' dir='ltr'>quaerebatur.</span> <span class='ocrx_word' id='word_1_300' title='bbox 1404 3068 1485 3119; x_wconf 83' lang='lat' dir='ltr'>lutera</span> 
     </span>
     <span class='ocr_line' id='line_1_29' title="bbox 291 3157 1489 3234; baseline -0.002 -14"><span class='ocrx_word' id='word_1_301' title='bbox 291 3171 429 3220; x_wconf 81' lang='lat' dir='ltr'>Romanae</span> <span class='ocrx_word' id='word_1_302' title='bbox 450 3167 565 3220; x_wconf 85' lang='lat' dir='ltr'>civitatis</span> <span class='ocrx_word' id='word_1_303' title='bbox 586 3167 687 3219; x_wconf 90' lang='lat' dir='ltr'>milites</span> <span class='ocrx_word' id='word_1_304' title='bbox 715 3168 880 3219; x_wconf 87' lang='lat' dir='ltr'>invenerunt</span> <span class='ocrx_word' id='word_1_305' title='bbox 904 3168 1015 3220; x_wconf 89' lang='lat' dir='ltr'>beatum</span> <span class='ocrx_word' id='word_1_306' title='bbox 1042 3168 1216 3234; x_wconf 88' lang='lat' dir='ltr'>Tryphonem</span> <span class='ocrx_word' id='word_1_307' title='bbox 1239 3157 1489 3227; x_wconf 69' lang='lat' dir='ltr'>sansadoniaeou</span> 
     </span>
     <span class='ocr_line' id='line_1_30' title="bbox 288 3260 1489 3334; baseline -0.003 -16"><span class='ocrx_word' id='word_1_308' title='bbox 288 3268 363 3331; x_wconf 82' lang='lat' dir='ltr'>juxta</span> <span class='ocrx_word' id='word_1_309' title='bbox 376 3267 464 3319; x_wconf 84' lang='lat' dir='ltr'>laeum</span> <span class='ocrx_word' id='word_1_310' title='bbox 486 3266 615 3333; x_wconf 89' lang='lat' dir='ltr'>pascebat</span> <span class='ocrx_word' id='word_1_311' title='bbox 631 3279 712 3319; x_wconf 90' lang='lat' dir='ltr'>aucas</span> <span class='ocrx_word' id='word_1_312' title='bbox 734 3267 762 3317; x_wconf 93' lang='lat' dir='ltr'>in</span> <span class='ocrx_word' id='word_1_313' title='bbox 784 3265 882 3332; x_wconf 86' lang='lat' dir='ltr'>palude</span> <span class='ocrx_word' id='word_1_314' title='bbox 902 3278 1045 3333; x_wconf 83' lang='lat' dir='ltr'>aquosum.</span> <span class='ocrx_word' id='word_1_315' title='bbox 1064 3267 1148 3329; x_wconf 77' lang='lat' dir='ltr'>Quem</span> <span class='ocrx_word' id='word_1_316' title='bbox 1162 3264 1426 3334; x_wconf 77' lang='lat' dir='ltr'>interrogaveruntsi</span> <span class='ocrx_word' id='word_1_317' title='bbox 1439 3260 1489 3315; x_wconf 72' lang='lat' dir='ltr'>erati</span> 
     </span>
     <span class='ocr_line' id='line_1_31' title="bbox 289 3363 1487 3433; baseline 0.003 -16"><span class='ocrx_word' id='word_1_318' title='bbox 289 3367 416 3432; x_wconf 85' lang='lat' dir='ltr'>Tryphon</span> <span class='ocrx_word' id='word_1_319' title='bbox 429 3367 476 3431; x_wconf 92' lang='lat' dir='ltr'>qui</span> <span class='ocrx_word' id='word_1_320' title='bbox 489 3366 681 3433; x_wconf 84' lang='lat' dir='ltr'>quaerebatur.</span> <span class='ocrx_word' id='word_1_321' title='bbox 695 3367 755 3431; x_wconf 90' lang='lat' dir='ltr'>lpse</span> <span class='ocrx_word' id='word_1_322' title='bbox 768 3378 831 3419; x_wconf 79' lang='lat' dir='ltr'>tero</span> <span class='ocrx_word' id='word_1_323' title='bbox 844 3365 988 3418; x_wconf 83' lang='lat' dir='ltr'>consessus</span> <span class='ocrx_word' id='word_1_324' title='bbox 1001 3371 1042 3418; x_wconf 86' lang='lat' dir='ltr'>est</span> <span class='ocrx_word' id='word_1_325' title='bbox 1054 3378 1084 3418; x_wconf 88' lang='lat' dir='ltr'>se</span> <span class='ocrx_word' id='word_1_326' title='bbox 1096 3377 1157 3418; x_wconf 86' lang='lat' dir='ltr'>esse</span> <span class='ocrx_word' id='word_1_327' title='bbox 1170 3366 1218 3432; x_wconf 91' lang='lat' dir='ltr'>qui</span> <span class='ocrx_word' id='word_1_328' title='bbox 1231 3363 1487 3433; x_wconf 67' lang='lat' dir='ltr'>quaerendarum</span> 
     </span>
     <span class='ocr_line' id='line_1_32' title="bbox 289 3454 1487 3532; baseline -0.004 -17"><span class='ocrx_word' id='word_1_329' title='bbox 289 3465 376 3515; x_wconf 90' lang='lat' dir='ltr'>statim</span> <span class='ocrx_word' id='word_1_330' title='bbox 399 3477 470 3530; x_wconf 91' lang='lat' dir='ltr'>equo</span> <span class='ocrx_word' id='word_1_331' title='bbox 492 3465 673 3531; x_wconf 88' lang='lat' dir='ltr'>imponentes,</span> <span class='ocrx_word' id='word_1_332' title='bbox 693 3464 828 3516; x_wconf 87' lang='lat' dir='ltr'>miserunt</span> <span class='ocrx_word' id='word_1_333' title='bbox 840 3464 1009 3530; x_wconf 90' lang='lat' dir='ltr'>imperatori.</span> <span class='ocrx_word' id='word_1_334' title='bbox 1028 3466 1150 3531; x_wconf 85' lang='lat' dir='ltr'>Cumque</span> <span class='ocrx_word' id='word_1_335' title='bbox 1163 3467 1396 3532; x_wconf 88' lang='lat' dir='ltr'>appropinquaret</span> <span class='ocrx_word' id='word_1_336' title='bbox 1404 3454 1487 3515; x_wconf 78' lang='lat' dir='ltr'>unni.</span> 
     </span>
     <span class='ocr_line' id='line_1_33' title="bbox 289 3558 1488 3632; baseline 0.002 -17"><span class='ocrx_word' id='word_1_337' title='bbox 289 3565 413 3617; x_wconf 81' lang='lat' dir='ltr'>clamarit</span> <span class='ocrx_word' id='word_1_338' title='bbox 431 3564 540 3630; x_wconf 91' lang='lat' dir='ltr'>spiritus</span> <span class='ocrx_word' id='word_1_339' title='bbox 561 3564 705 3632; x_wconf 82' lang='lat' dir='ltr'>malignus,</span> <span class='ocrx_word' id='word_1_340' title='bbox 727 3563 842 3616; x_wconf 89' lang='lat' dir='ltr'>dicens:</span> <span class='ocrx_word' id='word_1_341' title='bbox 864 3562 933 3615; x_wconf 86' lang='lat' dir='ltr'>Non</span> <span class='ocrx_word' id='word_1_342' title='bbox 947 3576 1077 3630; x_wconf 80' lang='lat' dir='ltr'>possum</span> <span class='ocrx_word' id='word_1_343' title='bbox 1098 3562 1245 3618; x_wconf 79' lang='lat' dir='ltr'>habitare</span> <span class='ocrx_word' id='word_1_344' title='bbox 1265 3564 1302 3617; x_wconf 78' lang='lat' dir='ltr'>in</span> <span class='ocrx_word' id='word_1_345' title='bbox 1322 3564 1381 3618; x_wconf 79' lang='lat' dir='ltr'>bac</span> <span class='ocrx_word' id='word_1_346' title='bbox 1389 3558 1488 3631; x_wconf 73' lang='grc' dir='ltr'><strong>μιηίίίι·</strong></span> 
     </span>
     <span class='ocr_line' id='line_1_34' title="bbox 289 3662 1487 3731; baseline -0.005 -15"><span class='ocrx_word' id='word_1_347' title='bbox 289 3662 391 3716; x_wconf 79' lang='lat' dir='ltr'>adnm</span> <span class='ocrx_word' id='word_1_348' title='bbox 410 3663 493 3715; x_wconf 84' lang='lat' dir='ltr'>enirn</span> <span class='ocrx_word' id='word_1_349' title='bbox 514 3666 576 3715; x_wconf 83' lang='lat' dir='ltr'>tres</span> <span class='ocrx_word' id='word_1_350' title='bbox 596 3663 660 3715; x_wconf 83' lang='lat' dir='ltr'>dies</span> <span class='ocrx_word' id='word_1_351' title='bbox 677 3665 771 3715; x_wconf 85' lang='lat' dir='ltr'>crunt</span> <span class='ocrx_word' id='word_1_352' title='bbox 786 3665 816 3715; x_wconf 89' lang='lat' dir='ltr'>et</span> <span class='ocrx_word' id='word_1_353' title='bbox 837 3662 937 3715; x_wconf 76' lang='lat' dir='ltr'>variet</span> <span class='ocrx_word' id='word_1_354' title='bbox 955 3662 1010 3728; x_wconf 85' lang='lat' dir='ltr'>qui</span> <span class='ocrx_word' id='word_1_355' title='bbox 1020 3664 1209 3729; x_wconf 82' lang='lat' dir='ltr'>potestatem</span> <span class='ocrx_word' id='word_1_356' title='bbox 1222 3662 1487 3731; x_wconf 68' lang='lat' dir='ltr'>acceptandam</span> 
     </span>
     <span class='ocr_line' id='line_1_35' title="bbox 289 3753 1489 3828; baseline 0.001 -16"><span class='ocrx_word' id='word_1_357' title='bbox 289 3776 352 3827; x_wconf 88' lang='lat' dir='ltr'>nos,</span> <span class='ocrx_word' id='word_1_358' title='bbox 366 3766 395 3814; x_wconf 89' lang='lat' dir='ltr'>et</span> <span class='ocrx_word' id='word_1_359' title='bbox 408 3764 531 3814; x_wconf 79' lang='lat' dir='ltr'>calcare</span> <span class='ocrx_word' id='word_1_360' title='bbox 547 3763 723 3828; x_wconf 80' lang='lat' dir='ltr'>scorpiones</span> <span class='ocrx_word' id='word_1_361' title='bbox 741 3765 769 3814; x_wconf 86' lang='lat' dir='ltr'>et</span> <span class='ocrx_word' id='word_1_362' title='bbox 786 3761 967 3827; x_wconf 80' lang='lat' dir='ltr'>disperdere</span> <span class='ocrx_word' id='word_1_363' title='bbox 985 3773 1045 3814; x_wconf 90' lang='lat' dir='ltr'>eos.</span> <span class='ocrx_word' id='word_1_364' title='bbox 1065 3763 1095 3814; x_wconf 87' lang='lat' dir='ltr'>iit</span> <span class='ocrx_word' id='word_1_365' title='bbox 1115 3761 1201 3814; x_wconf 87' lang='lat' dir='ltr'>multa</span> <span class='ocrx_word' id='word_1_366' title='bbox 1218 3761 1344 3816; x_wconf 88' lang='lat' dir='ltr'>clamans</span> <span class='ocrx_word' id='word_1_367' title='bbox 1362 3753 1489 3814; x_wconf 70' lang='lat' dir='ltr'>inmunda</span> 
     </span>
     <span class='ocr_line' id='line_1_36' title="bbox 288 3850 1490 3928; baseline -0.006 -16"><span class='ocrx_word' id='word_1_368' title='bbox 288 3863 398 3927; x_wconf 89' lang='lat' dir='ltr'>spiritus</span> <span class='ocrx_word' id='word_1_369' title='bbox 411 3875 537 3928; x_wconf 80' lang='lat' dir='ltr'>egressus</span> <span class='ocrx_word' id='word_1_370' title='bbox 556 3867 596 3912; x_wconf 90' lang='lat' dir='ltr'>est</span> <span class='ocrx_word' id='word_1_371' title='bbox 615 3861 744 3925; x_wconf 88' lang='lat' dir='ltr'>apuelia,</span> <span class='ocrx_word' id='word_1_372' title='bbox 758 3865 784 3912; x_wconf 90' lang='lat' dir='ltr'>et</span> <span class='ocrx_word' id='word_1_373' title='bbox 805 3872 870 3911; x_wconf 88' lang='lat' dir='ltr'>sana</span> <span class='ocrx_word' id='word_1_374' title='bbox 887 3860 957 3911; x_wconf 84' lang='lat' dir='ltr'>tacta</span> <span class='ocrx_word' id='word_1_375' title='bbox 970 3865 1019 3911; x_wconf 91' lang='lat' dir='ltr'>est.</span> <span class='ocrx_word' id='word_1_376' title='bbox 1031 3860 1181 3924; x_wconf 89' lang='lat' dir='ltr'>imperator</span> <span class='ocrx_word' id='word_1_377' title='bbox 1200 3874 1266 3913; x_wconf 82' lang='lat' dir='ltr'>vero</span> <span class='ocrx_word' id='word_1_378' title='bbox 1285 3860 1386 3915; x_wconf 82' lang='lat' dir='ltr'>notavit</span> <span class='ocrx_word' id='word_1_379' title='bbox 1401 3850 1490 3911; x_wconf 73' lang='lat' dir='ltr'>demit</span> 
     </span>
     <span class='ocr_line' id='line_1_37' title="bbox 287 3956 1493 4026; baseline 0.001 -14"><span class='ocrx_word' id='word_1_380' title='bbox 287 3973 340 4026; x_wconf 89' lang='lat' dir='ltr'>qua</span> <span class='ocrx_word' id='word_1_381' title='bbox 353 3958 408 4013; x_wconf 88' lang='lat' dir='ltr'>sriia</span> <span class='ocrx_word' id='word_1_382' title='bbox 421 3962 481 4025; x_wconf 80' lang='lat' dir='ltr'>eius</span> <span class='ocrx_word' id='word_1_383' title='bbox 493 3968 586 4012; x_wconf 88' lang='lat' dir='ltr'>sanata</span> <span class='ocrx_word' id='word_1_384' title='bbox 598 3964 648 4012; x_wconf 85' lang='lat' dir='ltr'>est.</span> <span class='ocrx_word' id='word_1_385' title='bbox 662 3961 784 4025; x_wconf 83' lang='lat' dir='ltr'>Cumque</span> <span class='ocrx_word' id='word_1_386' title='bbox 795 3962 905 4010; x_wconf 89' lang='lat' dir='ltr'>sanctus</span> <span class='ocrx_word' id='word_1_387' title='bbox 915 3958 1042 4023; x_wconf 89' lang='lat' dir='ltr'>Tryphon</span> <span class='ocrx_word' id='word_1_388' title='bbox 1052 3956 1208 4011; x_wconf 88' lang='lat' dir='ltr'>advenisset</span> <span class='ocrx_word' id='word_1_389' title='bbox 1220 3966 1283 4025; x_wconf 92' lang='lat' dir='ltr'>post</span> <span class='ocrx_word' id='word_1_390' title='bbox 1293 3966 1350 4013; x_wconf 85' lang='lat' dir='ltr'>tres</span> <span class='ocrx_word' id='word_1_391' title='bbox 1359 3957 1423 4021; x_wconf 81' lang='lat' dir='ltr'>dies,</span> <span class='ocrx_word' id='word_1_392' title='bbox 1432 3960 1493 4023; x_wconf 64' lang='lat' dir='ltr'>ew</span> 
     </span>
     <span class='ocr_line' id='line_1_38' title="bbox 287 4041 1495 4133; baseline -0.002 -15"><span class='ocrx_word' id='word_1_393' title='bbox 287 4069 322 4119; x_wconf 81' lang='lat' dir='ltr'>rit</span> <span class='ocrx_word' id='word_1_394' title='bbox 336 4041 482 4133; x_wconf 85' lang='lat' dir='ltr'>imperator</span> <span class='ocrx_word' id='word_1_395' title='bbox 495 4068 584 4133; x_wconf 87' lang='lat' dir='ltr'>ipsum</span> <span class='ocrx_word' id='word_1_396' title='bbox 597 4080 656 4118; x_wconf 86' lang='lat' dir='ltr'>esse</span> <span class='ocrx_word' id='word_1_397' title='bbox 678 4067 723 4131; x_wconf 91' lang='lat' dir='ltr'>qui</span> <span class='ocrx_word' id='word_1_398' title='bbox 742 4064 825 4117; x_wconf 88' lang='lat' dir='ltr'>illlam</span> <span class='ocrx_word' id='word_1_399' title='bbox 842 4065 901 4132; x_wconf 88' lang='lat' dir='ltr'>ejus</span> <span class='ocrx_word' id='word_1_400' title='bbox 913 4068 1043 4117; x_wconf 87' lang='lat' dir='ltr'>curasset.</span> <span class='ocrx_word' id='word_1_401' title='bbox 1058 4065 1185 4131; x_wconf 82' lang='lat' dir='ltr'>llixitqne</span> <span class='ocrx_word' id='word_1_402' title='bbox 1196 4065 1238 4119; x_wconf 94' lang='lat' dir='ltr'>iili</span> <span class='ocrx_word' id='word_1_403' title='bbox 1252 4065 1419 4133; x_wconf 85' lang='lat' dir='ltr'>imperator:</span> <span class='ocrx_word' id='word_1_404' title='bbox 1431 4062 1495 4117; x_wconf 78' lang='lat' dir='ltr'>sits</span> 
     </span>
     <span class='ocr_line' id='line_1_39' title="bbox 287 4160 1499 4233; baseline -0.002 -15"><span class='ocrx_word' id='word_1_405' title='bbox 287 4180 317 4218; x_wconf 89' lang='lat' dir='ltr'>es</span> <span class='ocrx_word' id='word_1_406' title='bbox 329 4167 384 4233; x_wconf 85' lang='lat' dir='ltr'>qni</span> <span class='ocrx_word' id='word_1_407' title='bbox 394 4167 518 4221; x_wconf 85' lang='lat' dir='ltr'>sanasti</span> <span class='ocrx_word' id='word_1_408' title='bbox 525 4167 677 4233; x_wconf 82' lang='lat' dir='ltr'>puellam,</span> <span class='ocrx_word' id='word_1_409' title='bbox 690 4163 813 4217; x_wconf 85' lang='lat' dir='ltr'>ostende</span> <span class='ocrx_word' id='word_1_410' title='bbox 823 4164 909 4216; x_wconf 73' lang='lat' dir='ltr'>nobis</span> <span class='ocrx_word' id='word_1_411' title='bbox 922 4164 1110 4218; x_wconf 81' lang='lat' dir='ltr'>daemonem.</span> <span class='ocrx_word' id='word_1_412' title='bbox 1126 4165 1195 4216; x_wconf 90' lang='lat' dir='ltr'>cum</span> <span class='ocrx_word' id='word_1_413' title='bbox 1208 4169 1304 4218; x_wconf 86' lang='lat' dir='ltr'>autem</span> <span class='ocrx_word' id='word_1_414' title='bbox 1312 4167 1444 4233; x_wconf 66' lang='lat' dir='ltr'>iquuara</span> <span class='ocrx_word' id='word_1_415' title='bbox 1453 4160 1499 4215; x_wconf 83' lang='lat' dir='ltr'>bet·</span> 
     </span>
     <span class='ocr_line' id='line_1_40' title="bbox 288 4256 1501 4333; baseline 0.001 -17"><span class='ocrx_word' id='word_1_416' title='bbox 288 4273 331 4317; x_wconf 92' lang='lat' dir='ltr'>tus</span> <span class='ocrx_word' id='word_1_417' title='bbox 342 4266 581 4332; x_wconf 88' lang='lat' dir='ltr'>Tryphon,01·abat</span> <span class='ocrx_word' id='word_1_418' title='bbox 591 4265 624 4318; x_wconf 89' lang='lat' dir='ltr'>ad</span> <span class='ocrx_word' id='word_1_419' title='bbox 638 4264 782 4317; x_wconf 86' lang='lat' dir='ltr'>bominum</span> <span class='ocrx_word' id='word_1_420' title='bbox 792 4264 889 4316; x_wconf 89' lang='lat' dir='ltr'>dicens</span> <span class='ocrx_word' id='word_1_421' title='bbox 902 4279 908 4313; x_wconf 90' lang='lat'>:</span> <span class='ocrx_word' id='word_1_422' title='bbox 924 4264 1049 4316; x_wconf 82' lang='lat' dir='ltr'>Domine</span> <span class='ocrx_word' id='word_1_423' title='bbox 1061 4264 1141 4316; x_wconf 85' lang='lat' dir='ltr'>Dens</span> <span class='ocrx_word' id='word_1_424' title='bbox 1150 4265 1360 4333; x_wconf 79' lang='lat' dir='ltr'>omnipotens,</span> <span class='ocrx_word' id='word_1_425' title='bbox 1369 4256 1501 4333; x_wconf 75' lang='lat' dir='ltr'>quiverit</span> 
     </span>
     <span class='ocr_line' id='line_1_41' title="bbox 289 4360 1505 4428; baseline 0 -15"><span class='ocrx_word' id='word_1_426' title='bbox 289 4364 414 4416; x_wconf 81' lang='lat' dir='ltr'>or&#39;rtntts</span> <span class='ocrx_word' id='word_1_427' title='bbox 435 4367 507 4416; x_wconf 83' lang='lat' dir='ltr'>tuac</span> <span class='ocrx_word' id='word_1_428' title='bbox 526 4367 638 4417; x_wconf 83' lang='lat' dir='ltr'>cuneta</span> <span class='ocrx_word' id='word_1_429' title='bbox 659 4362 782 4428; x_wconf 81' lang='lat' dir='ltr'>creasti,</span> <span class='ocrx_word' id='word_1_430' title='bbox 804 4362 924 4418; x_wconf 81' lang='lat' dir='ltr'>eaelum</span> <span class='ocrx_word' id='word_1_431' title='bbox 944 4361 1091 4414; x_wconf 78' lang='lat' dir='ltr'>solr&#39;dasti</span> <span class='ocrx_word' id='word_1_432' title='bbox 1111 4363 1141 4414; x_wconf 88' lang='lat' dir='ltr'>et</span> <span class='ocrx_word' id='word_1_433' title='bbox 1161 4374 1233 4415; x_wconf 84' lang='lat' dir='ltr'>enm</span> <span class='ocrx_word' id='word_1_434' title='bbox 1252 4360 1505 4417; x_wconf 71' lang='lat' dir='ltr'>earliestderibttt</span> 
     </span>
    </p>
   </div>
   <div class='ocr_carea' id='block_1_3' title="bbox 319 4557 1145 4626">
    <p class='ocr_par' dir='ltr' id='par_1_3' title="bbox 319 4557 1145 4626">
     <span class='ocr_line' id='line_1_42' title="bbox 319 4557 1145 4626; baseline 0.002 -17"><span class='ocrx_word' id='word_1_435' title='bbox 319 4560 353 4622; x_wconf 80' lang='lat' dir='ltr'>(i)</span> <span class='ocrx_word' id='word_1_436' title='bbox 367 4559 394 4610; x_wconf 91' lang='lat' dir='ltr'>id</span> <span class='ocrx_word' id='word_1_437' title='bbox 409 4567 449 4612; x_wconf 87' lang='lat' dir='ltr'>est</span> <span class='ocrx_word' id='word_1_438' title='bbox 461 4574 587 4613; x_wconf 87' lang='lat' dir='ltr'>anserum</span> <span class='ocrx_word' id='word_1_439' title='bbox 600 4558 750 4613; x_wconf 85' lang='lat' dir='ltr'>custodem.</span> <span class='ocrx_word' id='word_1_440' title='bbox 766 4558 823 4610; x_wconf 77' lang='lat' dir='ltr'>tid.</span> <span class='ocrx_word' id='word_1_441' title='bbox 839 4561 877 4610; x_wconf 89' lang='lat' dir='ltr'>bu</span> <span class='ocrx_word' id='word_1_442' title='bbox 890 4562 987 4626; x_wconf 71' lang='lat' dir='ltr'>canpe,</span> <span class='ocrx_word' id='word_1_443' title='bbox 1004 4557 1145 4611; x_wconf 83' lang='lat' dir='ltr'>Glossar.</span> 
     </span>
    </p>
   </div>
   <div class='ocr_carea' id='block_1_4' title="bbox 0 0 1572 5482">
    <p class='ocr_par' dir='ltr' id='par_1_4' title="bbox 0 0 1572 5482">
     <span class='ocr_line' id='line_1_43' title="bbox 0 0 1572 5482; baseline 0 2"><span class='ocrx_word' id='word_1_444' title='bbox 0 0 1572 5482; x_wconf 95' lang='lat' dir='ltr'> </span> 
     </span>
    </p>
   </div>
  </div>
 </body>
</html>
