3136 5482
249 354 342 404 nvnc.
361 353 444 406 nar.
464 355 581 407 rante.
599 376 644 388 -
660 357 814 408 manno.
834 360 882 410 an
898 359 976 411 oon.
995 357 1070 411 ceto.
1214 347 1281 414 395

53 536 102 591 pro
115 524 255 578 amicabili
268 527 353 579 sancti
365 527 416 581 viri
428 529 617 583 consolatione
627 543 710 597 quam
722 543 772 596 pro
784 530 905 596 pollicita
917 535 1024 598 optatae
1036 533 1138 586 sobolis
1150 545 1279 599 procrea·

52 623 136 689 done,
149 625 273 691 quaesita
293 630 321 678 et
341 626 483 693 impetrata
500 641 516 681 a
536 635 629 682 sancto
650 629 774 695 apostolo
791 629 930 683 dominica
951 630 1152 697 benedictione,
1167 630 1231 684 laeti
1252 636 1280 684 et

53 721 156 775 alacres
169 724 271 776 reversi
283 729 348 777 sunt
364 724 399 777 ad
420 726 540 792 propria,
564 729 618 781 beo
638 727 738 794 gratias
759 732 881 796 agentes.
904 731 1045 783 Praeterea
1066 730 1281 798 gloriosissimus

52 822 193 888 apostolus
205 823 301 875 christi
314 824 453 890 ltartiatis,
471 826 660 880 Mauritaniam
680 827 817 880 circuiens
838 827 1121 895 burdegalensemque
1133 841 1281 897 peragrans

15 921 39 973 5
53 921 193 988 regionem
206 923 432 991 wasconiamque
444 924 653 994 circumtegens,
667 939 769 979 sanans
782 927 998 993 quamplurimos
1010 927 1112 994 ubique
1124 927 1280 996 languidos,

52 1019 219 1073 confirmans
228 1021 326 1074 dubios
335 1028 553 1091 convertensque
563 1026 730 1091 incredulos,
741 1026 895 1091 baptizabat
904 1031 1101 1079 concurrentes
1110 1027 1144 1079 ad
1156 1040 1186 1079 se
1195 1027 1280 1080 voluti

53 1132 116 1186 apes
129 1120 163 1173 ad
176 1121 326 1173 alvearium
339 1123 471 1189 populos3
490 1125 602 1191 jamque
624 1124 734 1191 repletis
754 1122 915 1178 credulitate
933 1123 980 1177 bel
999 1126 1127 1178 omnibus
1141 1125 1281 1192 inquibus

54 1217 141 1272 brerat
152 1219 322 1287 regionibus,
338 1221 535 1276 commendans
553 1224 667 1276 bomino
680 1223 849 1292 sigebertum
868 1223 995 1277 comitem
1014 1224 1117 1290 atejus
1134 1225 1280 1291 conjugem

56 1318 237 1386 benedictam,
250 1334 313 1373 curn
327 1321 438 1374 laudum
451 1328 477 1375 et
501 1336 613 1390 precum
626 1322 744 1377 melodia
756 1335 882 1376 reversus
900 1326 942 1375 est
957 1323 1115 1376 lemovicas
1133 1324 1167 1377 ad
1188 1322 1281 1376 sedem

10 1417 41 1468 ⁰
55 1430 140 1483 suam,
154 1425 316 1485 perpetrans
329 1422 358 1474 in
371 1422 534 1476 revertendo
547 1423 632 1476 multa
642 1422 785 1475 mirabilia.

84 1517 117 1569 5.
132 1520 285 1585 Praeterea,
298 1533 360 1573 eum
381 1523 578 1587 comperissent
597 1522 703 1575 illuster
722 1523 763 1574 vir
775 1523 896 1576 anianus
915 1528 943 1575 et
962 1521 1023 1588 ejus
1040 1522 1104 1575 felix
1121 1534 1192 1576 uxor
1207 1524 1283 1575 lusta

55 1616 127 1683 quod
138 1617 354 1686 benignissimas
374 1620 470 1674 doctor
487 1622 596 1675 illorum
617 1621 745 1674 ltartialis
757 1621 791 1674 ad
813 1621 908 1675 sedem
929 1626 1112 1674 reverteretur
1132 1619 1280 1687 propriam,

55 1716 182 1783 completi
194 1719 311 1772 maxima
322 1720 424 1773 doloris
445 1721 589 1788 maestitia,
603 1721 758 1774 tencantur
770 1721 804 1774 ad
825 1719 943 1774 invicem
957 1721 1139 1774 lamentantes
1151 1727 1282 1786 perpetuo

54 1816 152 1870 abhinc
163 1830 194 1870 se
205 1830 399 1884 permansuros
411 1819 526 1887 steriles,
540 1832 573 1873 eo
593 1821 668 1888 quod
679 1820 769 1873 ablata
786 1825 858 1873 esset
875 1820 965 1873 omnis
977 1832 1039 1885 spes
1050 1832 1133 1886 quam
1145 1819 1283 1873 habebant

10 1911 41 1965 Β
55 1914 81 1967 in
93 1916 175 1969 beato
186 1918 309 1983 apostolo
322 1923 353 1971 ut
373 1917 459 1971 fllium
471 1923 654 1987 generarent:
670 1919 704 1972 Si
723 1931 868 1986 essemus,
882 1919 996 1984 aientes,
1009 1917 1099 1985 digni
1113 1919 1149 1970 ut
1166 1929 1283 1971 monor

57 2018 133 2068 esset
144 2017 247 2069 nostri
256 2017 476 2072 sanctissimus
487 2019 655 2086 apostatas,
670 2030 734 2072 non
745 2019 912 2071 recreasset
929 2018 972 2070 ad
979 2017 1123 2084 propria,
1136 2019 1172 2070 ut
1184 2015 1283 2070 medi·

57 2126 136 2181 mus,
151 2114 344 2182 priusquam
367 2116 549 2182 impetraret
569 2115 657 2171 nobis
676 2129 697 2169 a
716 2117 785 2183 Deo,
808 2128 897 2182 quem
920 2115 1057 2184 fideliter
1077 2114 1227 2182 cetimum,
1249 2117 1285 2167 ut

58 2212 161 2280 fllium
173 2212 462 2283 naenepossemuq
475 2215 557 2270 deut
577 2227 633 2269 sno
644 2214 732 2269 nobis
751 2214 950 2269 sanctissimo
970 2226 1033 2291 ore
1042 2212 1284 2281 firmatpotiici-

59 2314 118 2366 tur.
130 2315 197 2366 cum
210 2313 292 2380 igitur
304 2315 370 2367 isset
381 2315 534 2368 recubitum
546 2315 712 2368 venerabilis
722 2317 798 2367 iusta
809 2327 873 2366 cum
884 2312 1041 2380 hujusmodi
1053 2313 1183 2366 maeroris
1196 2311 1285 2365 anxie·

10 2409 43 2461 ὓ
57 2416 119 2478 tate,
131 2414 250 2478 arrepta,
262 2417 294 2465 ut
304 2412 405 2466 assolet
416 2413 572 2481 lugentibus
584 2414 704 2475 evenire,
717 2413 770 2466 alta
782 2413 889 2478 soporis
900 2412 1002 2479 quiete,
1014 2413 1103 2464 visum
1115 2415 1156 2464 est
1167 2411 1193 2464 ei
1211 2409 1285 2478 quod

57 2523 89 2564 ex
107 2512 221 2566 aureola
241 2513 364 2580 dragma,
375 2526 446 2579 quae
467 2514 568 2579 pectori
589 2515 648 2579 ejus
666 2518 778 2567 ornatus
798 2513 883 2580 gratia
901 2511 1070 2576 inhaerebat,
1089 2511 1171 2564 veluti
1192 2511 1286 2564 radius

58 2609 121 2664 solis
141 2611 284 2664 micuisset
293 2616 437 2679 totumque
449 2611 566 2678 spatium
579 2611 698 2666 cubiculi
709 2612 756 2664 ubi
775 2611 932 2678 quiescebat
951 2610 1122 2664 illustrasset.
1134 2609 1211 2675 Quod
1222 2623 1285 2663 oum

58 2710 127 2764 tacto
140 2723 222 2764 mane
232 2711 291 2764 viro
303 2724 353 2764 suo
366 2724 446 2765 secus
457 2725 487 2765 se
499 2710 651 2778 quiescenti
664 2712 837 2779 narravisset,
849 2711 895 2764 ille
904 2711 941 2764 ait
953 2709 987 2763 ad
999 2723 1059 2764 eam
1073 2710 1149 2777 quasi
1163 2710 1283 2763 ironice:

59 2810 129 2865 Nisi
140 2810 290 2864 illuderet
303 2813 331 2864 te
342 2810 452 2877 fallam
472 2811 582 2866 illusio
588 2811 836 2879 phantasmatis,
848 2811 1010 2865 videretur
1029 2809 1109 2863 mibi
1120 2809 1196 2864 baec
1207 2808 1285 2862 visio

10 2903 41 2956 Β
56 2909 253 2964 nativitatem
266 2909 373 2977 scituri
382 2911 565 2979 significare
575 2911 648 2979 filii.
657 2911 768 2964 Verum
778 2911 847 2965 noti
856 2911 929 2976 jam
940 2912 1029 2964 ultra
1046 2909 1185 2964 sollicita
1197 2921 1263 2962 csse
1276 2926 1285 2976 ,-

57 3009 131 3076 guia
152 3008 265 3063 senilis
287 3010 380 3063 aleus
403 3010 547 3063 mulieris
570 3010 746 3076 decrepitae
765 3008 804 3062 ab
828 3021 912 3063 anno
935 3007 1191 3076 quinquagesimo
1215 3006 1284 3074 filio

57 3108 209 3163 screatu
229 3121 311 3175 quern
332 3110 378 3161 illa
400 3110 467 3162 naec
486 3110 617 3177 sagaciter
637 3107 697 3160 infit
716 3124 723 3160 ε
742 3108 953 3175 Nequaquam,
967 3108 1106 3174 inquiens,
1128 3106 1286 3162 consuevit

57 3219 211 3275 apparere
223 3208 388 3261 arearum
399 3209 448 3262 oet
454 3207 716 3275 phantasmatum
728 3207 806 3261 cisio
824 3219 896 3261 cum
912 3207 1061 3261 claritate
1078 3206 1218 3273 luminis,
1231 3207 1286 3259 sed

57 3319 125 3362 cnm
137 3309 237 3361 tetrae
248 3306 414 3361 horredine
424 3309 454 3361 et
465 3307 601 3374 caligine
612 3307 727 3373 noctis,·
739 3308 769 3360 et
778 3307 809 3359 si
820 3307 994 3360 mentiatur
1006 3306 1166 3359 interdum
1178 3304 1287 3358 sabati

10 3398 36 3450 Β
58 3405 418 3473 remancipatam
435 3405 615 3460 claritatem
627 3405 697 3458 atta
713 3404 805 3457 iltius
822 3403 940 3472 favilla
952 3405 1072 3470 petens,
1084 3403 1197 3470 repetit
1214 3415 1288 3457 nwar

58 3502 120 3558 ima
130 3503 286 3558 relabens.
298 3505 382 3558 Haec
400 3517 472 3558 vero
493 3517 587 3572 quam
607 3504 756 3571 conspexi
778 3503 914 3571 lucifera
931 3505 961 3556 et
981 3502 1288 3557 satumiseisionisi

57 3605 133 3657 esset
149 3616 191 3657 ea
211 3604 281 3669 Deo,
295 3616 377 3657 arva
394 3604 578 3670 relinquens
595 3616 659 3658 non
671 3606 854 3671 penetraret
873 3604 986 3657 caelos.
1010 3603 1204 3669 Quapropter
1219 3614 1288 3656 con·

49 3701 178 3767 tectoria
198 3702 320 3770 confido
339 3703 511 3770 adimpleri
529 3703 705 3770 oracutum,
724 3705 759 3756 ut
781 3701 934 3768 largiente
952 3702 1062 3755 Decet
1082 3700 1289 3754 intercedente

56 3799 141 3856 beato
152 3801 302 3855 Martiale
313 3814 425 3869 queam
437 3802 495 3855 diu
506 3805 649 3869 optatum
668 3801 772 3855 adhuc
785 3813 904 3869 parere
921 3800 1035 3868 fitium.
1050 3803 1118 3852 curn
1138 3800 1187 3852 hac
1206 3801 1288 3867 igitur

10 3888 41 3946 Β
58 3900 395 3955 alternacontabulatione
416 3914 452 3954 ex
474 3907 560 3955 stratu
576 3902 688 3967 proprio
709 3906 897 3968 exsurgentes,
911 3904 1067 3953 sanctorum
1085 3899 1288 3966 quamprimum

57 3999 183 4055 adierunt
202 4002 362 4064 oratorium,
380 4000 503 4054 divinum
524 4000 696 4068 efflagitaturi
713 3997 881 4067 suffragium,
894 4004 925 4052 ut
946 4000 1013 4052 baec
1035 3998 1203 4051 admirabilis
1221 3999 1289 4051 visio

57 4104 210 4153 verteretur
222 4099 251 4152 in
263 4099 377 4165 bonum,
391 4099 497 4152 babens
506 4100 582 4165 juxta
595 4100 701 4152 bomini
719 4098 837 4161 libitum,
847 4098 917 4150 sicut
929 4098 979 4163 ipsi
998 4095 1136 4163 optabant,
1150 4095 1288 4149 salubrem

57 4197 194 4251 ellectum.
206 4198 301 4250 Paucis
312 4198 413 4251 deinde
425 4199 540 4251 evolutis
551 4198 659 4262 diebus,
670 4198 760 4266 agnita
773 4197 915 4264 religiosus
926 4197 967 4250 vir
979 4196 1100 4248 anianus
1112 4195 1227 4262 conjuge
1240 4206 1288 4248 sua

54 4300 140 4364 lusia,
152 4295 306 4365 gignendae
319 4297 404 4363 protis
416 4298 501 4365 magis
512 4311 594 4364 quam
607 4297 760 4363 explendae
772 4296 917 4362 voluptatis
935 4294 1082 4359 desiderio,
1095 4293 1190 4360 genuit
1202 4292 1288 4346 fitium

13 4397 40 4453 lt
54 4395 209 4463 opitulante
221 4396 335 4449 bomino
347 4395 431 4462 idque
443 4395 585 4448 obtinente
597 4396 626 4448 in
638 4396 715 4448 caelo
730 4395 879 4449 clarissimo
892 4394 1007 4461 insignis
1027 4391 1143 4458 apostoli
1161 4392 1289 4444 ltartialis

50 4493 173 4559 merito;
186 4494 366 4561 cognovitque
378 4493 426 4547 diu
438 4494 586 4548 infecunda
599 4495 707 4560 mulier,
721 4494 784 4548 licet
796 4507 857 4547 sero
875 4492 961 4546 sterili
980 4493 1178 4545 intumescente
1196 4496 1285 4557 utero,

47 4595 120 4666 quid
135 4608 188 4663 pro
199 4594 283 4649 unico
296 4596 413 4662 patiatur
425 4595 526 4649 laboris
539 4600 624 4650 mater
638 4595 703 4649 tilio.
