3136 5482
119 1091 243 1210 nida.

85 1485 270 1540 'cod.lterim.

277 110 320 175 24
637 126 763 176 aaran.
781 126 883 177 cono.
903 125 1075 176 adoreon.
1095 124 1175 175 aar.

277 299 393 367 virginis
403 300 548 367 gloriosae,
561 301 659 354 accidit
671 300 699 353 in
718 302 828 369 ltropsia
848 300 921 367 quod
941 301 969 353 in
992 299 1137 353 iossalibus
1155 297 1300 367 profundis
1320 308 1393 364 aqua
1408 297 1539 362 plenis,

276 409 348 464 quae
358 397 497 453 circuiunt
507 400 618 453 domum
630 399 725 454 domni
740 400 847 454 ilenrici
859 399 896 452 du
908 398 1038 464 Pmubyn
1050 397 1154 461 militis,
1166 397 1201 451 de
1213 409 1296 462 super
1317 400 1429 461 pontem
1449 395 1517 448 die-

279 500 369 551 torum
386 497 528 551 tessellum
539 497 639 551 cecidit
650 498 742 553 subito
755 500 893 554 lobannes
913 496 985 551 illius
1000 496 1065 550 dicti
1084 496 1188 561 militis,
1202 496 1274 549 circa
1294 500 1401 562 septem
1419 507 1531 549 annos:

276 594 423 663 attingens,
436 602 464 649 et
476 597 555 650 latuit
566 597 594 651 in
613 597 779 664 protundum
800 609 849 664 per
859 596 977 664 spatium
990 597 1072 650 unius
1084 596 1178 649 leucae
1191 600 1219 647 et
1236 594 1365 660 amplius,
1379 593 1417 646 ita
1435 593 1528 661 quot!

278 693 314 746 de
325 694 410 760 ipsius
421 708 535 761 corpore
550 696 619 750 nihil
639 697 782 750 videbatur
802 702 914 761 excepto
934 695 977 748 sui
999 695 1103 760 capucii
1124 707 1221 749 cornu.
1235 693 1337 759 Populo
1354 697 1383 745 ct
1404 693 1443 746 ob
1461 693 1533 749 boe

278 793 425 847 tumultum
446 795 572 859 faciente,
587 796 653 848 baec
672 795 755 848 verba
771 794 806 847 ad
827 793 931 848 dictum
953 793 1066 846 militem
1089 797 1282 860 pervenerunt,
1296 792 1343 858 qui
1364 804 1430 844 eum
1456 790 1536 859 elus

280 904 365 946 uxore
384 897 471 945 matre
490 892 556 946 dicti
577 894 653 959 pueri
673 898 738 946 tunc
750 898 830 946 orant
847 892 881 945 ad
903 893 1048 946 ecclesiam
1069 905 1140 959 quae
1158 904 1173 944 a
1191 891 1273 944 domo
1291 891 1414 957 ipsorum
1429 890 1527 956 longe

280 988 406 1043 distabat.
421 988 497 1044 lticto
509 991 594 1044 milite
605 992 672 1044 baec
684 991 822 1056 audiente,
835 991 906 1045 ludit
918 1004 1011 1058 preces
1023 992 1057 1045 ad
1070 990 1213 1044 bominum
1233 995 1263 1042 ut
1274 1003 1322 1056 per
1333 989 1527 1042 intercessio·

284 1100 345 1140 nem
358 1090 467 1155 gloriosi
488 1090 546 1155 ejus
558 1091 723 1143 contessoris
736 1090 807 1143 beati
827 1089 933 1143 claudii
946 1088 1031 1142 lilium
1045 1103 1123 1143 suum
1135 1094 1309 1142 conservaret
1320 1093 1348 1140 et
1360 1088 1494 1141 redderet
1506 1091 1522 1108 ·

281 1186 333 1239 sibi
355 1186 528 1241 incolumem.
542 1190 597 1252 Qua
615 1189 738 1241 oratione
760 1187 845 1251 linita,
867 1201 934 1254 puer
952 1188 987 1241 de
1007 1187 1150 1253 promndts
1170 1200 1258 1254 aquae
1277 1187 1359 1239 altius
1378 1186 1519 1248 surrexit,

283 1286 408 1351 plebibus
428 1287 580 1340 astantibus
600 1286 785 1352 circumcirca,
798 1292 825 1340 et
844 1287 878 1340 ad
899 1287 963 1340 litus
984 1299 1071 1353 aquae
1090 1286 1205 1339 feliciter
1226 1286 1357 1352 pervenit,
1377 1285 1414 1339 ita
1438 1282 1521 1352 quod

284 1384 436 1439 abstractus
448 1386 499 1438 luit
509 1385 545 1439 de
565 1398 646 1453 aqua.
660 1387 737 1438 l‘atre
757 1390 823 1440 tunc
843 1385 1015 1448 adveniente,
1034 1385 1101 1438 ridit
1121 1384 1207 1437 illium
1230 1396 1311 1437 snum
1330 1384 1388 1450 lam
1407 1384 1524 1437 nudum

281 1488 310 1536 et
321 1489 445 1550 paratum
459 1484 543 1537 luisse
554 1483 629 1551 quod
639 1484 696 1551 jam
709 1484 837 1538 volebant
849 1485 876 1537 in
889 1483 999 1537 sudario
1012 1483 1136 1549 religare.
1147 1485 1248 1535 lterum
1259 1486 1268 1503 ·
1278 1483 1365 1536 orarit
1374 1483 1410 1536 ad
1425 1484 1521 1537 bomi-

286 1595 351 1634 num
364 1589 449 1649 pater,
462 1588 493 1635 ut
512 1582 698 1635 intercedente
710 1584 789 1636 beato
802 1583 913 1636 Claudio
932 1581 1018 1635 lilium
1030 1583 1089 1648 eius
1100 1578 1229 1635 ledderct
1248 1594 1355 1634 sanum.
1370 1580 1520 1634 Exaudlvit

284 1680 357 1733 enlm
371 1681 501 1734 bominus
521 1682 580 1746 ejus
591 1685 618 1732 et
630 1680 722 1746 populi
733 1681 883 1734 orationem
897 1697 905 1732 r
919 1686 945 1733 et
957 1679 1020 1733 ilico
1041 1693 1109 1746 puer
1120 1682 1215 1734 oculos
1227 1679 1335 1746 aperuit
1345 1683 1374 1732 et
1387 1678 1514 1747 ingemis

283 1791 348 1831 cens
361 1779 478 1843 suspiria
491 1779 610 1844 protulit
624 1780 655 1831 dt
667 1778 757 1832 statim
772 1778 828 1831 illio
840 1779 949 1832 dicente
962 1794 969 1830 r
981 1779 1087 1845 Pater,
1099 1791 1139 1832 ne
1151 1779 1309 1845 timeatie;
1322 1778 1392 1832 oioo
1403 1790 1470 1845 epo,
1485 1781 1513 1832 et

284 1888 333 1931 mc
351 1875 470 1931 bebetis
487 1890 603 1931 sonum
621 1880 652 1931 et
671 1875 816 1931 hilarem.
831 1879 876 1930 bic
898 1891 966 1931 vero
987 1877 1068 1930 lunae
1090 1885 1149 1944 post
1169 1878 1267 1931 festum
1290 1877 1362 1931 beati
1379 1878 1512 1931 lobannis

284 1976 427 2042 Baptistae,
441 1981 517 2042 pater
536 1982 564 2029 et
584 1983 671 2030 mater
681 1977 746 2030 dicti
758 1976 836 2042 pueri
848 1988 903 2029 una
916 1990 978 2029 cum
991 1977 1049 2042 ipso
1062 1989 1147 2043 puero
1162 1977 1196 2029 ad
1209 1978 1339 2029 Sanctum
1351 1975 1511 2041 ducendum
1533 2037 1537 2047 Ι

285 2075 314 2128 in
338 2075 452 2129 ecelesia
475 2074 523 2128 ubi
544 2088 643 2142 corpus
666 2075 880 2129 sacratissimum
894 2076 980 2142 ipsius
1000 2075 1188 2142 gloriosissimi
1206 2074 1372 2129 contessoris
1394 2075 1513 2142 requies

285 2174 594 2228 eitconreniuntcausa
614 2175 678 2239 voti,
695 2179 722 2227 et
738 2173 839 2227 ibidem
856 2174 959 2228 dictum
982 2175 1143 2227 miraculum
1164 2175 1204 2227 sic
1224 2172 1389 2227 mirabiliter
1412 2175 1510 2226 iactum
1528 2182 1546 2205 ²

193 2334 196 2343 Ι
286 2273 378 2327 divina
400 2273 486 2341 pratia
506 2273 673 2340 suffragante
694 2273 721 2325 in
745 2273 898 2340 praesentia
919 2273 1039 2339 plurium
1064 2268 1252 2341 religiosorum
1273 2278 1301 2326 et
1323 2272 1443 2326 aliorum
1464 2271 1515 2325 ilde

150 4166 159 4187 ‘
170 4165 236 4221 cod.

110 4232 278 4287 consessore.

285 2371 430 2441 dignorum
442 2385 534 2426 coram
553 2373 640 2426 altare
659 2373 723 2426 dicti
744 2372 932 2438 gloriosissimi
944 2372 1109 2427 contessoris
1127 2372 1227 2425 christi
1246 2372 1297 2426 sub
1309 2372 1394 2425 verbo
1406 2370 1473 2425 tidei
1491 2375 1515 2424 ct

286 2472 399 2526 veritate
411 2471 519 2538 publice
530 2472 691 2526 retulerunt.
702 2474 781 2525 Anno
794 2471 900 2525 ltomini
912 2472 1119 2526 mmcccmrlm.

378 2571 542 2624 mvii·
560 2571 756 2635 nequedum
773 2583 872 2634 puero
888 2569 1064 2624 habebut
1080 2570 1223 2636 eorporis
1239 2569 1430 2623 intirmlm

388 2668 516 2720 demoto
532 2682 590 2733 per
604 2667 673 2720 dies
690 2668 834 2721 undecim
853 2682 914 2721 non
930 2669 1147 2722 manducante
1163 2683 1265 2734 neqw
1280 2668 1422 2733 ώσω,

500 2766 616 2819 mamis
633 2770 708 2819 voto
725 2781 782 2832 per
800 2769 931 2820 beatum
948 2767 1114 2821 Claudium
1130 2771 1247 2822 saneto
1262 2769 1316 2834 (1).

322 2864 450 2931 Sequitur
461 2864 535 2918 aliud
549 2866 709 2918 miraculum
722 2866 880 2920 narratione
899 2866 1023 2933 dignum.
1038 2869 1158 2921 Fuerunt
1178 2866 1234 2921 duo
1247 2868 1355 2932 iratres,
1370 2866 1418 2919 lilii
1433 2880 1518 2934 quon·

290 2963 352 3016 dam
365 2963 494 3030 Stephani
513 2964 652 3017 Braczardi
675 2965 710 3017 dc
727 2967 817 3018 llonte
837 2966 922 3019 leuto
943 2967 971 3018 in
992 2971 1064 3019 terra
1084 2965 1180 3019 domni
1200 2965 1448 3028 altissiodorensis,
1464 2971 1519 3018 stu·

290 3062 386 3116 dentes
398 3062 426 3115 in
439 3065 528 3117 llonte
540 3063 698 3117 Pessulano.
711 3065 831 3128 Quorum
846 3065 932 3131 major
943 3064 1051 3118 duobus
1064 3065 1203 3129 iratribus,
1218 3065 1330 3118 nomine
1342 3065 1515 3132 liuponinns,

290 3162 443 3215 instruebat
463 3163 614 3228 minorem,
637 3164 748 3216 nomine
769 3164 902 3229 vicinum,
916 3164 1062 3217 habentem
1089 3165 1162 3218 circa
1182 3163 1390 3231 quatuordecim
1411 3175 1517 3227 annos,
1534 3160 1563 3213 at

291 3261 405 3314 scientia
419 3266 447 3313 et
459 3261 581 3314 moribus
593 3264 702 3328 probus.
715 3262 820 3316 Accidit
835 3268 926 3315 autem
939 3267 970 3315 ut
981 3261 1072 3316 minor
1088 3268 1176 3316 aetate
1189 3261 1323 3315 incideret
1333 3263 1362 3314 in
1376 3260 1520 3315 inilrmlta·

292 3365 346 3413 tem
360 3361 481 3425 corporis
493 3361 684 3426 insanabilem,
697 3373 752 3428 qua
764 3361 839 3415 nulla
850 3367 909 3413 arte
923 3360 1077 3414 medicabili
1088 3361 1175 3414 valuit
1188 3360 1290 3414 mederi
1302 3360 1345 3414 rel
1357 3361 1462 3425 sanari,
1473 3360 1521 3414 sed

292 3458 422 3512 laborans
435 3472 483 3525 per
494 3459 621 3513 undecim
633 3458 701 3523 dies,
715 3472 771 3513 non
796 3459 965 3512 manducans
985 3472 1074 3526 neque
1096 3461 1201 3514 bibens.
1216 3460 1256 3513 Ob
1276 3460 1328 3512 boc
1339 3459 1418 3513 urbis
1431 3460 1519 3513 vocati

292 3556 483 3624 prudentiores
493 3557 522 3609 in
542 3562 600 3610 arte
611 3557 776 3623 medicabili,
787 3563 818 3610 ut
835 3570 901 3611 suae
912 3559 1020 3610 sanitati
1042 3557 1225 3625 providerent,
1238 3557 1343 3611 nullum
1366 3558 1521 3612 remedium

292 3657 413 3710 valentes
424 3669 571 3724 apponere,
580 3655 745 3710 dimiserunt
756 3662 783 3710 et
795 3663 979 3722 exposuerunt
988 3657 1092 3710 dictum
1106 3671 1231 3724 puerum,
1246 3670 1308 3711 cum
1328 3657 1435 3711 nullum
1449 3657 1523 3710 sani·

293 3757 356 3808 tatis
367 3756 474 3823 signnm
486 3756 515 3807 in
528 3755 608 3821 pulsu
621 3768 672 3808 nec
685 3756 713 3807 in
725 3756 802 3809 venis
814 3755 939 3809 invenire
956 3756 1116 3822 potuissent.
1130 3755 1252 3810 Tandem
1264 3756 1350 3809 irater
1362 3757 1423 3823 elus
1436 3757 1527 3823 major

294 3860 381 3908 aetate
392 3862 419 3907 et
429 3862 521 3909 custos
533 3855 627 3921 ipsius,
639 3855 755 3907 multum
767 3853 909 3920 suspirans
921 3860 949 3906 et
961 3855 1115 3915 lacrimans,
1128 3855 1279 3921 implorans
1290 3856 1525 3923 gloriosissimum

294 3965 326 4005 ac
345 3955 517 4007 beatisimum
535 3953 677 4006 claudium
696 3953 852 4018 episcopum
870 3958 897 4005 et
919 3954 1116 4018 consessorem,
1138 3958 1169 4007 ut
1191 3954 1371 4007 sanctissimis
1397 3953 1529 4019 precibus

295 4052 348 4105 sibl
360 4055 462 4106 sanitas
479 4051 601 4119 corporis
622 4050 791 4115 redderetur,
804 4052 967 4117 promittens
989 4058 1017 4105 et
1037 4065 1138 4106 vovens
1159 4052 1317 4106 beatissimo
1337 4050 1453 4106 Claudio
1471 4053 1531 4120 epi·

293 4164 376 4218 scopo
390 4157 417 4204 et
436 4151 585 4205 confessori
598 4153 606 4169 ·
620 4163 649 4204 se
661 4150 762 4204 iturum
775 4151 818 4204 uel
835 4152 983 4205 missurum
1005 4151 1116 4205 tratrem
1141 4165 1221 4205 suurn
1244 4149 1278 4204 ad
1293 4150 1441 4205 ecclesiam
1461 4151 1528 4206 bea·

328 4350 364 4415 (r)
380 4349 434 4402 cn.
448 4349 528 4416 torn,
542 4363 570 4403 n.
583 4353 609 4403 s.
