3136 5482
192 332 236 397 34
538 351 663 402 carati.
683 353 784 403 conn.
805 354 979 405 uuerden.
998 355 1079 405 aar.

192 530 275 584 quarn
289 519 407 583 primum
421 520 488 585 ipsis
501 520 630 585 possibile
643 528 726 587 essct,
740 498 858 575 candem
875 524 1019 576 ecclesiam
1036 523 1102 576 dicti
1115 523 1189 577 beati
1201 523 1308 581 Claudii
1325 524 1353 576 in
1364 535 1411 589 pl

16 618 26 637 '
39 616 85 670 ilo
98 618 174 695 ‚⁶⁰du
194 619 252 683 pria
270 617 439 671 adducerent
447 622 466 672 '.
479 622 510 671 Et
523 620 604 686 paulo
617 627 678 686 post
690 635 723 674 cx
736 623 781 674 ltei
802 624 923 688 potentia
936 628 963 676 et
983 623 1055 675 beati
1077 623 1182 676 Claudii
1202 623 1331 689 precihus
1350 622 1411 674 dic

22 696 51 786 9j
63 683 179 737 amm·
193 718 295 781 eurota
308 718 451 770 sanitatem
464 719 577 783 recepit.
592 722 665 783 Quae
683 721 821 785 praedicta
833 722 874 774 sic
885 728 991 785 eventa,
1006 722 1086 775 nodie
1102 721 1182 775 datae
1195 722 1383 788 praesentium

190 815 304 867 ccclesia
325 815 468 869 beatorum
492 816 613 884 Eugendi
627 823 655 869 et
666 817 780 883 Claudii,
794 832 886 871 coram
907 834 951 872 me
964 820 1071 874 notario
1083 824 1110 873 et
1130 821 1247 873 testibus
1258 818 1411 885 subscript

188 930 249 968 rum
272 917 454 982 personaliter
474 918 614 971 constituti
635 919 723 971 dictus
746 920 872 986 egregius
893 921 1020 987 magister
1038 919 1178 973 lohannes
1199 922 1306 985 (luypo,
1320 921 1411 985 Gugo

187 1017 247 1080 cius
259 1028 339 1080 uxor,
353 1018 499 1081 symonem
512 1023 540 1070 et
552 1019 692 1082 Perrinus,
706 1017 740 1070 ad
754 1018 852 1070 dietam
868 1020 953 1071 sancti
972 1019 1076 1071 Claudii
1089 1019 1234 1071 ecclesiam
1252 1031 1337 1071 causa
1349 1028 1411 1084 pra

184 1112 258 1165 dicta
279 1119 371 1167 votum
392 1114 564 1167 reddendum
584 1115 697 1179 accessi,
710 1116 850 1182 praedicta
870 1117 962 1169 omnia
983 1118 1023 1169 sic
1042 1122 1149 1182 eventa,
1164 1129 1262 1169 eorum
1285 1127 1411 1181 corpora

183 1212 274 1264 medio
285 1213 451 1277 juramento,
464 1215 582 1267 attestati
595 1213 706 1266 suerunt
719 1219 746 1266 et
758 1221 923 1267 attestantur
935 1215 994 1266 iore
1006 1227 1080 1279 vera,
1094 1215 1139 1267 die
1151 1214 1301 1268 undecima
1314 1214 1411 1267 mensi

182 1311 278 1375 aprilis
295 1323 369 1364 anno
390 1312 498 1365 ltomini
515 1314 662 1367 millesimo
680 1314 881 1380 septuagesimo
901 1317 988 1378 sexto,
1002 1314 1192 1378 praesentibus
1210 1312 1411 1366 venerabillimi

183 1411 248 1463 siris
257 1410 425 1478 religiosiset
434 1411 564 1465 fratribus
573 1412 724 1465 Vaueherio
733 1411 768 1464 de
776 1414 871 1477 ltuppe
881 1411 1003 1477 sacrista,
1013 1412 1150 1477 Stephano
1160 1412 1194 1464 dc
1206 1412 1319 1464 veriaco
1332 1423 1411 1463 came·

183 1511 276 1572 ilario,
287 1513 366 1564 l’etro
379 1511 413 1564 de
425 1511 584 1564 Esolrallone
597 1512 781 1575 cambellano,
792 1512 937 1578 praedictis
949 1511 1101 1574 monachis,
1112 1512 1215 1565 domno
1224 1514 1305 1565 Petro
1315 1512 1408 1579 Repeti.

182 1611 326 1663 Franciseo
345 1609 478 1673 Samium,
500 1610 646 1663 Parsirallo
667 1611 760 1662 Garini
782 1611 957 1677 presbyteris¹
971 1616 999 1663 ct
1019 1610 1132 1664 Claudio
1153 1611 1249 1664 Gabeti
1271 1611 1408 1679 burgensis

185 1711 278 1763 Sancti
292 1708 426 1776 Eugendi‚
440 1710 564 1763 testibus.
578 1712 607 1762 F.
621 1709 743 1762 Samhini
756 1710 887 1762 notarius.

221 1806 325 1874 [Lm]
343 1808 390 1858 Do
407 1807 545 1870 quodam
562 1808 684 1859 abbate
701 1821 803 1872 usque
821 1809 863 1859 ad
882 1811 1018 1860 mortem
1035 1807 1230 1871 marmonio,
1250 1813 1371 1862 sanato

219 1908 338 1967 tomen,
356 1909 431 1958 voto
450 1919 508 1969 pst·
527 1919 620 1958 suum
637 1910 783 1970 nepotem
800 1907 991 1959 adheretum
1009 1906 1176 1960 mundium
1192 1907 1310 1960 omisso
1327 1911 1371 1972 (1).

214 2007 246 2057 Ut
258 2004 292 2057 de
305 2004 350 2057 llei
364 2004 533 2057 mirabilibus
553 2007 683 2057 seriosius
704 2006 850 2063 elucescat,
870 2017 903 2056 ea
920 2017 990 2070 quac
1004 2017 1053 2071 per
1064 2005 1292 2057 intercessionem
1306 2013 1404 2058 sancto

180 2117 241 2156 mur
253 2105 311 2170 ejus
324 2103 403 2157 nohis
415 2103 557 2156 oculanter
575 2104 738 2157 miraculose
757 2109 869 2168 apparet
888 2104 1009 2168 orenire,
1030 2101 1126 2155 eadem
1145 2103 1173 2154 in
1185 2104 1295 2169 scriptis
1307 2105 1404 2170 saepis-

178 2201 246 2253 sime
276 2201 311 2253 ad
334 2202 583 2268 augmentationem
610 2200 673 2255 stdei
703 2204 835 2271 contingit
857 2203 990 2270 redigere.
1012 2205 1162 2269 Eaproptcr
1181 2209 1279 2256 notum
1306 2205 1358 2258 luit
1383 2211 1408 2260 et

177 2299 305 2351 omnihus
317 2299 490 2351 manifestum
504 2298 578 2364 quod
590 2299 681 2365 hodie,
696 2300 842 2353 undecima
855 2302 956 2353 mensis
969 2302 1032 2353 maii
1051 2314 1124 2354 anno
1137 2303 1244 2354 Domini
1258 2304 1403 2358 millesimo

176 2397 422 2463 ‹puaterrentesimo
435 2397 635 2463 septuagesimo
647 2402 732 2459 sexto,
747 2399 846 2451 nobilis
857 2402 974 2452 iunctus
986 2399 1020 2451 de
1034 2400 1143 2465 lloyria,
1158 2412 1245 2466 nepos
1257 2401 1286 2452 iu
1299 2402 1404 2458 Christo

175 2497 259 2561 patris
271 2495 364 2548 domni
377 2495 482 2548 abbatis
494 2494 528 2547 dc
542 2497 651 2562 Tyerni‚
665 2496 879 2550 clarmontensis
901 2497 1029 2564 diocesis,
1051 2510 1133 2550 causa
1153 2504 1246 2551 votum
1259 2502 1407 2570 peragendi

175 2599 203 2646 ct
215 2594 359 2646 devotione
372 2599 462 2646 molus
475 2594 619 2646 ecclesiam
632 2595 781 2648 beatissimi
794 2596 900 2649 claudii
912 2597 1043 2664 applicuit
1055 2615 1062 2662 ;
1076 2596 1202 2664 factaque
1223 2597 1370 2654 devotione
1381 2608 1410 2656 et

177 2693 324 2757 oblatione,
339 2692 390 2744 sub
405 2693 559 2746 testimonio
572 2693 705 2760 evangelii
718 2698 745 2744 el
758 2695 865 2745 animae
879 2705 943 2746 suae
957 2693 1069 2745 interitu
1082 2693 1240 2747 vociferavit
1252 2701 1280 2748 et
1291 2700 1408 2751 asseruit

180 2792 368 2844 suhnarranda
381 2790 439 2844 lore
452 2805 524 2845 vera.
538 2792 669 2845 l'idclicel
680 2793 754 2858 qnod
775 2793 809 2846 ab
826 2805 899 2845 anno
913 2806 1001 2857 nuper
1012 2793 1079 2844 citra
1092 2792 1230 2856 praeatus
1242 2797 1410 2851 reverendus

180 2891 298 2943 domnus
310 2891 393 2943 abhas
405 2890 439 2942 de
452 2892 560 2956 Trerui,
573 2893 633 2957 ejus
653 2892 813 2953 avunculus,
833 2891 951 2957 quadam
969 2877 1043 2957 gravi
1061 2890 1218 2944 infirmitate
1230 2894 1282 2946 sibi
1296 2901 1409 2962 repente

179 2995 276 3041 eventa
288 2989 340 3041 fuit
351 2994 514 3059 aegrotatus,
528 2989 597 3042 adeo
610 2990 683 3056 quod
696 2990 730 3042 ab
743 2991 870 3042 omnihus
883 2991 972 3056 ipsum
984 2989 1108 3042 ridentes
1119 3003 1168 3057 per
1185 2996 1292 3045 certum
1304 2998 1407 3060 tempo

178 3089 215 3141 ris
227 3089 343 3155 spatium
359 3093 446 3140 morte
459 3088 509 3141 suit
521 3088 720 3143 condemnatus
732 3095 758 3141 et
771 3090 800 3140 in
821 3090 910 3154 ipsum
931 3087 1006 3140 nulla
1019 3101 1081 3154 spes
1093 3089 1163 3142 vitae
1177 3091 1327 3144 eminebat.
1340 3095 1408 3147 'lan-

177 3187 240 3239 ‹tenr
253 3188 363 3254 spiritus
380 3188 482 3255 gratiae
503 3188 603 3240 intuitu
624 3188 761 3253 praelatus
783 3187 883 3239 nobilis
900 3189 1016 3239 lunotus
1037 3200 1101 3253 erga
1123 3189 1269 3241 Dominum
1282 3197 1410 3245 nostrum

176 3286 377 3352 redemptorem
390 3292 417 3338 ct
429 3286 580 3352 praefatum
593 3285 701 3338 beatum
717 3284 869 3347 Claudium,
881 3298 963 3350 quem
975 3285 1003 3335 in
1017 3285 1076 3351 ejus
1085 3286 1224 3337 continuis
1236 3288 1410 3343 orationibus

176 3399 224 3450 pro
238 3399 266 3436 se
280 3385 397 3436 hahebat
417 3386 633 3447 recommissum,
647 3383 799 3449 praelatum
821 3382 953 3435 domnum
974 3383 1054 3436 beato
1072 3384 1184 3436 Claudio
1202 3384 1325 3438 reddidit
1337 3393 1407 3443 etse

176 3485 278 3536 iturum
291 3495 339 3548 pro
351 3481 459 3547 eodem,
482 3482 683 3548 quamprimum
704 3481 755 3533 sibi
777 3481 915 3546 possintlc,
934 3481 1232 3546 rori13etrotofaclo,
1246 3481 1281 3534 ad
1295 3484 1411 3539 laudem

176 3583 221 3635 liei
244 3582 440 3634 intercessione
462 3581 586 3646 eiusdem
607 3581 679 3633 beati
701 3580 816 3641 Claudii,
838 3579 985 3633 ilicoidom
1002 3582 1109 3645 patiens
1127 3581 1274 3633 sanitatem
1293 3587 1411 3652 reecpit.

175 3684 271 3734 ltatum
284 3682 313 3732 in
326 3681 441 3733 ccclesia
461 3680 533 3732 beati
555 3679 658 3733 Claudii
682 3679 771 3746 palam
790 3684 817 3730 et
830 3679 937 3745 puhliec
957 3691 1031 3730 anno
1044 3678 1144 3745 ‹lierpre
1162 3680 1321 3747 praedictis,
1336 3696 1411 3750 prae

174 3781 297 3833 sontibus
309 3779 410 3832 domno
423 3780 566 3832 Francisco
578 3780 684 3846 ltesayti
698 3778 865 3844 presbytero,
880 3776 991 3831 claudio
1005 3777 1100 3831 Gatlcti
1113 3776 1148 3830 de
1160 3781 1258 3833 Sancto
1275 3782 1411 3851 Eugendo

173 3878 363 3933 etGuillermis
374 3878 465 3931 itrtadi
478 3879 638 3931 mercatoris
651 3877 685 3929 dc
698 3876 839 3944 lugduno,
853 3877 979 3929 testibus.
992 3878 1021 3930 F.
1035 3877 1167 3930 Samhini.

304 3976 391 4046 [Lu]
403 3979 450 4029 De
462 3976 612 4030 abortivo
622 3976 656 4028 in
668 3975 802 4028 eoolfflla
814 3975 904 4028 beati
916 3974 1041 4028 Claudii
1052 3975 1220 4041 baptizato
1232 3977 1286 4043 (2).

206 4081 284 4131 Auno
296 4077 403 4129 ltonrini
416 4077 561 4129 millesimo
578 4086 652 4129 cccc⁰
673 4076 738 4128 lxsi0
755 4079 782 4127 ct
801 4074 845 4127 dic
866 4087 940 4128 nona
960 4076 1063 4127 mensis
1082 4075 1162 4141 junii,
1175 4076 1311 4141 applicuit
1323 4081 1411 4136 eccle·

173 4177 242 4227 siam
253 4175 325 4226 beati
339 4172 442 4226 claudii
454 4174 594 4226 lohannes
615 4173 649 4224 de
668 4175 760 4234 torna,
782 4171 816 4224 de
837 4174 899 4224 ltuzi
921 4173 948 4223 in
961 4170 1126 4239 durgundia,
1146 4173 1192 4238 qui
1205 4174 1314 4241 retulit,
1328 4179 1411 4234 etiam

172 4288 234 4326 rum
245 4274 402 4339 juramento
414 4285 497 4337 super
509 4284 615 4323 canone
627 4276 709 4336 tacto,
723 4271 796 4337 quod
810 4270 937 4323 mercurii
951 4270 1058 4323 noviter
1071 4270 1146 4336 lapsa
1163 4270 1291 4337 ejusdem
1309 4277 1411 4332 tonan.

171 4374 313 4438 uisuram,
334 4372 412 4424 sicuti
437 4371 539 4437 placuit
562 4373 627 4435 lico,
653 4371 760 4437 peperit
780 4370 941 4423 abortivum.
964 4370 1013 4433 Qui
1032 4368 1189 4436 deportatus
1211 4371 1247 4424 ad
1268 4377 1411 4441 quondan

204 4625 237 4687 (t)
254 4622 308 4675 Cir.
322 4621 400 4689 inid,
414 4638 441 4689 p.
454 4624 513 4683 667,
527 4637 556 4678 n.
568 4625 601 4677 to
612 4629 681 4677 extr.
700 4651 730 4662 -
749 4625 782 4688 (2)
794 4622 848 4676 Cir.
863 4623 941 4687 ibid,
955 4635 983 4689 p.
994 4624 1053 4689 666,
1069 4636 1097 4676 n.
1109 4624 1143 4676 to
1156 4622 1234 4682 med.
