3136 5482
250 342 342 392 nien.
361 342 444 393 uir.
464 343 579 392 rmus
598 362 644 373 -
660 343 813 393 trenno.
834 344 881 392 nn
898 345 974 393 con.
994 342 1069 392 soni.
1206 328 1266 394 157

38 518 113 562 nare.
125 512 165 564 lte
175 509 397 579 elemosynarum
409 525 474 565 vero
486 513 546 579 ejus
558 513 682 581 largitate
695 525 750 566 non
771 519 813 566 est
825 513 878 566 dici
892 526 1003 567 necesse
1017 531 1023 566 :
1038 527 1120 582 quam
1132 514 1171 567 sic
1184 514 1270 567 lentur

47 618 146 674 semper
156 611 313 664 exercuisse
328 616 359 664 ut
371 616 463 678 posset
474 625 536 665 cum
548 613 599 666 toli
611 612 704 665 dicere
715 612 850 666 bucellam
865 612 907 665 sui
921 612 999 678 panis
1012 625 1067 665 non
1080 612 1167 666 solum
1181 624 1269 665 come·

52 705 226 776 inquiens
239 711 373 777 scriptum
386 724 448 764 esse
461 728 468 764 ι
484 711 542 772 Qui
558 711 674 765 avertit
692 725 803 765 curem
815 724 909 765 suam
920 724 941 765 o
953 713 1091 765 clamore
1104 711 1268 779 pauperis,

10 876 12 883 Ι
59 807 144 863 trotio
152 809 216 876 eius
228 810 290 864 erit
303 809 501 865 execrabilis.
512 811 581 863 llinc
592 823 658 877 ergo
667 815 842 877 praeceptum
856 815 896 863 est
908 811 945 863 ita
959 811 1270 876 :ncteetemospeam

36 904 53 955 t
64 907 187 962 dennis
197 910 290 962 erum
302 908 388 962 nobis
399 910 516 963 mundo
525 925 534 974 ,·
544 915 571 963 et
589 909 654 963 item
668 926 674 961 :
690 909 796 963 Facite
812 908 896 963 vobis
913 909 1030 963 amicos
1043 909 1081 962 de
1091 920 1270 963 mammona

69 1002 217 1075 inquitatis,
230 1011 265 1061 ut
278 1007 311 1061 in
323 1009 454 1063 aeterna
466 1023 518 1062 nos
530 1009 687 1076 remittant
699 1008 905 1062 tabernacula
917 1020 987 1061 cum
999 1006 1187 1074 defeceritis.
1199 1009 1269 1061 llaec

72 1103 132 1156 ethis
141 1106 241 1173 similia,
254 1119 326 1174 quae
336 1112 443 1160 mnium
455 1107 491 1161 ad
504 1107 610 1174 pietatis
623 1107 761 1173 pertinent
772 1120 865 1173 opera,
879 1107 920 1160 vir
932 1108 979 1159 liei
997 1107 1114 1172 pleniter
1126 1118 1266 1167 exercens.

75 1202 176 1259 romnus
187 1206 392 1261 misericordiae
406 1221 462 1261 non
474 1208 647 1261 mediocriter
660 1207 789 1275 pascitur,
803 1220 835 1260 eo
848 1207 921 1274 quod
934 1206 1032 1259 Christi
1045 1209 1220 1273 praeceptum
1239 1207 1267 1258 in

77 1301 249 1360 uhnsennle
265 1319 298 1360 ac
320 1307 441 1361 studiose
462 1308 615 1372 comitetur,
629 1320 684 1374 quo
704 1306 803 1359 dicitur
816 1323 822 1359 :
836 1307 939 1360 Estote
959 1318 1033 1373 erpo
1054 1286 1270 1360 misericordes

33 1399 64 1455 tt
76 1401 166 1458 tentet
179 1408 273 1474 pater
291 1409 393 1461 vester
412 1407 592 1461 misericors
611 1408 665 1460 est.
680 1409 725 1459 Est
745 1404 820 1460 enim
842 1405 970 1472 providus
990 1409 1072 1472 atque
1097 1404 1271 1459 fidelissimus

80 1501 291 1560 ulnnurdiarum
304 1510 431 1574 sectator,
444 1505 492 1575 qui
506 1507 544 1559 sic
556 1507 638 1560 etiam
651 1506 755 1560 alienae
768 1504 966 1559 necessitudini
979 1505 1053 1560 velut
1064 1506 1190 1572 propriae
1202 1506 1268 1559 suh·

80 1602 148 1657 nnln
156 1618 204 1659 non
215 1605 390 1675 dedignatur,
396 1612 424 1661 et
436 1620 493 1661 non
504 1605 581 1675 [mm]
593 1619 641 1660 sua
651 1618 785 1674 quaerere
795 1605 891 1657 nititur
900 1618 981 1671 quam
994 1610 1021 1658 et
1029 1617 1062 1658 ea
1071 1617 1142 1673 quae
1153 1604 1269 1659 aliorum

80 1706 276 1770 ttseprobantur.
285 1707 362 1773 Quod
374 1709 467 1772 etiam,
477 1712 611 1775 quantum
621 1709 655 1762 ad
666 1708 763 1762 Christi
777 1707 928 1774 praesulem
942 1706 1058 1774 videtur,
1065 1707 1270 1773 ‚insuhsequen-

81 1802 250 1860 uenientins
261 1807 430 1873 exprimitur.

34 1896 68 1951 -Ι
103 1900 251 1960 &hiidem
262 1919 327 1961 vero
337 1907 468 1974 temporis
482 1908 510 1960 in
522 1909 758 1975 Gothornmgente
770 1907 880 1961 ariana·
893 1905 1043 1973 pullulabat
1055 1907 1186 1973 haeresis,
1199 1920 1270 1975 quae
1325 1905 1412 1960 ced.

81 1998 251 2059 umhadsersa
262 2004 382 2060 cultibus
394 2010 500 2060 constat
512 2006 621 2059 divinis.
636 2007 693 2070 Qua
705 2020 769 2074 ergo
781 2006 816 2060 de
830 2018 911 2060 causa
924 2006 969 2059 vel
982 2005 1146 2072 quibusdam
1159 2004 1220 2059 aliis
1233 2007 1270 2059 ia·
1288 1984 1411 2092 “⁰2³³
1425 1974 1454 2024 α

81 2102 359 2171 wnmeperhihetur
380 2111 409 2159 ut
429 2105 483 2159 duo
503 2105 640 2173 principes
658 2105 817 2158 militiarum
834 2105 939 2158 Maximi
958 2104 1141 2170 imperatoris,
1154 2105 1269 2173 hgecius
1291 2102 1442 2170 deinceps.

81 2194 260 2271 muniatque
270 2203 406 2269 littorius,
417 2205 592 2258 mitterentur
602 2203 637 2258 ad
649 2204 845 2258 debellandum
859 2216 974 2271 regnum
984 2207 1010 2256 et
1018 2204 1166 2269 potentiani
1176 2203 1272 2257 Olihrii

80 2293 195 2355 Gothorum
203 2304 273 2370 regis
283 2301 330 2372 (l).
340 2303 390 2367 Qui
403 2317 465 2357 cum
478 2311 550 2357 esset
562 2305 675 2357 insanae
685 2306 793 2367 mentis,
806 2308 899 2369 utpote
911 2302 1020 2355 deditus
1032 2302 1118 2355 cultui
1131 2304 1139 2321 ·
1152 2301 1268 2356 haereti·
1281 2303 1291 2323 ·
1303 2300 1367 2354 cod.
1381 2299 1466 2354 cultu.

79 2399 252 2465 taepnritatiq
265 2398 362 2452 uidens
379 2401 518 2466 copiosam
537 2400 658 2454 hostium
679 2399 883 2454 multitudinem
904 2399 1049 2453 adversum
1062 2412 1092 2452 se
1111 2400 1269 2466 irruentem,

81 2493 142 2559 coepit
152 2497 228 2551 nimis
241 2500 358 2553 coartari
372 2503 399 2552 et
420 2470 457 2552 aff
467 2503 538 2552 statn
561 2500 658 2553 mentis
676 2504 865 2554 consternatus
883 2499 996 2552 omnino
1010 2497 1131 2565 destitui,
1145 2499 1274 2552 nimirum

80 2591 111 2654 qui
124 2607 165 2649 nec
184 2597 301 2651 caeleste
313 2598 479 2664 praesidium
500 2600 582 2652 sciret
601 2600 652 2653 sihi
673 2600 780 2665 adesse,
800 2612 851 2652 nec
864 2599 957 2651 ariana
971 2612 1025 2665 qua
1038 2599 1113 2664 prins
1126 2597 1276 2652 confideret

79 2695 206 2749 ilchnmte
218 2695 359 2750 ullomodo
379 2698 449 2750 tueri
472 2710 561 2764 posse,
582 2710 636 2764 quo
654 2696 698 2749 vel
710 2709 772 2748 cum
784 2695 882 2749 decem
896 2696 1008 2750 milibus
1021 2697 1046 2751 ei
1067 2698 1152 2763 possit
1164 2697 1275 2751 obviam

77 2782 149 2855 inqui
159 2792 243 2847 multo
255 2794 316 2861 plus
327 2795 421 2862 viginti
435 2794 555 2848 millibus
577 2793 705 2848 suffultus
726 2793 760 2846 ail
778 2807 808 2847 se
822 2794 920 2848 iestine
932 2801 1091 2860 properaret
1102 2796 1207 2850 venire.
1222 2797 1274 2848 Sed

71 2887 185 2946 lientu
195 2897 222 2946 et
233 2893 392 2947 misericors
413 2897 494 2960 heus,
515 2895 562 2962 qui
584 2898 681 2948 cuncta
703 2907 889 2960 praenoscens
900 2894 1021 2960 disponit
1033 2900 1061 2948 et
1079 2895 1196 2961 ordinat,
1210 2895 1275 2948 inde

69 2983 158 3043 ehem
170 2991 312 3046 tribulanti
324 2992 426 3046 misero
439 2993 619 3059 praeparabat
639 2993 714 3047 unde
735 2999 823 3047 metus
834 2997 863 3047 et
876 2993 959 3047 timor
971 2994 999 3045 in
1011 3005 1075 3046 eum
1089 2994 1253 3060 procedebat
1265 3011 1273 3061 ;

66 3088 146 3142 tent
157 3103 211 3144 una
230 3090 381 3159 cademque
403 3093 442 3146 rei
463 3106 544 3146 causa
567 3107 622 3147 non
643 3095 732 3148 solum
747 3095 843 3163 ingens
856 3094 1010 3149 formidinis
1024 3109 1123 3161 poena,
1134 3095 1273 3149 sedetiam

62 3183 401 3257 sinatquetranquillitas
422 3192 479 3259 regi
501 3192 653 3258 protutura.
677 3195 742 3244 llam
764 3193 810 3246 uhi
824 3194 919 3246 nullus
940 3193 1076 3247 evadendi
1094 3193 1274 3246 calamitatem

57 3280 133 3339 dius
143 3288 287 3355 reperitur,
300 3291 391 3342 statim
404 3303 449 3343 rex
462 3290 496 3342 ud
509 3289 610 3344 Christi
624 3290 797 3344 clementiam
811 3294 973 3345 necessitate
991 3290 1149 3357 compulsus
1163 3304 1274 3345 conver·

50 3382 123 3450 titur;
144 3386 261 3453 ideoque
281 3400 379 3454 preces
400 3393 426 3442 et
448 3402 563 3442 munera
585 3389 664 3442 beato
686 3389 807 3455 pontitiri
821 3390 913 3457 dirigit
925 3390 1062 3456 ortensio,
1076 3390 1205 3456 quatinus
1222 3390 1274 3442 sihi

37 3476 160 3552 'superno
172 3485 306 3552 prolicere
317 3487 445 3556 dignetur
457 3490 486 3541 in
499 3489 610 3553 auxilio,
625 3488 745 3543 liberans
757 3502 819 3542 eum
832 3495 858 3542 et
872 3489 982 3542 salvans
992 3489 1027 3542 ab
1038 3488 1190 3542 imminenti
1204 3490 1273 3555 peri-

39 3584 111 3639 culo.
123 3588 201 3638 lune
213 3591 325 3639 sanctus
337 3586 485 3652 confessor,
508 3600 660 3656 agnoscens
682 3589 752 3642 torte
776 3602 824 3654 per
844 3589 975 3654 spiritum
999 3589 1066 3655 quid
1078 3589 1111 3641 ad
1125 3589 1191 3642 haec
1204 3588 1273 3641 ioret

28 3686 186 3757 agendum,
199 3686 263 3742 ilico
275 3690 398 3755 sequitur
411 3691 447 3757 pii
461 3690 584 3757 magistri
597 3689 763 3755 exemplum,
773 3691 820 3755 qui
834 3702 895 3742 cnm
917 3689 1068 3754 publicanis
1083 3694 1112 3740 et
1123 3689 1271 3755 peccatori·

24 3790 86 3844 hus
100 3798 163 3840 non
173 3786 317 3841 abhorruit
328 3787 490 3856 participare
502 3787 630 3841 vescendi
644 3787 810 3855 convivium,
826 3800 876 3840 nee
886 3788 1056 3841 centurionis
1067 3787 1143 3841 adire
1152 3800 1272 3850 servum,

12 3886 183 3945 restituens
194 3885 331 3952 optandae
342 3887 465 3953 sospitati
479 3886 604 3953 ejusdem
619 3886 715 3952 illium,
729 3887 949 3953 praetermittens
960 3885 1101 3953 paululum
1112 3886 1183 3940 soliti
1197 3886 1267 3952 rigo·

12 3991 61 4045 ris
85 3983 255 4040 continendi
276 3997 309 4037 ee
329 3985 374 4052 pie
395 3985 577 4039 conversandi
598 3999 667 4051 opus
689 3987 869 4052 insumptum,
891 3984 955 4038 licet
973 3997 1027 4037 non
1046 3985 1175 4054 ignorans
1195 3983 1270 4036 illum

10 4090 124 4145 ariana
150 4083 285 4149 pravitate
302 4084 456 4152 detentum,
470 4086 509 4138 nil
530 4090 651 4138 moratus
663 4097 754 4152 regem
774 4083 850 4137 adire
861 4084 1005 4148 Olibrium,
1020 4084 1120 4150 quippe
1132 4081 1273 4137 hominem

10 4187 72 4244 sitsi
85 4186 152 4252 jein
169 4182 199 4236 in
210 4181 318 4236 Christo
331 4184 493 4249 proximum.
509 4185 592 4248 Quem
606 4196 671 4237 mox
682 4184 821 4249 sapienter
832 4183 1037 4250 prudenterque
1050 4183 1202 4249 alloquens,
1222 4185 1272 4248 spi-

39 4412 91 4479 (l)
103 4412 190 4474 Quae
212 4407 298 4460 hocce
311 4408 400 4473 capite
421 4414 568 4462 narrantur
588 4408 762 4475 contigerunt
782 4418 855 4460 anno
877 4408 1000 4461 incisu
1014 4407 1066 4460 Sed
1087 4418 1176 4474 neque
1195 4407 1271 4460 ltaxi·

10 4515 79 4561 nus
104 4506 185 4553 tuuc
199 4497 318 4564 imperio
340 4497 505 4566 potiebatur,
525 4498 573 4552 sod
591 4497 798 4552 Valentinianus
816 4499 849 4551 lll
863 4517 870 4558 ;
884 4510 974 4564 neque
990 4497 1140 4562 visigothos
1160 4496 1189 4548 in
1208 4497 1268 4548 ilis-

10 4584 100 4644 mie
114 4586 149 4635 et
162 4578 249 4633 Gellia
263 4578 437 4633 meridionali
450 4582 559 4649 reqehut
571 4581 707 4648 olybrius,
721 4579 770 4633 sed
782 4578 978 4633 Theodericus.
