3156 5452
268 352 361 400 ereb.
380 353 463 403 uir.
483 354 599 404 racis.
617 375 663 384 —
679 354 833 404 urrann.
853 354 900 403 Ab
917 353 995 403 coo.
1014 351 1074 403 om
1243 336 1289 401 35

74 515 195 587 capellum
213 521 245 573 ad
265 523 399 575 honorem
419 524 515 576 beatae
535 524 648 591 virginis
668 524 829 577 catherinae
851 538 936 590 prope
958 524 1100 577 fundatam
1117 530 1144 577 ct
1157 524 1221 576 inde
1234 528 1289 575 tota

81 624 142 672 coru
155 620 283 688 vigilatur,
296 623 454 675 assistentes
473 627 504 675 ut
524 624 570 675 liei
589 624 737 689 spiramine
755 624 949 676 insuillaretur.
972 625 1003 676 in
1024 625 1173 677 crastinum
1198 629 1289 677 autem

86 717 265 773 admemoriam
286 721 413 775 redactus
432 720 467 774 de
488 721 556 774 sesto
575 723 723 777 beatissimi
745 735 776 774 ac
795 723 984 789 gloriosissimi
1001 722 1105 775 Claudii
1123 723 1168 776 die
1181 724 1290 776 veneris

91 819 203 881 sequentis
221 819 396 885 celebrando,
417 820 451 873 ad
473 820 593 873 eundem
613 821 840 888 gloriosissimum
859 822 934 873 venit
954 821 1110 886 hujusmodi
1136 822 1290 875 abortuum

70 904 208 986 ildeierens]
219 924 248 970 ut
260 920 346 985 ipsius
358 921 461 972 meritis
473 920 625 972 ditissimus
638 925 665 972 et
677 921 702 972 ci
715 921 798 972 vitam
811 924 950 985 praestare
968 919 1128 987 dignaretur
1140 926 1170 973 ut
1182 933 1288 973 sacmm

94 1025 174 1067 mucre
184 1022 271 1082 posset
282 1016 446 1083 baptismum
457 1035 464 1082 ;
478 1016 608 1083 quodque
629 1031 691 1069 cum
710 1017 816 1082 jejunio
837 1017 915 1082 panis
928 1021 955 1069 ct
973 1030 1061 1084 aquae
1074 1025 1101 1070 et
1113 1022 1186 1070 totus
1198 1018 1290 1072 nudus

95 1123 152 1162 saun
167 1113 286 1166 redderet
305 1114 465 1181 royagium3
487 1119 514 1166 et
533 1113 676 1166 confestim
696 1114 805 1166 missam
824 1114 964 1166 celebrare
986 1113 1059 1167 iecit.
1079 1116 1110 1167 in
1131 1116 1289 1181 cuiussacri

97 1211 186 1273 corpons
195 1211 345 1281 elevatione
357 1224 427 1276 puer
439 1211 496 1276 ipse
518 1212 624 1278 ragiare
645 1209 771 1275 exordiit,
792 1215 820 1262 ct
839 1223 923 1276 quam
941 1210 1060 1276 plurima
1073 1210 1150 1263 dedit
1162 1212 1288 1277 baptismi

95 1307 149 1373 signa
159 1325 164 1360 :
174 1310 242 1376 quod
254 1310 290 1362 ad
303 1310 349 1361 ltci
362 1309 473 1361 laudem
486 1310 520 1362 ab
533 1308 632 1361 eodem
645 1309 720 1361 illam
734 1309 844 1360 missam
856 1309 1006 1361 celebranti
1021 1309 1186 1374 baptismum
1199 1324 1291 1363 susce-

61 1406 231 1474 septiniano
244 1413 305 1474 post
317 1408 352 1460 ab
364 1409 416 1461 boc
428 1408 552 1476 migrarit
572 1408 682 1459 sacculo
694 1424 701 1472 ;
715 1411 742 1459 et
751 1407 811 1459 sine
824 1419 900 1460 mora
912 1408 970 1473 ipse
982 1408 1122 1460 iohannes
1134 1409 1208 1474 quod
1220 1411 1292 1463 rosit

96 1505 216 1570 conplevit,
235 1505 343 1572 trocque
357 1506 448 1558 retulit
461 1511 488 1558 ct
495 1506 595 1572 jurarit
608 1506 635 1556 in
649 1506 703 1558 mei
716 1504 814 1556 notarii
827 1505 973 1570 subscripti
986 1509 1013 1557 et
1026 1506 1160 1558 nobilium
1181 1507 1291 1559 Antonii

94 1603 197 1671 amorii,
216 1604 349 1658 lobannis
369 1604 403 1656 de
423 1607 512 1670 Prato,
534 1606 604 1657 l’ctri
624 1604 658 1656 de
675 1604 813 1670 ligniaco,
827 1604 1029 1667 scutiferorum,
1053 1604 1289 1672 plurimorumque

93 1705 173 1756 testium
183 1706 327 1758 astantium
339 1709 367 1757 et
384 1705 465 1757 totius
478 1710 629 1757 conventus
644 1703 747 1756 ibidem
759 1707 904 1770 propterea
923 1706 1063 1758 convocati
1079 1721 1086 1757 :
1109 1707 1154 1771 qui
1174 1706 1238 1758 inde
1251 1705 1286 1758 ad

93 1803 127 1855 lei
136 1805 229 1858 etbcati
242 1804 347 1857 Claudii
360 1804 490 1857 decorem
501 1806 600 1872 gratias
612 1811 728 1872 egerunt
737 1818 799 1858 cum
809 1817 1003 1870 campanarum
1013 1806 1168 1871 pulsatione
1178 1811 1206 1859 et
1221 1806 1290 1871 psal·

58 1901 84 1954 i⁵
93 1901 154 1954 uide
170 1904 204 1957 Te
218 1904 316 1956 Deum
332 1903 501 1955 laudamus
514 1916 576 1955 cum
595 1901 729 1970 suffragiis
745 1904 883 1955 consuetis
897 1902 1098 1957 decantatione.
1111 1907 1138 1956 P.
1152 1904 1289 1957 Galliardi.
1339 1957 1341 1963 ,

139 1999 228 2068 [bvi]
238 2003 358 2055 Doctor
369 2002 403 2053 in
414 2000 583 2064 medicine,
595 2002 722 2054 duobus
734 2001 829 2054 annis
843 2000 1035 2054 infirmitate
1047 2005 1223 2066 gravatus,

345 2103 420 2153 voto
436 2100 668 2154 elemosinario
681 2100 796 2153 emisso
807 2103 948 2154 sanatur
959 2103 1005 2167 (1).

118 2199 260 2266 liquidam
281 2199 411 2266 famosus,
434 2202 545 2252 nomine
564 2200 708 2253 Nundinus
729 2201 813 2263 Pacis,
827 2199 922 2253 doctor
939 2201 968 2251 in
986 2200 1131 2266 medicina,
1146 2200 1180 2253 de
1201 2201 1271 2253 salut

96 2293 257 2352 ininimritatc
267 2305 371 2366 raptus,
382 2312 435 2367 qua
443 2306 572 2352 causante
581 2299 688 2353 duobus
698 2304 841 2368 aegrotans
851 2301 879 2351 in
889 2300 959 2352 lecto
969 2300 1106 2353 continuis
1115 2301 1188 2352 stetit
1197 2302 1288 2356 annis.

60 2390 86 2444 ii
97 2398 186 2449 mertum
203 2412 265 2451 cum
282 2399 375 2464 loquio
394 2399 423 2450 in
443 2412 477 2451 oo
496 2399 674 2466 cessantibus,
688 2398 756 2451 adeo
775 2398 849 2465 quod
867 2403 1019 2452 extremum
1037 2404 1248 2463 sacramentum,
1262 2404 1290 2452 et

95 2494 173 2560 urdo,
191 2498 312 2563 accipere
332 2498 460 2564 oportuit,
483 2498 607 2564 nihilque
629 2497 703 2550 aliud
724 2499 775 2549 nisi
794 2498 866 2550 viam
888 2498 979 2550 carnis
990 2499 1135 2550 universae
1148 2511 1288 2565 egressum

95 2595 198 2655 peterit.
216 2609 267 2649 nec
279 2600 398 2648 astantes
410 2597 577 2662 spectabant,
591 2610 654 2648 cum
663 2597 821 2661 saepissime
831 2601 857 2649 et
867 2610 882 2648 a
892 2596 973 2664 longo
986 2600 1109 2662 tempore
1122 2594 1289 2649 famosorum

95 2686 230 2745 medicorum
242 2694 345 2760 patriae
357 2695 437 2747 morti
453 2693 556 2760 judicio
570 2693 718 2746 traditurus
730 2693 776 2746 illa
789 2697 848 2745 erat
865 2693 1032 2746 inllrmitate.
1051 2694 1097 2746 bie
1118 2693 1247 2760 quadam,
1261 2693 1289 2744 in

95 2784 128 2835 lali
137 2793 209 2845 sante
218 2792 322 2859 judicio
335 2798 363 2845 et
374 2794 451 2860 quasi
473 2795 501 2844 in
514 2794 643 2846 extremis
664 2793 845 2857 laborantem,
864 2793 942 2845 sicuti
962 2796 1017 2846 ileo
1030 2793 1118 2860 libuit,
1135 2794 1193 2859 ipse
1206 2793 1290 2846 corde

58 2881 87 2934 fl
96 2889 205 2956 abintus,
218 2892 373 2945 mentaliter
386 2905 442 2944 non
454 2891 609 2955 verbaliter,
623 2890 657 2942 ad
668 2892 803 2958 virginem
815 2891 925 2942 ilariam
943 2891 1093 2957 beatosque
1106 2890 1250 2943 Claudium
1263 2895 1291 2942 et

93 2978 343 3052 daemomonum,
356 2989 378 3040 si
391 2989 536 3042 convalere
548 2992 575 3040 ct
586 3000 708 3053 unquam
726 3000 840 3053 pergere
863 2991 963 3052 posset,
986 2986 1021 3039 de
1043 2988 1141 3039 Christi
1163 2987 1290 3040 ortborlo·

94 3091 168 3136 torum
177 3090 342 3153 patrimoniis
354 3103 403 3142 sua
416 3089 544 3142 redderet
556 3088 752 3156 romipcdogia‚
766 3101 836 3155 quae
847 3088 911 3140 inde
924 3087 998 3141 iecit.
1009 3089 1074 3142 ilico
1083 3088 1146 3142 dato
1154 3089 1201 3141 illo
1215 3102 1290 3141 men·

93 3176 192 3251 itliiotn
203 3187 268 3240 vidit
286 3189 426 3240 bominem
448 3188 541 3241 babitu
561 3188 680 3255 religiosi
703 3185 829 3238 indutum
851 3197 943 3238 coram
964 3199 997 3238 eo
1015 3191 1143 3251 stantem,
1158 3192 1186 3238 et
1206 3188 1290 3239 ceteri

92 3280 182 3336 mnes
191 3285 326 3352 uiderunt,
338 3288 417 3353 cujus
429 3287 526 3339 taciem
539 3287 589 3352 ipsi
603 3298 693 3352 neque
706 3288 825 3337 astantes
838 3284 995 3350 prospicere
1008 3289 1173 3350 potuerunt,
1187 3291 1214 3336 ot
1232 3287 1289 3351 ipso
1311 3311 1320 3329 ·
1333 3311 1397 3365 cod·
1413 3312 1471 3378 pul,

51 3370 304 3437 &ridobdormivic
317 3387 349 3437 Et
367 3385 435 3451 ipse,
456 3386 503 3451 qui
522 3386 550 3436 in
572 3384 642 3436 lecto
657 3383 734 3449 quasi
751 3380 851 3434 sedens
863 3380 1006 3447 apodiatus
1018 3382 1205 3449 pulvinaribus
1217 3386 1236 3448 '‚
1258 3390 1289 3435 ut
1314 3395 1470 3448 [urnalibus.

90 3485 177 3531 moses
187 3481 243 3535 deri
255 3482 454 3536 decedentibus
466 3484 499 3535 ab
512 3485 520 3503 ¹
533 3484 584 3535 bac
603 3483 675 3543 luce,
696 3484 845 3548 prostratus
857 3481 885 3531 in
903 3481 982 3543 lecto,
1001 3481 1126 3548 evigilato
1138 3495 1167 3533 se
1181 3495 1288 3548 compc-
1311 3486 1319 3504 ·
1332 3484 1397 3536 cod.
1409 3484 1454 3536 ad.

88 3572 228 3635 riilsanatus
239 3588 267 3636 et
278 3584 386 3636 locutus
397 3588 455 3648 est;
469 3586 589 3649 ileoquc,
611 3582 708 3649 virgini
728 3581 826 3633 liariae
848 3585 875 3632 et
891 3581 978 3633 beatis
990 3579 1102 3633 Claudio
1123 3585 1150 3634 et
1170 3584 1288 3636 Antonio

88 3677 112 3724 et
121 3680 222 3733 mantes
228 3683 328 3750 gratias
340 3681 496 3735 referendo.
510 3683 554 3734 Sic
566 3681 682 3734 relatum
695 3694 758 3732 cum
768 3681 925 3744 juramento
937 3679 966 3730 in
979 3679 1050 3732 beati
1060 3680 1164 3733 Claudii
1176 3681 1292 3734 ecclesia

86 3781 129 3835 per
138 3772 230 3830 dictum
242 3778 384 3832 doctorem
402 3779 565 3833 duodecima
584 3777 655 3844 junii
676 3789 749 3829 anno
762 3776 869 3829 bomini
889 3775 1034 3829 millesimo
1052 3778 1202 3843 cccc⁰lxvi⁰,
1216 3792 1292 3844 prae·

45 3868 72 3920 3
83 3871 190 3926 renibus
200 3877 349 3929 venerabili
362 3876 446 3930 iratre
459 3878 537 3929 Petro
550 3875 584 3928 de
598 3875 722 3927 Prostino
734 3874 825 3941 priore
838 3873 872 3925 de
884 3875 1049 3939 Cobiomago,
1060 3874 1143 3928 tratre
1155 3877 1292 3941 Stephano

79 3969 198 4025 Parriardi
216 3976 361 4042 monacho,
382 3976 529 4029 Guillermo
552 3973 677 4027 Collincti
697 3977 791 4025 curato
813 3971 847 4024 de
868 3972 997 4031 l'allibus,
1016 3979 1043 4025 et
1056 3973 1179 4039 pluribus
1190 3974 1251 4027 aliis
1264 3976 1292 4026 in

72 4079 163 4137 magro
175 4085 290 4141 numero
302 4074 425 4126 testibus.
439 4077 468 4126 Ρ.
482 4070 609 4126 Caillardi
623 4071 755 4124 notarius.

10 4158 12 4163 ’
71 4166 255 4223 maurum
274 4171 393 4240 [Lm]
405 4174 452 4224 De
471 4171 614 4236 quodam,
627 4168 661 4220 in
673 4169 767 4233 cadus
784 4182 841 4222 ore
861 4181 978 4221 cancer
994 4168 1102 4222 letalis
1117 4173 1295 4235 generatur

223 4271 326 4324 muris
337 4272 494 4335 mistione,
507 4275 625 4323 sanato
636 4268 832 4322 lacrimabili
843 4269 1068 4333 deprecatione
1079 4271 1128 4335 (2).

18 4374 47 4428 lt
95 4372 138 4424 l'ir
150 4373 219 4425 alius
231 4372 344 4439 quidam
362 4372 396 4423 de
409 4372 496 4439 burgo
510 4370 616 4434 limiae,
630 4368 938 4434 Gratianopolitanensis
951 4368 1077 4433 diocesis,
1089 4369 1200 4421 llicbacl
1210 4371 1294 4423 Catbe

85 4579 122 4644 (l)
134 4574 193 4628 Cir.
211 4572 291 4638 ibid,
304 4584 331 4637 p.
344 4572 404 4634 odi,
418 4584 447 4623 n,
461 4573 502 4623 lt.
521 4597 553 4608 -
570 4570 604 4633 (i)
613 4565 667 4621 Cir.
681 4565 758 4631 ibid,
772 4580 799 4632 p.
813 4567 872 4632 iiiii,
886 4580 915 4620 n.
928 4571 961 4620 53
972 4572 1041 4620 extr.
