3136 5482
303 310 368 375 446
643 327 767 378 cursu.
788 326 1079 378 conputamus.
1097 326 1179 378 nur.

300 508 393 550 verum
407 497 451 549 bei
465 496 662 562 omnipotentis
680 497 794 563 imperio
807 502 875 550 nutu
888 509 938 550 suo
956 501 1054 550 cuncta
1066 494 1240 562 disponentis
1259 495 1424 549 mirabiliter
1438 496 1520 549 exina-

297 595 392 646 nitam.
404 597 473 649 Laus
486 595 544 659 tibi,
559 596 674 661 Christe,
688 597 734 662 qui
754 596 910 650 nullatenus
926 596 1031 649 deseris
1053 600 1196 663 sperantes
1215 596 1244 648 in
1263 602 1299 659 te,
1311 594 1365 649 sed
1382 596 1517 663 semperin

296 694 336 746 eis
356 693 489 760 adimples
511 694 725 748 misericordiam
747 700 832 762 tuam,
845 709 899 761 uua
918 701 1032 749 utuntur·
1053 709 1149 749 omnes
1170 695 1316 764 diligentes
1338 695 1513 757 le‚l1iootin

299 802 471 860 perpetuum.

299 1003 351 1058 De
365 998 463 1070 regis
478 1001 514 1058 et
528 999 645 1059 moti
663 999 866 1060 obviatione
888 1002 924 1060 ot
945 1014 1068 1061 eorum
1088 1002 1217 1062 mutua
1237 1001 1466 1073 collocutione,
1478 1002 1528 1061 ott

360 1097 435 1158 tilla
449 1100 593 1158 mortua
606 1098 755 1158 invento
768 1099 806 1158 in
820 1113 920 1173 arom
935 1102 976 1159 ut
991 1102 1139 1161 motus
1153 1099 1214 1160 vlr
1227 1100 1463 1172 praedixerit.

333 1292 364 1345 ’1.
378 1293 435 1344 ilex
448 1297 539 1344 autem
552 1298 580 1345 et
592 1291 710 1344 universi
723 1291 883 1361 assistentes
897 1290 961 1356 sibl,
975 1305 1036 1344 cum
1049 1291 1266 1345 horribilisslmis
1278 1293 1392 1347 canibus
1403 1302 1502 1345 manme-

299 1391 421 1444 tudinem
434 1391 628 1458 inopinabilem
641 1392 699 1444 iore
712 1390 814 1445 illatam
836 1392 966 1445 illotenus
988 1396 1110 1458 tempore
1122 1392 1177 1445 illis
1195 1393 1319 1447 nescim
1336 1396 1502 1455 cernerentur

299 1495 394 1544 sancto
406 1491 464 1545 viro
477 1492 607 1558 hymnum
619 1492 727 1545 canenti
741 1491 814 1544 velut
827 1491 877 1544 sibi
888 1491 1101 1545 familiarissimo
1115 1491 1222 1546 adulari
1241 1492 1384 1556 vidissent,
1397 1493 1423 1545 in
1432 1496 1501 1555 stupe

301 1603 358 1643 rem
379 1604 444 1657 prae
466 1591 550 1643 nimia
562 1591 752 1644 ammiratione
764 1591 835 1643 versi
848 1594 920 1643 sunt.
935 1590 999 1643 litos
1011 1592 1085 1644 euim
1105 1604 1201 1645 senem
1211 1592 1312 1659 iaculis
1324 1592 1455 1655 inermem,
1465 1587 1500 1641 rod
1511 1584 1529 1636 lt

219 1746 223 1753 ,
300 1691 488 1743 tantummodo
515 1689 587 1742 labia
608 1695 763 1743 moventem
785 1694 812 1743 et
831 1695 936 1744 erectos
955 1690 989 1743 ad
1017 1691 1123 1745 caelum
1145 1691 1241 1745 oeulos
1262 1692 1406 1746 habentem
1427 1688 1499 1743 tinere

301 1790 472 1843 mirabantur
493 1804 562 1858 quos
582 1803 663 1856 saepe
684 1791 763 1857 lupos
780 1797 808 1844 et
828 1791 894 1844 alias
919 1791 1012 1844 beluas
1038 1792 1185 1846 ferociores
1208 1790 1374 1846 mortitloere
1392 1790 1499 1845 ndaut

301 1892 426 1945 Ceterum
438 1903 486 1945 rex
499 1889 630 1944 divinitus
645 1897 765 1944 mentem
783 1890 927 1944 confestim
943 1891 1101 1958 inspiratus,
1114 1892 1237 1945 sentiens
1256 1892 1331 1958 iusto
1350 1887 1498 1945 riroadulttt

300 1988 433 2055 divinum,
446 1990 490 2043 cui
512 1992 661 2043 humanum
682 1990 785 2051 aberat,
799 1990 941 2055 auxilium,
954 1991 1109 2059 prodigium
1127 1991 1180 2044 boo
1199 1990 1259 2045 tore
1280 1991 1400 2045 divinum
1417 1988 1498 2044 induti

299 2092 388 2141 tanter
400 2087 542 2153 intellexit,
557 2094 584 2141 et
595 2088 775 2156 sequentibus
785 2102 815 2142 se
827 2101 939 2141 suorum
954 2088 1078 2154 plurimis
1091 2102 1186 2142 versus
1199 2094 1326 2144 sanctum
1337 2090 1384 2143 liei
1394 2084 1527 2143 bmduull

298 2197 421 2252 gressum
434 2184 533 2252 dirigit.
547 2188 579 2236 itt
590 2198 654 2240 vero
667 2198 747 2252 saepe
769 2191 935 2238 memoratus
955 2185 1061 2239 deicola
1081 2191 1110 2239 ut
1121 2200 1233 2240 versum
1245 2200 1277 2241 se
1290 2200 1382 2256 mem
1396 2183 1499 2241 mordere

300 2288 376 2353 vidit,
389 2303 505 2357 surgens
525 2290 644 2356 alapide
664 2290 760 2343 obvius
773 2289 812 2341 illi
833 2288 1012 2354 proceditur
1032 2295 1124 2342 autem
1143 2290 1208 2342 data
1228 2295 1271 2343 est
1287 2289 1362 2343 laudi
1378 2287 1499 2355 copiam

299 2401 393 2441 vacem
405 2390 484 2442 solvit
496 2390 525 2442 in
538 2391 604 2443 baec
616 2391 697 2443 verba
711 2404 718 2441 :
735 2390 858 2443 Srermue
877 2389 933 2443 Dei
946 2401 1042 2457 serve,
1051 2402 1099 2457 ue,
1114 2402 1238 2458 quaeso,
1251 2389 1406 2445 irascaris
1416 2388 1498 2442 adm

298 2501 368 2541 sum
380 2502 437 2543 uos
448 2490 483 2542 iu
496 2492 524 2543 te
536 2490 720 2557 insipienter
731 2492 904 2557 cemimus,
918 2491 999 2557 proed
1018 2491 1056 2543 de
1065 2489 1233 2557 ionpiupuo
1253 2491 1361 2545 venire
1376 2487 1499 2556 facim

299 2588 521 2641 tribulaoimus
542 2591 571 2642 et
591 2590 624 2641 iu
647 2591 675 2642 te
694 2590 779 2642 uetuit
800 2589 956 2655 quoddam
972 2602 1156 2656 perversum
1169 2591 1295 2643 nostros
1311 2602 1402 2643 canes
1417 2578 1526 2640 mat!

297 2689 418 2741 coecati
436 2688 613 2742 citavimus.
627 2689 679 2741 Est
700 2687 750 2742 bie
772 2689 927 2755 quaedam
948 2688 1064 2742 mulier
1083 2687 1251 2754 uwiediem
1266 2691 1354 2742 tuum
1367 2685 1446 2755 opud
1456 2692 1498 2735 sot

294 2799 448 2840 acetisaus
461 2786 671 2842 iustoceutium
682 2786 816 2840 erimiue
822 2788 959 2854 pessimo
972 2805 980 2842 .·
993 2787 1083 2852 cuitus
1100 2798 1174 2840 orsa
1185 2786 1427 2841 deterrentium
1435 2779 1498 2835 iord

293 2887 426 2953 eredere,
441 2888 474 2939 iu
487 2890 640 2952 querutum
652 2887 781 2940 eoreieio.
796 2888 877 2940 Num
889 2887 919 2939 si
935 2889 992 2939 tua
1009 2884 1085 2939 tatis
1109 2888 1188 2939 esset
1199 2885 1375 2939 medebitur
1387 2886 1419 2937 ut
1429 2879 1497 2934 tritu
1559 2906 1563 2945 t

291 2982 466 3050 furibunda
487 2985 630 3051 nequiter
649 2984 817 3052 fabulatur
837 2984 977 3052 falsitas,
990 2985 1176 3037 rtzitiateuus
1198 2983 1312 3037 hortem
1324 2996 1432 3037 οαιιιιιιι
1446 2990 1495 3032 era·

290 3083 383 3135 sisses
395 3082 556 3152 ferociam,
570 3097 703 3151 priorum
712 3086 944 3137 nudusuaeeus
954 3084 1054 3136 euasit
1066 3082 1238 3136 iitsauiam.
1256 3083 1366 3135 Verum
1375 3070 1523 3149 quotient

290 3184 431 3235 lustrum
445 3184 622 3236 inreverens
635 3187 840 3237 eorrimeutum
853 3187 909 3236 tua
920 3183 1075 3236 surcetitas
1088 3182 1206 3249 redepii
1216 3182 1259 3234 ad
1271 3181 1417 3249 nibilum,
1425 3187 1495 3245 appi·
1540 3216 1544 3225 ·

288 3283 337 3333 ret
358 3284 386 3334 te
408 3295 528 3335 sururuo
550 3282 617 3348 repr·
640 3283 770 3349 dipsium
795 3283 971 3349 impendere
994 3281 1200 3350 superindutum,
1216 3294 1279 3348 per
1301 3281 1389 3347 cnjus
1408 3280 1494 3346 potem

291 3380 481 3447 sieffrapium
501 3384 643 3434 nostrum
663 3381 800 3447 effupisti
820 3380 1115 3434 rnaehiuameutum.
1129 3381 1177 3432 Cui
1191 3386 1334 3433 sanetuse
1351 3376 1495 3432 eontmbu
1556 3401 1561 3437 ;

294 3479 382 3531 reddit
402 3480 503 3532 lamina
518 3495 524 3530 :
539 3480 608 3533 Nou
628 3482 673 3532 est
693 3483 844 3545 uestrum,
866 3493 925 3532 reu
945 3479 1112 3532 Britouum
1132 3479 1252 3545 inclite,
1275 3479 1360 3533 irum
1379 3479 1411 3530 ιἰι
1428 3471 1496 3531 curiit

292 3577 443 3630 aduersus
455 3578 592 3644 aliquem
614 3591 749 3643 servare,
762 3578 791 3630 si
802 3579 972 3631 stultorum
992 3579 1136 3631 uolumus
1156 3578 1325 3643 scrupeum
1345 3562 1521 3630 evitarat‘til

289 3688 422 3740 puerum
442 3676 515 3729 siuu
534 3676 626 3729 cubui
649 3678 699 3729 ira
722 3689 823 3743 saepe,
836 3679 1004 3730 attestante
1021 3676 1115 3729 idida
1130 3676 1315 3743 priscorum
1328 3675 1494 3729 ramulorum

290 3773 521 3839 cupientissimo
540 3787 620 3839 reue.
634 3793 649 3822 u
668 3775 723 3826 Ira
743 3774 836 3837 euiru,
851 3774 961 3840 iuquit,
977 3774 1011 3825 ιἰι
1027 3774 1103 3826 sinu
1125 3775 1221 3827 stulti
1241 3773 1413 3842 requiescit.
1430 3766 1495 3821 „iot

286 3874 436 3938 potestati
445 3878 726 3927 υειιναεαιιιιιιιιιο
731 3873 852 3940 potenti
859 3872 941 3927 vobis
949 3886 1111 3932 concessae
1118 3872 1249 3928 rebelles
1254 3868 1496 3942 possumussolut

286 3971 406 4037 pietate
417 3972 560 4040 existere,
573 3975 697 4028 doctore
710 3974 814 4025 uestro
824 3973 853 4024 et
860 3972 1001 4039 pestium
1011 3971 1162 4037 mapistro
1170 3972 1218 4027 sie
1230 3972 1352 4027 dicente
1363 3991 1372 4027 .·
1383 3991 1398 4019 ι
1417 3964 1496 4023 mimi

289 4069 398 4123 anima
409 4071 644 4125 sublimioribus
651 4070 858 4138 potestatibus
870 4069 911 4123 sit
931 4069 1077 4135 subjecta.
1094 4070 1154 4129 Qui
1163 4071 1287 4124 resistit
1293 4068 1444 4138 potestati,
1457 4056 1526 4118 perti

291 4170 486 4224 ordinationi
504 4171 632 4224 resistit.
654 4191 668 4218 s
689 4172 726 4223 Et
750 4170 806 4223 itte
826 4171 986 4223 caetorum
1007 4169 1145 4236 eiaviper
1171 4170 1254 4223 iuter
1275 4168 1440 4237 salutifera
1462 4160 1499 4219 ud

154 4291 239 4344 wod,
295 4271 472 4324 docturueuti
483 4275 491 4292 ·
499 4274 671 4338 praecepta
683 4273 836 4324 urruuouet
850 4283 904 4323 uos
916 4282 981 4323 esse
991 4268 1142 4334 subjectos
1161 4270 1249 4324 ortui
1264 4269 1420 4325 bumarooe
1436 4276 1501 4322 cret-

99 4354 281 4408 d⁰⁰¹¹¹1¹⁰¹¹¹is·
297 4373 388 4422 turae
395 4372 525 4436 propter
536 4371 642 4435 Deum,
656 4369 720 4422 sive
730 4368 798 4434 repi
809 4368 902 4435 precisi
908 4367 1126 4434 praecellenti.
1137 4368 1220 4421 Deus
1229 4370 1335 4422 autem
1347 4370 1455 4431 rioster,
1464 4359 1504 4432 qui

295 4473 340 4523 est
352 4470 562 4536 superobruta
576 4470 751 4523 benedictus
764 4469 798 4520 iu
815 4469 1063 4535 saecularitates
1081 4480 1121 4521 eu
1137 4467 1261 4533 cirpiue
1281 4467 1396 4535 Maria,
1408 4468 1446 4521 de
1462 4473 1508 4533 put

290 4582 349 4636 per
364 4567 551 4635 prophetam
571 4569 723 4634 scriptum
743 4570 809 4621 est:
828 4586 843 4617 u
865 4568 1027 4622 Galaticum
1048 4555 1236 4633 quassatum
1260 4569 1470 4622 rubricantem
1490 4557 1543 4617 alli
