3156 5452
323 331 390 398 216
528 377 530 382 2
667 346 791 398 caran.
811 345 914 396 cono.
934 341 1109 393 saniona.
1128 339 1211 391 nar.

323 516 471 584 fundavit
482 521 511 572 et
523 530 617 587 opera
629 532 782 573 ruanuum
793 518 861 585 dus
871 520 947 572 suut
963 515 1054 571 coeli.
1071 513 1190 570 credite
1200 511 1321 568 Filium
1337 512 1405 579 dus
1414 510 1511 580 unice

323 618 389 669 tum
402 617 567 670 Dmninum
579 619 722 670 nostrum
745 629 785 670 ee
802 614 926 683 eirqiae
943 616 1056 668 reatum
1076 615 1106 666 et
1112 624 1174 680 pro
1191 612 1297 665 salute
1313 608 1473 665 omninum
1478 623 1511 678 p«

321 727 402 780 aum‚·
414 715 531 768 credite
541 727 612 768 eccm
632 714 846 768 resurrexisse
864 727 886 767 o
906 713 1040 767 mortuis
1055 711 1107 764 die
1127 710 1230 777 tertut,
1242 708 1362 764 credite
1376 721 1448 763 eum
1458 722 1511 777 sup

322 826 427 867 omnes
438 815 541 868 caelos
552 814 729 868 ascendisse
739 816 770 867 et
777 813 929 880 spiritum
940 809 1288 878 sonetumporactitum
1300 808 1354 862 dic
1356 810 1511 876 pentecost

322 912 391 965 sicis
403 912 570 979 discipulis
590 913 720 980 dedisse,
733 912 788 980 qui
806 923 857 965 eos
868 910 974 965 docuit
985 910 1024 964 de
1034 907 1176 964 omndms
1190 906 1356 977 penmbtts
1370 908 1511 976 linquam

324 1011 366 1064 ad
373 1011 627 1078 praedicandum
639 1011 674 1063 iu-
685 1009 827 1064 odonibus
836 1008 979 1076 pentibus
990 1008 1186 1076 eoanpeiium
1205 1021 1319 1074 suum;
1330 1005 1450 1061 credite
1460 1006 1511 1061 etit

324 1111 490 1162 venturum
502 1109 537 1160 iu
553 1111 691 1162 contremo
703 1107 824 1174 judicii
843 1107 894 1160 dte
914 1106 957 1159 ad
979 1106 1174 1160 reddundum
1192 1105 1290 1159 mults
1309 1105 1400 1159 mala
1420 1107 1451 1159 et
1468 1104 1511 1160 bor

322 1209 411 1264 bona.
424 1211 546 1277 Cumque
566 1222 663 1262 omnes
684 1208 889 1274 respondissent
909 1205 1065 1273 compuncti
1086 1204 1169 1257 corde
1190 1217 1220 1256 sc
1240 1215 1313 1269 rece,
1326 1216 1357 1255 se
1378 1215 1503 1269 peccasse

324 1310 458 1364 idolorum
471 1310 593 1369 culturis.
607 1311 635 1361 in
649 1310 801 1363 simulacris
812 1309 1030 1362 daemoniorum.
1044 1302 1245 1369 baptizamus
1258 1302 1286 1354 in
1298 1300 1413 1354 nomine
1425 1301 1507 1354 Patris

324 1409 382 1462 Filii
392 1415 419 1462 et
428 1409 542 1475 Spiritus
551 1409 634 1462 saneti
644 1426 652 1473 ;
663 1408 860 1474 ecclesiamque
869 1412 977 1459 mactae
991 1401 1198 1457 resurrectionis
1209 1401 1326 1467 paschae
1338 1399 1511 1466 superltbodt

324 1520 388 1560 saxa
400 1506 577 1571 benedicens,
590 1506 663 1559 abiit.

139 1617 225 1670 'cort
238 1629 311 1670 opes,
359 1607 407 1658 12.
422 1610 497 1659 Tune
510 1607 582 1659 cives
600 1608 609 1627 ·
628 1606 818 1659 Narbonenses
839 1605 940 1672 pariter
960 1603 1112 1673 conglobati
1135 1601 1250 1656 audiunt
1269 1600 1419 1656 adventum
1439 1601 1511 1656 viril

180 2413 189 2431 ·
201 2410 266 2463 cod.

159 2477 291 2542 speciosa.

326 1706 445 1771 episcopi
468 1705 559 1769 Pauli3
573 1705 679 1758 obviam
701 1705 751 1756 sibi
773 1711 920 1758 mcurmnt
939 1719 1001 1758 cum
1022 1703 1193 1770 lampadibus
1213 1702 1364 1756 eteorenis
1376 1707 1404 1756 et
1422 1702 1511 1757 cimbal

325 1805 467 1857 dicentes:
487 1803 593 1871 visito,
607 1803 739 1871 domine,
758 1804 862 1872 visita,
871 1805 1006 1872 praesul
1025 1805 1141 1869 sancte,
1159 1800 1323 1870 familiam
1342 1803 1441 1868 tuam,
1458 1814 1511 1869 qam

325 1902 387 1956 sibi
400 1901 536 1955 attrabit
548 1901 645 1956 bostis
656 1902 796 1956 callidus
808 1902 843 1955 in
854 1902 991 1957 culturis
1001 1903 1188 1955 daeruonum
1199 1902 1229 1953 et
1240 1899 1275 1952 in
1287 1898 1511 1968 manufactisit

327 2001 377 2055 iis.
390 2002 452 2055 Nos
463 2001 535 2070 pilii,
546 2003 581 2054 tu
588 2003 683 2068 poter
693 2018 702 2068 ,·
713 2014 770 2055 nos
780 2000 872 2068 serm,
885 2004 919 2055 tu
931 2001 976 2055 sis
988 2000 1152 2066 dominus‚·
1164 2011 1221 2053 nos
1233 2010 1311 2065 oum,
1325 2000 1490 2066 topasion
1502 2000 1511 2051 l

326 2100 443 2154 ‹luomm
464 2102 554 2168 itaqtle
575 2101 682 2154 dierum
703 2101 788 2167 spatia
807 2100 841 2153 ad
868 2101 1002 2153 civitatem
1022 2099 1177 2153 Narbonem
1194 2098 1323 2163 veniunt,
1348 2098 1398 2151 ubi
1418 2112 1433 2152 a
1453 2097 1511 2153 cidi

327 2198 450 2265 ejnsdern
462 2200 537 2252 urbis
549 2206 590 2252 est
603 2198 715 2251 mirilico
727 2205 878 2267 susceptus.

361 2296 410 2348 1³.
424 2295 560 2360 Quaedam
574 2297 646 2349 illius
658 2298 771 2349 civitatis
789 2297 920 2364 principis
936 2298 1037 2363 conjnx
1055 2311 1090 2350 ex
1103 2297 1202 2350 amisso
1214 2297 1331 2366 conjuge
1344 2296 1462 2351 babebat
1472 2296 1511 2350 illi:

328 2396 410 2448 nimia
432 2395 632 2461 pulchritudine
653 2397 802 2462 speciosam
816 2399 834 2461 ·,
847 2411 929 2464 quam
949 2396 1054 2449 dudum
1075 2397 1203 2464 antiquus
1215 2396 1352 2450 invaserat
1373 2398 1467 2451 bostis.
1480 2400 1511 2463 Qu

327 2508 389 2547 cum
403 2496 496 2548 inisset
516 2494 550 2547 ad
571 2496 658 2548 virum
672 2497 718 2549 bei
739 2495 865 2561 deducta,
879 2497 1041 2549 exclamavit
1057 2495 1175 2549 daemon
1196 2510 1247 2562 per
1267 2509 1298 2549 os
1316 2496 1511 2583 puellaedieet

332 2594 385 2646 Vir
396 2594 460 2661 Dei,
474 2607 585 2660 meque
596 2595 698 2649 Paule
716 2596 865 2664 episcope,
878 2608 937 2650 cur
957 2609 1007 2649 me
1021 2595 1302 2664 persemmrisidu
1319 2596 1430 2651 insula
1449 2598 1511 2665 Pop

325 2692 388 2746 tuis
406 2693 599 2746 orationibus
619 2706 668 2747 me
687 2694 849 2763 expulisti,
863 2707 947 2748 necne
965 2707 1037 2748 uero
1056 2693 1511 2762 curpersequcristltesinejs

323 2790 429 2872 desim
444 2793 593 2859 persequi
611 2793 770 2860 insontem,
784 2794 891 2848 desine
904 2794 1054 2862 persequi
1070 2793 1272 2848 innocentem.
1288 2793 1511 2854 Quamobretul

323 2889 393 2956 ipae
404 2892 570 2957 coaeternis,
583 2905 701 2958 curque
719 2905 767 2945 rue
780 2892 849 2957 ione
868 2892 978 2946 casuris
992 2895 1004 2946 t
1016 2892 1250 2960 Numquidnam
1270 2905 1423 2959 temqtsam
1436 2892 1491 2947 tibi
1508 2910 1511 2941 l

323 3001 462 3056 conpruo
479 2990 601 3056 tuisque
617 2989 775 3043 stantibus
787 2992 916 3058 peredit
930 2992 1064 3057 Obsecro,
1070 3003 1178 3058 poree,
1189 2989 1321 3058 obsecro,
1335 2991 1469 3059 mosee.
1482 2993 1511 3047 tl

323 3086 453 3155 (auferre
465 3090 595 3143 oracula
615 3090 736 3142 dudtuu
753 3105 773 3142 n
794 3093 986 3157 ruerecepta.
1000 3095 1055 3143 lloc
1076 3090 1211 3143 ‹laemone
1231 3090 1351 3155 (licente,
1365 3104 1428 3145 eam
1448 3093 1490 3145 vir
1509 3096 1511 3145 ἶ

324 3187 448 3239 manibus
469 3186 679 3252 adprehendens
699 3188 767 3240 dixit
790 3204 796 3240 :
818 3190 888 3255 Exi,
912 3189 1070 3242 immunde
1096 3189 1240 3256 spiritus,
1261 3189 1317 3242 eau'
1339 3191 1379 3244 de
1396 3191 1511 3257 plussin

323 3285 447 3339 maniat
459 3286 559 3339 nostri
569 3288 643 3339 iesu
658 3286 780 3352 Christi,
794 3287 850 3354 qui
861 3286 916 3340 tibi
922 3288 1082 3355 praecipit
1098 3287 1145 3341 ire
1158 3286 1210 3340 ubi
1220 3300 1285 3343 reon
1295 3288 1339 3342 sit
1349 3290 1441 3343 stitus
1457 3303 1511 3346 ace

321 3399 376 3437 sus
386 3384 554 3438 bonitatum.
568 3390 637 3439 baris
646 3400 710 3439 vcro
719 3387 814 3439 beatus
825 3388 921 3439 Paulus
930 3388 1092 3452 orationem,
1102 3388 1170 3439 dixit
1181 3403 1187 3438 :
1200 3387 1330 3441 Domtrte
1337 3389 1413 3442 lesu
1425 3388 1511 3444 duis

321 3484 501 3548 cujusnam
524 3484 670 3537 teriiocrsa
691 3485 833 3551 dispersa
845 3489 1082 3552 comprecantur,
1095 3488 1125 3539 et
1144 3489 1337 3555 coreprepoto
1355 3489 1466 3555 pratia
1482 3491 1511 3542 tn

317 3583 478 3649 potentiae
496 3597 616 3650 semper
640 3596 813 3651 conservas,
838 3586 944 3638 adesto
962 3584 1049 3638 euobis
1069 3584 1279 3640 clamantibus
1301 3587 1511 3643 misericordie

324 3685 420 3747 tuane,
433 3685 462 3735 et
474 3682 557 3736 deinc
569 3683 795 3750 nequissimum
806 3684 985 3737 daemonem
997 3685 1129 3738 deutero
1142 3687 1216 3738 tuae
1227 3684 1357 3739 virtutis
1368 3686 1479 3755 allide,
1492 3700 1511 3755 q

324 3794 428 3832 onerans
447 3784 617 3847 apreoscant
638 3784 667 3835 te
684 3795 792 3835 oerum
815 3783 979 3836 Dominum
993 3783 1097 3837 Jesum
1120 3783 1276 3838 Christum
1295 3784 1427 3839 anuum
1450 3786 1511 3841 eoa

241 3917 244 3926 .
324 3879 363 3931 de
374 3881 459 3932 caelo
472 3880 732 3948 descendissepro
739 3881 965 3948 peccatoribus.
980 3886 1051 3935 llaec
1062 3883 1166 3943 dicens,
1180 3883 1270 3948 coepit
1282 3882 1403 3939 daemon
1415 3886 1511 3939 clamat

327 3978 410 4030 Ooir
422 3979 477 4031 Dei
489 3980 597 4046 Potite,
611 3993 669 4047 quo
683 3979 750 4034 ibo?
762 3981 824 4040 Quo
836 3994 885 4033 sne
897 3983 1038 4035 eertum?
1056 3980 1109 4034 Ubi
1119 3980 1242 4048 sapiam
1252 3981 1298 4035 tA
1311 3980 1398 4050 facie
1410 3984 1460 4037 tui
1468 3983 1511 4052 stu

323 4077 370 4128 ris
384 4076 462 4129 inibi
472 4080 566 4144 aptus
578 4079 685 4132 aditus
697 4078 750 4131 sebi
761 4079 822 4131 erit
832 4081 844 4132 t
856 4082 911 4132 lloc
929 4079 1063 4133 daemone
1082 4079 1200 4142 dicente,
1214 4086 1325 4134 excreat
1344 4083 1438 4148 puella
1453 4088 1511 4137 teter

325 4190 399 4227 inum
413 4176 588 4229 similitudine
610 4179 779 4236 scarabeum,
792 4183 937 4244 tantusque
959 4179 1028 4231 ictor
1046 4179 1224 4232 intolerabilis
1242 4180 1372 4235 omnibus
1383 4184 1507 4250 appamia

326 4274 402 4325 illum
417 4275 532 4328 tolerare
546 4277 621 4328 nulla
635 4277 763 4344 fragilitas
776 4278 916 4330 bominum
930 4278 1076 4343 <quivissem
1090 4285 1117 4330 ct
1129 4279 1216 4331 statim
1230 4280 1321 4345 puella
1334 4294 1402 4334 sana
1415 4283 1481 4337 lacta
1500 4296 1511 4335 e

324 4388 439 4440 euinque
458 4377 535 4426 litanti
550 4375 668 4427 reddidit
680 4390 783 4428 sanam.

357 4475 406 4525 14.
420 4476 495 4525 Tunc
510 4474 678 4527 nobilissima
691 4473 736 4528 illa
758 4480 880 4528 matrona
894 4489 955 4527 culn
976 4476 1104 4529 omnibus
1124 4478 1181 4529 suis
1201 4478 1379 4544 optimatibus
1394 4487 1423 4535 et
1442 4481 1510 4533 famo

323 4574 380 4625 sive
393 4573 497 4625 civibus
509 4572 604 4627 effecta
617 4579 658 4628 est
678 4575 837 4629 christiana.
851 4575 952 4629 Omnes
973 4574 1138 4631 hereditates
1151 4578 1274 4644 proprias
1296 4585 1392 4637 sancto
1413 4581 1470 4635 tiro
1480 4590 1511 4633 on
