3156 5452
178 341 271 390 man.
291 341 373 391 nar.
393 342 511 392 rents.
529 364 574 373 —
591 343 746 394 trenno.
764 346 812 395 so
829 344 906 394 coo.
926 341 990 392 tros
1005 345 1040 393 a.
1157 325 1226 391 207

139 509 325 564 niraculorum
339 509 511 564 claritudine.
525 513 588 565 llrat
600 512 674 566 enim
687 513 730 566 vir
741 512 862 579 quidam.
876 510 981 563 llllseus
993 509 1115 575 nomine,
1127 509 1227 563 debilis¹

145 650 151 663 .
164 608 261 663 annuc
274 610 307 663 ad
320 611 440 663 eundem
453 610 542 664 locum
556 611 715 678 deportatur
735 615 766 665 ut
778 611 881 664 meritis
902 613 1045 664 sanaretur
1056 609 1221 663 sanctissimi

140 707 246 774 postoli
260 710 288 774 ‘3
301 722 385 776 quem
397 722 453 762 non
474 709 583 763 valebat
595 711 690 776 peritia
703 723 753 764 nec
765 710 900 764 industria
920 709 1012 776 aliqua
1024 721 1122 763 sanare
1133 707 1218 762 medi·

139 809 191 873 dus
203 807 327 875 languor,
339 813 370 860 ut
385 808 444 875 ipse
464 808 608 872 referebat,
622 808 711 861 taliter
723 808 773 862 sibi
786 807 932 862 acciderat.
945 810 1010 861 cunr
1034 807 1151 874 quadam
1173 805 1218 860 die

148 905 263 961 meridie
284 907 438 974 quiesceret
456 919 638 975 somnumque
660 912 777 975 caperet,
791 906 923 976 evigilans
943 905 1060 974 pedibus
1081 919 1220 974 manuque

140 1019 146 1058 r
157 1006 244 1060 sensit
255 1012 425 1060 contractum
446 1011 473 1060 et
484 1008 559 1061 omni
579 1007 736 1074 hujusmodi
748 1006 837 1063 oillcio
850 1006 1021 1062 destitutum.
1033 1009 1150 1074 Eratque
1160 1006 1218 1075 lam

140 1105 188 1171 rjus
201 1104 347 1159 infirmitas
366 1106 477 1173 quando
489 1106 523 1159 ad
536 1107 667 1159 auxilium
689 1107 854 1161 sanctissimi
873 1105 1088 1175 confugiendum
1100 1106 1220 1173 speravit

148 1205 233 1272 dulus
245 1205 393 1272 siquidem,
405 1205 476 1258 sicut
488 1205 617 1271 diximus,
630 1205 823 1261 recedentibus
841 1206 947 1260 cunctis
959 1205 1124 1271 decivitate,
1138 1217 1219 1260 nemo

141 1316 174 1356 us
188 1305 367 1356 misereretur
378 1303 512 1371 bugaeque
526 1303 691 1371 praesidium
704 1305 787 1359 ferret
798 1307 846 1372 qui
864 1307 924 1359 sine
937 1305 1050 1360 alterius
1062 1305 1220 1373 adjumento

140 1415 167 1457 co
181 1416 237 1457 non
260 1408 383 1471 poterat;
397 1409 424 1456 et
445 1404 546 1458 idcirco
568 1404 643 1459 solus
664 1405 693 1457 in
705 1417 737 1458 ea
758 1410 926 1460 remanserat
938 1412 1001 1461 ante
1013 1405 1153 1460 basilicam
1165 1407 1219 1458 lieo

1238 710 1337 788 Jllart.
1353 723 1396 777 ap.

1230 787 1405 830 curacura.

140 1502 232 1555 ubans
253 1502 420 1557 contessoris
431 1504 450 1555 ·.
464 1505 586 1571 cumque
606 1503 682 1557 nullo
694 1505 820 1558 obstante
838 1504 929 1559 aditus
940 1504 1056 1559 civitatis
1069 1508 1219 1571 patesceret
1265 1506 1274 1525 ·
1365 1545 1371 1556 .

140 1602 242 1669 raganis
254 1602 283 1656 in
304 1615 363 1655 eam
385 1608 457 1656 essct
470 1603 620 1672 ingressus,
633 1605 868 1659 circumeuntibus
884 1605 924 1659 els
936 1604 1039 1673 omnia,
1052 1617 1133 1659 nemo
1145 1605 1220 1657 bunc
1311 1610 1314 1617 '

140 1702 195 1764 ivit,
208 1716 271 1756 cum
284 1715 371 1770 paene
383 1704 591 1757 conculcaretur
608 1709 636 1757 et
648 1705 721 1757 inter
738 1704 821 1771 pedes
832 1717 926 1759 eorum
945 1704 1092 1759 immobilis
1105 1710 1134 1758 ut
1146 1709 1223 1757 trun·

140 1802 179 1869 pis
191 1810 220 1856 et
231 1804 291 1856 sine
304 1816 372 1858 voce
381 1804 493 1870 jaceret.
507 1806 540 1856 tlt
551 1817 615 1858 sero
637 1803 691 1856 illis
712 1803 905 1858 recedentibus
925 1803 1064 1859 urbicolae
1086 1801 1219 1871 repedare

152 1901 237 1954 nimia
249 1903 371 1955 omnium
393 1896 537 1956 admiratio
549 1903 618 1955 iacta
639 1908 681 1955 est
693 1902 832 1969 quomodo
845 1903 949 1956 viveret
969 1904 1012 1957 vel
1025 1915 1111 1971 quare
1124 1915 1180 1956 non
1194 1903 1223 1954 in

140 1998 243 2053 rniatus
263 2008 344 2064 esset,
358 2015 420 2054 cum
440 2001 547 2055 nullum
568 2001 658 2055 locum
679 2002 829 2055 immunem
852 2002 958 2055 hostilis
979 2000 1222 2068 perambulationis
1258 2032 1262 2039 a

140 2105 159 2151 t.
173 2102 260 2166 Super
272 2101 314 2153 bis
326 2101 407 2168 igitur
420 2114 475 2154 non
487 2101 615 2154 minimas
625 2102 679 2155 beo
692 2107 840 2169 sanctoque
851 2101 965 2154 llartiali
975 2102 1076 2169 gratias
1085 2107 1115 2155 et
1126 2100 1222 2155 laudes

140 2211 154 2264 r,
168 2197 251 2266 digno
272 2199 404 2252 arbitratu
416 2199 506 2251 visum
527 2205 568 2252 est
580 2200 619 2252 eis
641 2197 677 2251 ad
689 2199 844 2265 sepulcrum
867 2200 926 2266 eius
947 2199 994 2266 qui
1016 2213 1078 2253 eum
1099 2212 1115 2252 a
1136 2202 1223 2253 morte

142 2300 152 2348 t
163 2297 265 2350 debere
277 2298 429 2350 intromitti.
444 2297 529 2365 igitur
541 2298 630 2350 omnis
644 2297 760 2363 populus
781 2297 895 2350 civitatis
907 2297 1045 2352 dominica
1067 2297 1112 2351 die
1124 2297 1221 2350 missas

141 2410 184 2461 us,
198 2397 270 2449 inter
286 2379 422 2465 agendum
443 2410 525 2464 aeger
536 2395 726 2450 conualescere
747 2397 847 2463 coepit,
860 2403 887 2449 et
908 2397 979 2450 inse
1001 2397 1121 2451 converti
1134 2396 1225 2450 vultus

140 2499 166 2547 et
178 2495 379 2563 interrumpere
392 2496 535 2548 missarum
549 2494 701 2548 sollemnia.
716 2495 764 2548 vit
782 2495 864 2549 borae
884 2497 1000 2562 spatium
1022 2495 1184 2563 completur,
1197 2500 1224 2549 et

147 2607 260 2661 prorsus
273 2594 414 2647 debilitate
436 2594 585 2660 postposita
605 2593 751 2646 incolumis
772 2606 855 2660 super
869 2594 953 2659 pedes
973 2595 1056 2659 stetit,
1072 2591 1223 2648 ambulavit

140 2692 310 2760 prophetam,
324 2699 389 2747 tunc
411 2694 483 2746 saliit
501 2694 572 2746 sicut
592 2706 688 2747 cervus
709 2694 841 2758 claudus;
859 2699 886 2747 et
906 2695 984 2758 sicut,
999 2696 1050 2759 [ut]
1072 2695 1222 2760 praelatum

140 2791 258 2845 ominica
281 2793 460 2845 intortunium
475 2792 513 2844 illi
537 2792 589 2844 tale
601 2791 708 2857 accidit,
722 2792 758 2844 ita
780 2791 808 2845 in
821 2790 917 2845 eadem
940 2792 1059 2845 dieeum
1081 2794 1152 2845 deus
1173 2805 1223 2860 per

140 2890 217 2945 tialis
237 2892 351 2959 apostoli
372 2896 380 2912 ·
403 2890 532 2944 meritum
557 2892 689 2957 pristinae
710 2891 828 2945 reddidit
849 2893 968 2945 sanitati.
990 2893 1128 2959 iiultoque
1150 2892 1219 2945 inibi

140 3006 150 3043 s
164 2997 294 3059 tempore,
308 2993 456 3045 testabatur
469 2992 515 3043 bei
534 2992 660 3043 virtutem
674 2991 803 3044 omnibus
820 2991 1015 3058 quaerentibus
1032 3005 1092 3045 eam
1105 2997 1132 3045 et
1144 2993 1223 3045 mise·

152 3091 340 3145 multimodam
362 3105 411 3157 pcr
423 3096 546 3144 sanctum
569 3090 718 3143 llartialem
739 3091 857 3144 obtineri
879 3104 968 3156 posse,
982 3096 1010 3144 et
1029 3092 1104 3158 quod
1116 3090 1222 3158 experi-

140 3190 238 3243 licerat
253 3190 326 3243 lideli
347 3202 474 3242 sermone
494 3189 599 3243 cunctis
621 3188 863 3255 percunctantibus
885 3195 911 3241 et
932 3189 1028 3242 audire
1048 3191 1221 3256 cupientibus

140 3332 145 3345 .
158 3296 211 3346 Nec
224 3291 316 3345 minor
327 3292 472 3345 admiratio
485 3291 583 3343 eratin
596 3303 629 3343 eo
650 3291 722 3357 quod
745 3290 894 3344 subsistere
915 3295 1042 3357 potuerat
1054 3296 1117 3345 ante
1138 3291 1221 3359 pedes

140 3406 159 3443 n
182 3394 276 3444 omnia
296 3391 484 3457 diripientium
509 3391 652 3457 ipsumque
674 3402 730 3442 non
743 3389 902 3454 videntium,
916 3389 988 3455 quod
1010 3390 1134 3458 ejusdem
1147 3391 1218 3444 beati

1240 2897 1338 2974 jutan.
1353 2909 1397 2962 ap.

1234 2975 1269 3014 en
1280 2974 1407 3016 rasura.

141 3491 257 3557 apostoli
275 3495 282 3511 ·
300 3490 399 3542 Christi
421 3501 515 3555 preces
536 3488 574 3539 illi
589 3493 789 3540 concesserant.
802 3489 884 3541 ilecto
904 3501 968 3556 ergo
981 3488 1218 3543 considerantibus
1265 3488 1273 3508 ⁶
1293 3487 1299 3499 '

153 3591 182 3642 in
203 3591 255 3643 boc
274 3590 385 3642 bomine
402 3592 609 3642 constatactum
624 3588 804 3652 miraculum3
819 3587 1036 3654 multiplicesque
1056 3587 1096 3641 illi
1120 3589 1220 3656 gratias

140 3704 151 3754 ι,
166 3702 307 3756 perquem
321 3690 371 3741 boc
392 3688 489 3753 potuit,
502 3688 567 3740 lesu
587 3687 695 3738 dbristo
718 3687 831 3739 bomine
844 3690 948 3752 nostro,
962 3687 1004 3738 cui
1018 3693 1059 3739 est
1070 3700 1131 3740 cum
1145 3690 1222 3740 Patre

162 3793 256 3840 sancto
277 3788 374 3847 honor,
388 3790 507 3852 potestas
530 3785 677 3851 omnisque
698 3784 795 3848 uirtus,
810 3797 885 3836 nunc
906 3788 934 3836 et
946 3791 1009 3836 ante
1030 3784 1137 3838 saecula
1149 3790 1176 3837 et
1193 3786 1221 3837 in

140 3902 163 3938 m
178 3886 296 3939 saecula.

140 3986 443 4050 mercennariorum
464 3983 588 4048 plurima,
603 3989 629 4035 et
651 3982 778 4035 flosculos
796 3983 873 4049 quasi
899 3983 1031 4050 quosdam
1044 3984 1078 4036 de
1091 3985 1219 4036 virtutum

140 4087 212 4153 gniis
233 4085 381 4151 posteritati
403 4089 512 4136 nostrae
532 4081 704 4134 mandemus.
728 4084 764 4134 be
784 4083 885 4147 quibus
904 4083 970 4135 illud
992 4089 1034 4135 est
1054 4083 1166 4137 evidens
1193 4090 1221 4136 et

144 4186 168 4237 le
190 4185 290 4236 iactum
311 4183 383 4249 quod
405 4182 532 4247 temporis
554 4181 691 4242 Ludovici
706 4181 796 4234 liaroli
810 4180 868 4246 tilii,
881 4188 988 4235 constat
1009 4183 1100 4235 divina
1122 4183 1220 4234 virtute

147 4283 300 4336 cumcuim
314 4286 498 4348 postmortem
518 4282 600 4345 patris
615 4281 670 4346 lpse
688 4293 801 4347 regnum
823 4281 946 4334 detincre
968 4281 1057 4346 vellet,
1071 4281 1220 4334 accelerato

140 4397 159 4436 e
181 4396 256 4435 mora
278 4382 328 4434 sibi
347 4380 520 4446 dispendium
540 4379 650 4445 aliquod
664 4379 787 4447 gigneret
805 4384 833 4431 et
853 4380 1002 4434 rebellibus
1014 4380 1221 4433 contradicendi

140 4482 262 4541 aeberet.
277 4494 339 4532 cum
361 4491 443 4530 manu
464 4477 553 4531 valida
573 4479 741 4530 diuersarum
754 4478 887 4545 gentium,
901 4481 1067 4532 Francorum
1085 4479 1219 4544 videlicet,

140 4596 204 4635 »rum
217 4586 243 4632 ct
256 4582 428 4640 wasconum,
443 4575 618 4642 aquitanicos
631 4576 698 4629 tlnes
711 4577 816 4642 irrupit.
831 4576 869 4629 ild
888 4590 1005 4643 quorum
1018 4580 1149 4643 impetum
1161 4591 1220 4630 coe-
