3136 5482
329 349 421 398 eren.
440 347 523 397 nar.
544 348 660 398 ruere.
678 312 894 397 -arrunm
914 347 962 396 nn
979 345 1056 396 oon.
1075 341 1153 394 rara.

335 519 383 582 Qui
396 518 470 586 quod
484 517 529 572 hie
542 519 672 586 linquunt
683 519 770 584 ipsius
781 523 892 585 propter
904 527 1035 578 amorem,

335 620 366 671 ln
379 618 446 673 eaeli
459 620 545 685 patria
558 618 609 672 sibi
622 622 735 672 sumunt
746 616 967 684 centuplicatum,

335 720 367 770 lit
377 717 451 786 quod
465 717 626 784 simpliciter
639 731 713 771 nune
724 717 865 784 spiritibus
876 715 957 768 datur
969 715 1077 776 uorum,

333 821 408 871 Tune
421 831 483 872 eum
497 818 658 885 corporibus
670 818 780 871 dabitur
791 829 859 870 sane
869 816 1048 883 geminatum.

241 917 331 969 vm.
366 920 487 983 Namque
499 916 697 983 triumphantes
709 916 857 984 nitidisque
870 914 947 968 stolis
960 912 1113 976 rutilantes

334 1016 422 1069 veluti
434 1016 501 1068 clari
514 1015 617 1083 palmas
629 1017 760 1084 gestando
773 1014 912 1081 triumphi,

336 1118 392 1178 Quo
404 1120 486 1182 eaput
496 1116 628 1169 infestum
641 1117 801 1171 devicerunt
812 1116 997 1181 tenebrarum,

335 1216 485 1269 ilundanos
499 1229 626 1282 proceres
639 1216 828 1283 mundumque
840 1216 922 1268 simul
934 1215 1102 1282 subigentes,

334 1314 392 1366 liite
407 1318 509 1366 eanunt
521 1314 637 1377 christo,
651 1326 707 1367 non
720 1314 785 1381 oris,
798 1317 828 1367 ut
839 1317 881 1366 est
892 1313 1034 1365 hominum
1048 1324 1117 1376 mos,

336 1410 437 1473 orricio,
451 1426 558 1466 summa
570 1414 617 1466 sed
630 1413 681 1466 suh
693 1413 840 1467 dulcedine
852 1415 952 1469 mentis

336 1512 450 1566 Alleluia
462 1519 562 1568 sonant
573 1514 665 1581 simul,
677 1513 792 1567 Alleluia
804 1513 989 1580 frequentant.

236 1612 343 1664 vnn.
378 1614 431 1666 llex
443 1613 516 1666 bone
527 1615 669 1677 virtutum,
683 1620 729 1667 tua
740 1617 805 1667 sunt
817 1613 883 1667 haee
894 1613 976 1666 xenia
989 1610 1111 1676 laudum,

335 1712 383 1775 Qui
396 1724 505 1779 semper
516 1713 609 1780 ealles,
623 1714 740 1780 implens
753 1713 896 1767 carismate
907 1712 1002 1766 valles.

338 1810 424 1864 valles
438 1817 503 1864 sunt
515 1813 631 1866 humiles
643 1813 782 1879 animique
793 1813 865 1866 malo
878 1811 1008 1880 pueriles,

338 1913 483 1977 Serpentes
495 1918 556 1966 astu
569 1918 747 1980 perstantque
760 1911 809 1966 tibi
822 1913 882 1966 sine
894 1913 965 1965 fastu
977 1931 984 1977 3
1039 1920 1041 1924 ’

337 2012 443 2077 llasque
456 2010 505 2065 tibi
518 2017 609 2079 grates
621 2012 689 2066 caeli
701 2025 750 2080 per
761 2011 851 2065 saecla
868 2012 980 2065 colunes

337 2113 406 2163 liant
417 2112 573 2166 exultantes
583 2111 634 2165 tibi
647 2112 742 2166 laudes
754 2110 962 2178 amplilleantes.

238 2258 242 2264 .
338 2208 413 2273 Quod
426 2222 475 2263 rex
487 2211 712 2279 psalmographus
726 2223 843 2265 noscens
856 2217 986 2278 vatesque
998 2223 1114 2264 sonorus

339 2309 431 2363 Psallit
442 2310 549 2376 devote,
562 2323 630 2380 pura
643 2314 760 2366 reboans
774 2313 822 2366 tibi
835 2319 927 2366 mente
941 2331 947 2366 :

336 2409 403 2463 Reae
413 2413 547 2477 aeterne,
562 2412 611 2464 tui
621 2401 885 2466 nrauaorea'sunto
896 2411 978 2464 denti

339 2509 486 2575 Demptis,
500 2510 687 2564 insaeptum
699 2513 728 2564 te
742 2510 917 2564 laudabunt
928 2512 959 2562 et
970 2510 1005 2562 iat
1016 2520 1138 2562 aeuum.

337 2609 418 2673 llaec,
430 2621 476 2662 rex
488 2610 622 2676 caelestis,
637 2611 700 2663 felix
712 2611 843 2665 nantario
856 2611 961 2665 eunetis

338 2709 385 2759 list
397 2720 521 2774 possessa
533 2713 610 2762 tuum
623 2723 724 2764 nomen
737 2710 915 2764 credentibus
929 2709 1042 2772 almum,

337 2806 409 2868 Quos
420 2804 552 2860 decorant
562 2811 639 2861 actus
651 2806 715 2860 fidei
729 2809 801 2861 bona
814 2822 922 2876 semper
939 2808 1055 2876 agendo.

336 2903 411 2956 llane
424 2909 486 2957 tuus
498 2904 639 2972 ingressus
653 2919 720 2971 puer
734 2911 776 2959 est
788 2907 898 2973 cyricus
911 2905 1113 2968 memorandus,

338 3002 397 3053 tion
409 3001 438 3052 in
450 3015 480 3054 se
491 3001 590 3069 tideus,
605 3003 722 3068 propriis
736 3016 787 3057 nee
799 3005 902 3059 viribus
914 3004 1019 3057 addens

339 3098 468 3164 laudem,
481 3101 531 3154 sed
544 3114 668 3155 summae
680 3102 830 3169 majestatis
842 3102 946 3168 pietati.

340 3199 371 3249 Et
382 3204 536 3263 praestante
550 3204 597 3253 tua
611 3202 741 3267 quoniam
755 3201 854 3267 pietate
866 3201 982 3267 benigna

339 3299 437 3351 lnsons
450 3301 600 3366 permansit
613 3300 676 3353 slne
689 3301 768 3366 culpa
781 3300 905 3352 criminis
918 3299 1003 3361 omni,

340 3398 404 3447 Nam
417 3399 524 3451 nescire
535 3399 638 3451 malum
652 3399 748 3462 fertur,
762 3412 814 3452 nee
825 3399 918 3467 linqua
930 3397 1055 3451 dolosum

309 3497 316 3503 “
339 3496 402 3560 lijus
415 3509 570 3550 sermonem
582 3498 658 3564 dare,
672 3512 729 3553 non
740 3498 887 3551 immittere
900 3497 1033 3559 fraudem,

339 3592 443 3648 ideireo
453 3600 529 3648 tanta
541 3608 597 3650 non
610 3596 742 3650 avelletur
756 3597 791 3649 ab
805 3597 885 3662 aula;

337 3693 384 3742 ast
396 3691 433 3743 tui
446 3692 634 3760 praegaudens
646 3695 694 3748 ubi
707 3695 755 3748 lux
766 3696 826 3748 sine
840 3699 920 3748 noete
933 3694 1026 3762 rigens
1037 3699 1088 3757 est,

338 3789 375 3840 ae
386 3787 433 3840 ubi
447 3788 580 3843 maestitia
594 3791 698 3857 pollent
709 3793 769 3844 sine
779 3791 878 3860 gaudia
890 3796 997 3856 aunem,

339 3889 410 3940 Laus
422 3886 484 3943 sine
496 3891 605 3944 delectu
619 3898 777 3944 sanctorum
789 3890 954 3954 delinitura,

337 3986 466 4040 Exultans
476 3987 547 4042 vitae
558 3989 726 4056 jucundatur
739 3989 796 4054 tibi,
810 3989 925 4047 christe.

338 4086 452 4139 tunetus
465 4088 505 4140 eis
517 4089 620 4154 pariter
631 4089 678 4155 qui
696 4094 721 4141 te
733 4093 901 4142 venerantur
913 4094 1036 4141 ovanter.

299 4187 342 4239 X.
378 4187 450 4240 Talis
461 4194 617 4242 sauctorum
630 4202 735 4243 merces
747 4195 797 4254 est,
810 4190 924 4254 Christe,
938 4195 1057 4242 tuorum.

336 4284 390 4337 Sed
404 4298 455 4339 nos
467 4287 511 4339 lrie
522 4289 626 4353 positos
636 4293 663 4340 et
676 4286 704 4338 in
719 4288 768 4340 irae
781 4286 905 4341 convalle
916 4286 1010 4355 ligatos

338 4384 412 4437 inter
423 4385 541 4438 earnalis
554 4383 637 4452 hujus
650 4386 827 4451 temptamina
845 4385 911 4453 legis

337 4480 418 4547 Audi,
431 4479 577 4551 ωπιιςίυηι
588 4489 753 4551 quaerentes
765 4483 809 4535 hie
821 4484 994 4536 lacrimarum

337 4582 438 4648 aute,
451 4582 574 4637 earnalea
584 4582 728 4636 ducamus
739 4586 770 4633 ut
782 4581 811 4632 ln
823 4581 934 4647 pietate.
