3136 5482
344 377 440 428 nisu.
458 378 543 429 nan.
561 379 679 429 sanis.
697 398 743 410 -
758 380 911 430 arpenn.
932 381 978 429 nn
995 381 1073 430 oon.
1092 380 1120 432 a.
1331 366 1352 431 3

109 544 154 596 eis
165 550 299 598 sanctum
320 547 443 598 llaurum
464 547 625 614 adsignavit,
639 561 672 600 ac
684 548 808 615 reliquis,
821 560 890 616 quos
911 561 973 601 cum
991 561 1024 601 eo
1045 549 1177 615 mittebat,
1192 564 1247 604 non
1260 549 1353 604 minus

110 654 199 708 qnam
213 641 269 696 sibi
283 655 380 709 parere
391 645 546 710 praecepit3
560 644 681 697 simulet
695 644 822 698 allocutio
834 647 894 712 ejus
905 647 938 700 ad
951 660 1061 701 omnem
1078 651 1314 717 congregationem
1328 655 1355 702 et

112 740 273 794 exhortatio
285 741 321 794 ad
333 755 393 807 nos,
406 755 476 809 quos
489 741 625 811 dirigebat
636 760 644 808 3
657 742 785 797 deductio
803 757 913 812 quoque
929 751 1022 800 nostra
1036 752 1063 800 et
1080 747 1152 802 dona
1170 762 1241 816 quae
1259 753 1354 802 sancto

112 841 212 893 llauro
224 841 342 907 proferri
352 841 444 908 iussit,
457 847 485 894 et
498 842 656 895 mandatum
671 843 731 908 ejus
743 843 778 896 ad
789 843 1015 898 Cinomannicum
1028 846 1192 911 praesulem.

75 943 95 992 5
149 939 238 992 vm.
251 943 290 993 lle
311 940 399 1006 prima
419 942 574 1005 mansione,
586 954 669 1008 quam
692 942 720 994 in
742 942 916 1007 possessione
928 946 1087 998 monasterii
1101 947 1262 1012 babuimus3
1276 954 1303 1000 et
1320 948 1354 1000 de

112 1040 227 1093 duobus
239 1039 368 1093 iratribus
385 1053 434 1106 per
450 1053 520 1106 quos
535 1045 646 1093 sanctus
664 1041 827 1095 Benedictus
841 1044 851 1063 '
863 1044 943 1096 heato
962 1046 1054 1097 linum
1067 1046 1206 1110 capsulam
1226 1046 1353 1114 reliquia·
1403 1055 1490 1108 ·cod.

114 1153 180 1191 rum
198 1144 226 1191 et
241 1138 383 1204 epistolam
401 1140 587 1206 prophetalem
608 1138 698 1206 misit;
716 1146 743 1192 et
761 1141 835 1207 quod
854 1156 886 1195 ea
904 1142 971 1196 lecta
991 1139 1087 1195 beatus
1107 1146 1215 1196 llautus
1237 1145 1352 1197 multum
1374 1119 1528 1173 Benedicm·

114 1238 215 1291 hilaris
232 1236 357 1300 effectus,
375 1238 488 1292 eosdem
509 1239 606 1293 iratres
625 1241 660 1294 ad
675 1247 801 1295 sanctum
820 1240 995 1295 benedictum
1008 1254 1070 1294 cum
1087 1242 1236 1307 gratiarnm
1248 1242 1354 1296 remisit

115 1339 239 1393 actione.

62 1436 94 1486 l⁰
151 1440 255 1492 vnn.
267 1443 306 1492 lle
317 1452 350 1492 eo
362 1440 409 1493 ubi
421 1440 551 1493 vercellis
562 1439 735 1505 advenimus,
746 1449 773 1494 et
785 1442 819 1495 de
829 1443 971 1495 sanatione
982 1441 1129 1495 llarderadi
1141 1447 1168 1495 et
1177 1442 1353 1497 veneratione

115 1538 221 1592 oinium
242 1552 325 1605 quam
346 1552 395 1605 pro
417 1539 469 1593 boc
490 1539 561 1594 lacto
583 1554 645 1608 erpa
666 1546 789 1594 sanctum
812 1542 967 1595 babuerunt
989 1543 1131 1609 llaurum3
1152 1546 1179 1595 et
1199 1544 1272 1613 quod
1295 1545 1353 1610 ipso

115 1636 277 1691 llarderado
290 1637 455 1703 deprecante
466 1650 523 1691 uno
535 1638 580 1691 die
592 1644 653 1704 post
666 1639 725 1704 eius
739 1639 911 1691 sanationem
924 1639 952 1689 in
966 1636 1061 1691 eadem
1076 1640 1227 1692 mansimus
1240 1641 1318 1694 urhe.

152 1737 193 1788 X.
215 1737 251 1788 be
271 1736 364 1803 Sergio
384 1735 498 1797 tomulo,
520 1737 598 1802 cujus
619 1736 767 1789 contritum
788 1737 884 1802 pedem
908 1735 1003 1789 beatus
1024 1739 1133 1790 llaurus
1158 1750 1205 1803 per
1224 1739 1352 1792 virtutem

115 1833 212 1888 crucis
224 1835 339 1887 sanarit.

64 1935 97 1983 iti
152 1935 209 1985 xl.
223 1934 261 1986 be
275 1946 355 1986 caeco
368 1939 432 1986 nato
445 1933 571 1998 precibus
584 1935 643 1999 ejus
664 1934 828 1986 inluminato
850 1934 878 1986 in
897 1934 1001 1987 loribus
1022 1934 1153 1988 ecclesiae
1170 1936 1351 2002 pretiosorum

114 2039 267 2100 martyrum
280 2031 480 2098 Thebaeorum,
493 2039 521 2086 et
533 2034 606 2100 quod
619 2033 677 2100 ipso
689 2034 773 2086 linus
784 2032 928 2086 clericatus
941 2032 1029 2087 officio
1042 2042 1133 2099 postea
1145 2034 1257 2088 iunctus
1274 2035 1309 2086 sit
1322 2033 1350 2086 in

112 2130 215 2185 eadem
227 2131 352 2185 ecclesia.

148 2233 222 2284 111.
236 2232 274 2283 be
285 2229 462 2285 adulescente
473 2230 560 2299 litigio
573 2231 628 2284 illio
640 2233 773 2297 Remegae
784 2231 891 2296 viduae,
905 2230 952 2297 qui
965 2230 999 2283 de
1016 2230 1074 2295 ipsa
1086 2229 1181 2283 ultima
1194 2237 1281 2284 morte
1292 2233 1351 2298 ejus

112 2330 290 2386 orationibus
302 2331 373 2384 ritae
390 2338 432 2384 est
452 2332 604 2396 restitutus,
617 2338 645 2384 et
657 2336 749 2398 postea
771 2330 923 2383 monachus
934 2329 963 2382 iu
975 2330 1113 2382 Lirinensi
1131 2331 1297 2385 monasterio
1309 2337 1351 2385 est

58 2433 93 2485 iu
111 2429 240 2485 effectus.

144 2537 236 2589 xm.
249 2534 326 2599 Quod
337 2535 576 2603 adpropinquante
596 2532 779 2587 sollemnitate
799 2533 919 2599 paschali
932 2534 961 2584 in
980 2545 1078 2599 pagum
1096 2529 1348 2584 antisiodorensem

108 2635 275 2689 devenimus
295 2638 322 2687 et
342 2640 468 2687 sanctum
481 2634 582 2699 pascha
594 2646 656 2685 oum
669 2633 748 2685 beato
761 2634 883 2686 Romano
895 2633 1017 2699 egimus,
1032 2636 1059 2684 et
1073 2630 1108 2683 de
1120 2630 1236 2683 transitu
1249 2630 1343 2683 beati*
1364 2649 1372 2665 ·
1390 2644 1465 2699 paee
1487 2660 1547 2701 ,ω

108 2732 263 2797 Benedicti,
276 2746 358 2799 quem
371 2738 483 2785 sanctus
495 2734 605 2785 liaurus
616 2730 646 2784 in
656 2731 798 2784 horomate
812 2731 967 2798 conspexit;
981 2736 1008 2783 et
1021 2730 1055 2783 de
1067 2729 1206 2782 voluntate
1219 2728 1345 2794 Romani,
1360 2711 1425 2830 b'm
1437 2712 1504 2806 0952·

107 2846 166 2903 qua
179 2847 212 2887 se
227 2833 370 2886 nobiseum
384 2833 423 2885 ire
436 2832 505 2885 selle
516 2832 594 2885 dixit.
1380 2791 1406 2831 ³⁸
1415 2781 1538 2897 {gfpfa

55 2948 89 2999 c,
142 2935 251 2986 xlm.
265 2933 340 2997 Quod
358 2932 511 2985 Aurelianis
523 2931 664 2984 venientes
676 2931 781 2984 obitum
799 2930 987 2984 Cinonrannici
1001 2926 1132 2981 antistitis
1144 2928 1307 2991 audivimus,
1321 2932 1349 2980 ct

107 3032 178 3086 inde
189 3032 281 3085 tristes
297 3030 397 3096 effecti,
410 3031 482 3084 beati
496 3030 587 3082 'llauri
600 3030 790 3083 exhortatione
808 3029 920 3082 relevati
939 3042 1051 3094 sumus3
1066 3032 1093 3079 et
1105 3026 1140 3080 de
1152 3026 1267 3080 consilio
1281 3028 1347 3079 liar·

106 3131 207 3184 deradi
220 3136 247 3182 et
258 3130 427 3195 protectione
439 3142 533 3182 eorum
547 3129 581 3181 ad
594 3128 774 3181 substitutum
786 3127 955 3193 episcopum.

141 3231 215 3281 xv.
236 3229 313 3291 Quod
334 3228 547 3281 cinomannicus
567 3227 691 3288 antistes,
716 3238 798 3278 causa
821 3225 963 3289 legationis
983 3224 1017 3277 ab
1045 3223 1085 3276 eis
1106 3223 1207 3289 agnita,
1230 3224 1348 3289 propriis

104 3329 215 3395 eoeptis
227 3341 257 3380 se
274 3328 400 3380 insistere
410 3326 496 3394 magis
506 3339 589 3393 quam
599 3327 716 3379 aliorum
727 3323 796 3377 velle
808 3324 884 3388 dixit,
895 3329 921 3375 et
931 3322 1005 3389 quod
1016 3320 1168 3388 baecjuxta
1179 3321 1346 3400 voluntatem

54 3441 88 3491 5⁰
107 3427 160 3480 bei
171 3424 295 3491 bebant3
308 3433 336 3479 et
347 3426 381 3478 de
394 3425 453 3478 loco
465 3426 512 3492 qui
525 3437 540 3476 a
552 3423 698 3477 decessore
710 3424 768 3490 elus
782 3423 871 3476 luerat
883 3423 1022 3488 provisus.

142 3525 231 3577 m
244 3523 321 3588 Quod
334 3524 507 3578 ilarderadus
518 3529 645 3588 nepotem
664 3536 744 3575 suum
763 3523 843 3575 heato
860 3525 954 3574 llauro
973 3518 1125 3573 transmisit
1136 3526 1164 3572 et
1180 3526 1210 3572 ut
1221 3518 1346 3586 llndega-

105 3639 225 3680 vensenr
241 3625 317 3678 adire
339 3638 437 3692 pagum
458 3625 600 3677 festinaret
619 3622 777 3686 mandavit3
792 3627 818 3674 et
839 3621 874 3674 de
886 3621 1005 3674 adventu
1028 3624 1123 3672 nostro
1136 3624 1162 3672 et
1174 3617 1209 3670 de
1227 3616 1346 3671 consilio

106 3725 262 3780 ilarderadi
282 3738 316 3778 ac
334 3725 501 3778 consobrino
521 3737 571 3776 suo
593 3722 705 3776 nomine
728 3721 805 3774 Floro
826 3726 854 3773 et
873 3720 1013 3773 voluntate
1036 3720 1095 3785 ejus
1118 3731 1150 3772 ac
1174 3717 1226 3770 loci
1249 3715 1343 3771 consi-

105 3825 266 3879 deratione.

52 3939 86 3988 ες
141 3925 246 3976 xvn.
255 3926 293 3976 lte
304 3923 491 3977 Theodebcrto
501 3935 575 3989 rege,
585 3921 614 3973 in
630 3921 709 3986 cujus
722 3931 805 3986 regno
818 3918 913 3970 Florus
929 3928 1055 3984 magnam
1071 3915 1214 3969 obtinebat
1228 3920 1345 3980 potesta·

103 4031 175 4088 tem,
194 4023 268 4076 etde
280 4021 412 4089 petitione
424 4035 478 4088 qua
490 4034 582 4088 regem
597 4019 674 4086 petiit
694 4023 725 4070 ut
744 4017 769 4069 ei
786 4016 844 4081 eins
861 4014 996 4081 permissu
1018 4021 1071 4065 tam
1092 4014 1202 4066 beatum
1220 4015 1342 4064 llaurum

100 4134 190 4190 quarn
205 4135 256 4175 nos
269 4122 390 4188 recipcre
404 4120 514 4182 liceret,
528 4119 601 4172 etde
614 4115 795 4184 permissione
812 4128 844 4167 ac
862 4113 1043 4180 promissione
1056 4112 1126 4178 regis
1140 4119 1168 4164 et
1179 4111 1214 4162 de
1225 4110 1343 4163 adventu

100 4223 177 4277 flori
200 4222 234 4274 ad
260 4235 310 4275 nos
331 4228 359 4274 et
378 4219 534 4286 receptione
555 4216 626 4272 beati
656 4215 741 4269 llauri
766 4222 793 4267 et
818 4212 1052 4280 congratulatione
1078 4210 1148 4263 Flori
1173 4217 1200 4262 et
1222 4210 1342 4262 nominis

100 4320 216 4376 1101111111
229 4319 423 4374 benedictione
436 4331 484 4385 pro
496 4322 591 4371 nostro
602 4315 732 4368 adventu.

50 4428 82 4480 to
136 4420 261 4472 xvnt.
275 4420 312 4470 be
322 4416 462 4470 voluntate
474 4416 544 4469 llori
557 4428 640 4482 quam
652 4414 732 4466 beato
744 4414 837 4464 Mauro
855 4410 890 4463 de
902 4408 1106 4462 constructione
1117 4407 1241 4460 coenobii
1253 4405 1342 4459 mani·

10 4496 12 4533 Ι
97 4518 216 4575 testarii
227 4523 255 4571 et
269 4517 304 4571 de
315 4517 495 4582 responsione
507 4520 534 4568 et
546 4513 661 4567 consilio
678 4511 752 4564 beati
770 4510 855 4563 llauri
867 4508 902 4562 ad
915 4509 991 4561 illum
1006 4526 1013 4573 ;
1027 4508 1061 4561 de
1074 4505 1213 4561 oblatione
1230 4519 1341 4573 quoque

96 4616 218 4676 bertulfi
230 4623 261 4670 et
273 4616 396 4670 oratione
407 4628 440 4670 ac
451 4612 636 4681 promissione
656 4609 778 4677 ejusdem
801 4609 872 4662 Flori
893 4607 972 4662 etde
993 4608 1119 4674 pluribus
1139 4607 1290 4661 artificibus
1309 4619 1341 4658 ac
