<?xml version="1.0" encoding="UTF-8"?>
<!DOCTYPE html PUBLIC "-//W3C//DTD XHTML 1.0 Transitional//EN"
    "http://www.w3.org/TR/xhtml1/DTD/xhtml1-transitional.dtd">
<html xmlns="http://www.w3.org/1999/xhtml" xml:lang="en" lang="en">
 <head>
  <title>
</title>
<meta http-equiv="Content-Type" content="text/html;charset=utf-8" />
  <meta name='ocr-system' content='tesseract 3.04.00' />
  <meta name='ocr-capabilities' content='ocr_page ocr_carea ocr_par ocr_line ocrx_word'/>
</head>
<body>
  <div class='ocr_page' id='page_1' title='image "./cataloguscodicu01manugoog_0446.png"; bbox 0 0 3136 5482; ppageno 0'>
   <div class='ocr_carea' id='block_1_1' title="bbox 378 323 961 398">
    <p class='ocr_par' dir='ltr' id='par_1_1' title="bbox 378 323 961 398">
     <span class='ocr_line' id='line_1_1' title="bbox 378 323 961 398; baseline -0.01 0"><span class='ocrx_word' id='word_1_1' title='bbox 378 348 470 398; x_wconf 79' lang='lat' dir='ltr'>uum.</span> <span class='ocrx_word' id='word_1_2' title='bbox 490 347 573 397; x_wconf 83' lang='lat' dir='ltr'>nar.</span> <span class='ocrx_word' id='word_1_3' title='bbox 593 345 709 395; x_wconf 79' lang='lat' dir='ltr'>ranis.</span> <span class='ocrx_word' id='word_1_4' title='bbox 728 365 774 374; x_wconf 92' lang='lat'>-</span> <span class='ocrx_word' id='word_1_5' title='bbox 789 323 866 395; x_wconf 86' lang='lat' dir='ltr'>oon.</span> <span class='ocrx_word' id='word_1_6' title='bbox 887 341 961 392; x_wconf 73' lang='lat' dir='ltr'>aare.</span> 
     </span>
    </p>
   </div>
   <div class='ocr_carea' id='block_1_2' title="bbox 289 562 1054 676">
    <p class='ocr_par' dir='ltr' id='par_1_2' title="bbox 289 562 1054 676">
     <span class='ocr_line' id='line_1_2' title="bbox 289 562 1054 676; baseline -0.007 -19"><span class='ocrx_word' id='word_1_7' title='bbox 289 568 411 657; x_wconf 76' lang='lat' dir='ltr'>cent.</span> <span class='ocrx_word' id='word_1_8' title='bbox 437 567 562 654; x_wconf 72' lang='lat' dir='ltr'>Codex</span> <span class='ocrx_word' id='word_1_9' title='bbox 579 565 769 676; x_wconf 83' lang='lat' dir='ltr'>signatus</span> <span class='ocrx_word' id='word_1_10' title='bbox 792 588 904 651; x_wconf 89' lang='lat' dir='ltr'>num.</span> <span class='ocrx_word' id='word_1_11' title='bbox 931 562 1054 652; x_wconf 84' lang='lat'>5273.</span> 
     </span>
    </p>
   </div>
   <div class='ocr_carea' id='block_1_3' title="bbox 81 778 1260 949">
    <p class='ocr_par' dir='ltr' id='par_1_3' title="bbox 81 778 1260 949">
     <span class='ocr_line' id='line_1_3' title="bbox 81 778 1024 845; baseline -0.011 -5"><span class='ocrx_word' id='word_1_12' title='bbox 81 787 153 840; x_wconf 85' lang='lat' dir='ltr'>Olim</span> <span class='ocrx_word' id='word_1_13' title='bbox 166 785 301 840; x_wconf 83' lang='lat' dir='ltr'>comitum</span> <span class='ocrx_word' id='word_1_14' title='bbox 313 783 509 836; x_wconf 82' lang='lat' dir='ltr'>Bethaniomm</span> <span class='ocrx_word' id='word_1_15' title='bbox 521 779 615 833; x_wconf 85' lang='lat' dir='ltr'>Tlreol.</span> <span class='ocrx_word' id='word_1_16' title='bbox 630 781 671 842; x_wconf 77' lang='lat'>75,</span> <span class='ocrx_word' id='word_1_17' title='bbox 685 778 786 831; x_wconf 81' lang='lat' dir='ltr'>deinde</span> <span class='ocrx_word' id='word_1_18' title='bbox 797 779 896 845; x_wconf 76' lang='lat' dir='ltr'>Regius</span> <span class='ocrx_word' id='word_1_19' title='bbox 909 781 935 830; x_wconf 82' lang='lat' dir='ltr'>(l.</span> <span class='ocrx_word' id='word_1_20' title='bbox 950 779 1024 831; x_wconf 76' lang='lat'>5858.</span> 
     </span>
     <span class='ocr_line' id='line_1_4' title="bbox 83 878 1260 949; baseline -0.01 -9"><span class='ocrx_word' id='word_1_21' title='bbox 83 884 225 940; x_wconf 81' lang='lat' dir='ltr'>Foliorum</span> <span class='ocrx_word' id='word_1_22' title='bbox 236 886 278 949; x_wconf 83' lang='grc'>67,</span> <span class='ocrx_word' id='word_1_23' title='bbox 292 882 363 936; x_wconf 83' lang='lat' dir='ltr'>med.</span> <span class='ocrx_word' id='word_1_24' title='bbox 377 881 613 947; x_wconf 55' lang='lat' dir='ltr'>(emaloxoam),</span> <span class='ocrx_word' id='word_1_25' title='bbox 625 878 760 932; x_wconf 85' lang='lat' dir='ltr'>columnis</span> <span class='ocrx_word' id='word_1_26' title='bbox 772 878 854 937; x_wconf 79' lang='lat' dir='ltr'>binis,</span> <span class='ocrx_word' id='word_1_27' title='bbox 867 882 993 931; x_wconf 81' lang='lat' dir='ltr'>exaratus</span> <span class='ocrx_word' id='word_1_28' title='bbox 1006 891 1077 932; x_wconf 83' lang='lat' dir='ltr'>saec.</span> <span class='ocrx_word' id='word_1_29' title='bbox 1091 880 1157 932; x_wconf 85' lang='lat' dir='ltr'>xlll.</span> <span class='ocrx_word' id='word_1_30' title='bbox 1258 924 1260 928; x_wconf 83' lang='lat'>.</span> 
     </span>
    </p>
   </div>
   <div class='ocr_carea' id='block_1_4' title="bbox 154 975 1280 1075">
    <p class='ocr_par' dir='ltr' id='par_1_4' title="bbox 154 975 1280 1075">
     <span class='ocr_line' id='line_1_5' title="bbox 154 975 1280 1075; baseline -0.005 -18"><span class='ocrx_word' id='word_1_31' title='bbox 154 983 190 1057; x_wconf 78' lang='grc' dir='ltr'>7ο</span> <span class='ocrx_word' id='word_1_32' title='bbox 224 981 356 1060; x_wconf 83' lang='lat' dir='ltr'>Passio</span> <span class='ocrx_word' id='word_1_33' title='bbox 386 986 610 1058; x_wconf 87' lang='lat' dir='ltr'>sanctorum</span> <span class='ocrx_word' id='word_1_34' title='bbox 646 975 914 1075; x_wconf 90' lang='lat' dir='ltr'>apostolorum</span> <span class='ocrx_word' id='word_1_35' title='bbox 948 976 1051 1053; x_wconf 89' lang='lat' dir='ltr'>Petri</span> <span class='ocrx_word' id='word_1_36' title='bbox 1087 985 1125 1055; x_wconf 89' lang='lat' dir='ltr'>et</span> <span class='ocrx_word' id='word_1_37' title='bbox 1157 976 1280 1067; x_wconf 89' lang='lat' dir='ltr'>Pauli,</span> 
     </span>
    </p>
   </div>
   <div class='ocr_carea' id='block_1_5' title="bbox 54 1098 1288 1656">
    <p class='ocr_par' dir='ltr' id='par_1_5' title="bbox 54 1098 1288 1656">
     <span class='ocr_line' id='line_1_6' title="bbox 204 1098 951 1206; baseline -0.013 -23"><span class='ocrx_word' id='word_1_38' title='bbox 204 1128 304 1206; x_wconf 88' lang='lat' dir='ltr'>quae</span> <span class='ocrx_word' id='word_1_39' title='bbox 323 1113 380 1181; x_wconf 91' lang='lat' dir='ltr'>est</span> <span class='ocrx_word' id='word_1_40' title='bbox 398 1101 513 1180; x_wconf 88' lang='lat' dir='ltr'>tertio</span> <span class='ocrx_word' id='word_1_41' title='bbox 532 1100 607 1177; x_wconf 88' lang='lat' dir='ltr'>kal.</span> <span class='ocrx_word' id='word_1_42' title='bbox 626 1098 715 1198; x_wconf 84' lang='lat' dir='ltr'>julii</span> <span class='ocrx_word' id='word_1_43' title='bbox 734 1099 810 1198; x_wconf 84' lang='lat' dir='ltr'>(fol.</span> <span class='ocrx_word' id='word_1_44' title='bbox 835 1098 951 1199; x_wconf 58' lang='lat' dir='ltr'>lv-8s).</span> 
     </span>
     <span class='ocr_line' id='line_1_7' title="bbox 87 1232 1288 1300; baseline -0.007 -8"><span class='ocrx_word' id='word_1_45' title='bbox 87 1241 205 1292; x_wconf 78' lang='lat' dir='ltr'><strong>Auctore</strong></span> <span class='ocrx_word' id='word_1_46' title='bbox 225 1234 481 1299; x_wconf 76' lang='lat' dir='ltr'>Pseudo-Marcello,</span> <span class='ocrx_word' id='word_1_47' title='bbox 501 1233 544 1286; x_wconf 88' lang='lat' dir='ltr'>ed.</span> <span class='ocrx_word' id='word_1_48' title='bbox 568 1245 611 1299; x_wconf 91' lang='lat' dir='ltr'>ap.</span> <span class='ocrx_word' id='word_1_49' title='bbox 636 1233 799 1298; x_wconf 82' lang='lat' dir='ltr'>Fabricium,</span> <span class='ocrx_word' id='word_1_50' title='bbox 816 1232 885 1285; x_wconf 82' lang='lat' dir='ltr'>Cod.</span> <span class='ocrx_word' id='word_1_51' title='bbox 906 1233 1015 1298; x_wconf 80' lang='lat' dir='ltr'>apocr.</span> <span class='ocrx_word' id='word_1_52' title='bbox 1037 1233 1076 1286; x_wconf 87' lang='lat' dir='ltr'>N.</span> <span class='ocrx_word' id='word_1_53' title='bbox 1102 1233 1143 1300; x_wconf 62' lang='lat' dir='ltr'>T„</span> <span class='ocrx_word' id='word_1_54' title='bbox 1165 1240 1230 1286; x_wconf 79' lang='lat' dir='ltr'>tom.</span> <span class='ocrx_word' id='word_1_55' title='bbox 1255 1235 1288 1295; x_wconf 82' lang='lat' dir='ltr'>ll,</span> 
     </span>
     <span class='ocr_line' id='line_1_8' title="bbox 54 1341 200 1407; baseline -0.014 -14"><span class='ocrx_word' id='word_1_56' title='bbox 54 1355 81 1407; x_wconf 77' lang='lat' dir='ltr'>p.</span> <span class='ocrx_word' id='word_1_57' title='bbox 95 1341 200 1393; x_wconf 77' lang='lat' dir='ltr'>aaa-sa.</span> 
     </span>
     <span class='ocr_line' id='line_1_9' title="bbox 153 1429 1286 1534; baseline -0.003 -22"><span class='ocrx_word' id='word_1_58' title='bbox 153 1437 191 1512; x_wconf 66' lang='lat'>2⁰</span> <span class='ocrx_word' id='word_1_59' title='bbox 208 1433 435 1534; x_wconf 81' lang='lat' dir='ltr'>Martyrium</span> <span class='ocrx_word' id='word_1_60' title='bbox 448 1430 552 1509; x_wconf 87' lang='lat' dir='ltr'>beati</span> <span class='ocrx_word' id='word_1_61' title='bbox 567 1430 669 1508; x_wconf 90' lang='lat' dir='ltr'>Petri</span> <span class='ocrx_word' id='word_1_62' title='bbox 690 1430 871 1530; x_wconf 91' lang='lat' dir='ltr'>apostoli,</span> <span class='ocrx_word' id='word_1_63' title='bbox 889 1453 910 1506; x_wconf 88' lang='lat' dir='ltr'>a</span> <span class='ocrx_word' id='word_1_64' title='bbox 925 1429 1021 1509; x_wconf 94' lang='lat' dir='ltr'>Lino</span> <span class='ocrx_word' id='word_1_65' title='bbox 1036 1455 1137 1532; x_wconf 88' lang='lat' dir='ltr'>papa</span> <span class='ocrx_word' id='word_1_66' title='bbox 1150 1454 1286 1532; x_wconf 79' lang='lat' dir='ltr'>graece</span> 
     </span>
     <span class='ocr_line' id='line_1_10' title="bbox 205 1553 1284 1656; baseline -0.006 -20"><span class='ocrx_word' id='word_1_67' title='bbox 205 1556 471 1656; x_wconf 81' lang='lat' dir='ltr'>conscriptum</span> <span class='ocrx_word' id='word_1_68' title='bbox 489 1561 527 1632; x_wconf 86' lang='lat' dir='ltr'>et</span> <span class='ocrx_word' id='word_1_69' title='bbox 541 1553 797 1631; x_wconf 79' lang='lat' dir='ltr'>orientalibus</span> <span class='ocrx_word' id='word_1_70' title='bbox 815 1554 990 1632; x_wconf 84' lang='lat' dir='ltr'>eeclesiis</span> <span class='ocrx_word' id='word_1_71' title='bbox 1005 1553 1193 1633; x_wconf 90' lang='lat' dir='ltr'>traditum</span> <span class='ocrx_word' id='word_1_72' title='bbox 1207 1554 1284 1655; x_wconf 83' lang='lat' dir='ltr'>(fol.</span> 
     </span>
    </p>
   </div>
   <div class='ocr_carea' id='block_1_6' title="bbox 89 1681 1214 1876">
    <p class='ocr_par' dir='ltr' id='par_1_6' title="bbox 89 1681 1214 1876">
     <span class='ocr_line' id='line_1_11' title="bbox 205 1681 347 1758; baseline -0.014 0"><span class='ocrx_word' id='word_1_73' title='bbox 205 1681 324 1758; x_wconf 59' lang='lat' dir='ltr'>8213v</span> <span class='ocrx_word' id='word_1_74' title='bbox 339 1742 347 1756; x_wconf 90' lang='lat'>.</span> 
     </span>
     <span class='ocr_line' id='line_1_12' title="bbox 89 1681 1214 1876; baseline -0.004 -9"><span class='ocrx_word' id='word_1_75' title='bbox 89 1815 139 1868; x_wconf 81' lang='lat' dir='ltr'>Ed.</span> <span class='ocrx_word' id='word_1_76' title='bbox 154 1816 183 1866; x_wconf 93' lang='lat' dir='ltr'>in</span> <span class='ocrx_word' id='word_1_77' title='bbox 195 1681 337 1867; x_wconf 52' lang='lat' dir='ltr'>Maximel</span> <span class='ocrx_word' id='word_1_78' title='bbox 350 1808 541 1864; x_wconf 77' lang='lat' dir='ltr'>Bibliotheca</span> <span class='ocrx_word' id='word_1_79' title='bbox 553 1809 689 1862; x_wconf 80' lang='lat' dir='ltr'>Petrum</span> <span class='ocrx_word' id='word_1_80' title='bbox 700 1807 846 1876; x_wconf 77' lang='lat' dir='ltr'>(Lugduni,</span> <span class='ocrx_word' id='word_1_81' title='bbox 863 1807 945 1872; x_wconf 79' lang='grc'><strong>7677),</strong></span> <span class='ocrx_word' id='word_1_82' title='bbox 962 1813 1027 1862; x_wconf 84' lang='lat' dir='ltr'>tom.</span> <span class='ocrx_word' id='word_1_83' title='bbox 1040 1811 1073 1871; x_wconf 87' lang='lat' dir='ltr'>ll,</span> <span class='ocrx_word' id='word_1_84' title='bbox 1088 1825 1115 1876; x_wconf 90' lang='lat' dir='ltr'>p.</span> <span class='ocrx_word' id='word_1_85' title='bbox 1129 1811 1214 1863; x_wconf 76' lang='grc'><strong>67-70.</strong></span> 
     </span>
    </p>
   </div>
   <div class='ocr_carea' id='block_1_7' title="bbox 59 1905 1292 2336">
    <p class='ocr_par' dir='ltr' id='par_1_7' title="bbox 156 1905 1281 2132">
     <span class='ocr_line' id='line_1_13' title="bbox 156 1905 1281 2008; baseline -0.005 -18"><span class='ocrx_word' id='word_1_86' title='bbox 156 1913 194 1990; x_wconf 84' lang='lat'>3⁰</span> <span class='ocrx_word' id='word_1_87' title='bbox 212 1912 309 1990; x_wconf 88' lang='lat' dir='ltr'>ltem</span> <span class='ocrx_word' id='word_1_88' title='bbox 337 1931 468 1988; x_wconf 90' lang='lat' dir='ltr'>sermo</span> <span class='ocrx_word' id='word_1_89' title='bbox 498 1906 547 1985; x_wconf 89' lang='lat' dir='ltr'>de</span> <span class='ocrx_word' id='word_1_90' title='bbox 565 1906 745 2007; x_wconf 82' lang='lat' dir='ltr'>passione</span> <span class='ocrx_word' id='word_1_91' title='bbox 763 1906 867 1983; x_wconf 85' lang='lat' dir='ltr'>beati</span> <span class='ocrx_word' id='word_1_92' title='bbox 893 1905 996 1983; x_wconf 88' lang='lat' dir='ltr'>Petri</span> <span class='ocrx_word' id='word_1_93' title='bbox 1015 1908 1181 2008; x_wconf 88' lang='lat' dir='ltr'>apostoli</span> <span class='ocrx_word' id='word_1_94' title='bbox 1202 1906 1281 2002; x_wconf 82' lang='lat' dir='ltr'>(fol.</span> 
     </span>
     <span class='ocr_line' id='line_1_14' title="bbox 210 2033 371 2132; baseline -0.012 -22"><span class='ocrx_word' id='word_1_95' title='bbox 210 2033 371 2132; x_wconf 65' lang='lat' dir='ltr'>rav-rs).</span> 
     </span>
    </p>

    <p class='ocr_par' dir='ltr' id='par_1_8' title="bbox 90 2166 1292 2236">
     <span class='ocr_line' id='line_1_15' title="bbox 90 2166 1292 2236; baseline -0.001 -13"><span class='ocrx_word' id='word_1_96' title='bbox 90 2168 286 2236; x_wconf 74' lang='lat' dir='ltr'>apostoticae</span> <span class='ocrx_word' id='word_1_97' title='bbox 297 2166 464 2233; x_wconf 75' lang='lat' dir='ltr'>Historiae,</span> <span class='ocrx_word' id='word_1_98' title='bbox 486 2171 595 2218; x_wconf 85' lang='lat' dir='ltr'>auctore</span> <span class='ocrx_word' id='word_1_99' title='bbox 616 2166 827 2227; x_wconf 70' lang='lat' dir='ltr'>Pseudo-abdia,</span> <span class='ocrx_word' id='word_1_100' title='bbox 841 2167 888 2220; x_wconf 88' lang='lat' dir='ltr'>lib.</span> <span class='ocrx_word' id='word_1_101' title='bbox 902 2180 921 2233; x_wconf 87' lang='lat'>1,</span> <span class='ocrx_word' id='word_1_102' title='bbox 935 2180 994 2232; x_wconf 83' lang='lat' dir='ltr'>cap.</span> <span class='ocrx_word' id='word_1_103' title='bbox 1010 2169 1040 2219; x_wconf 78' lang='lat'>15</span> <span class='ocrx_word' id='word_1_104' title='bbox 1059 2167 1118 2219; x_wconf 82' lang='lat' dir='ltr'>init.</span> <span class='ocrx_word' id='word_1_105' title='bbox 1133 2168 1292 2234; x_wconf 77' lang='lat' dir='ltr'>(Tempore</span> 
     </span>
    </p>

    <p class='ocr_par' dir='ltr' id='par_1_9' title="bbox 59 2265 1289 2336">
     <span class='ocr_line' id='line_1_16' title="bbox 59 2265 1289 2336; baseline -0.001 -17"><span class='ocrx_word' id='word_1_106' title='bbox 59 2269 160 2336; x_wconf 64' lang='grc' dir='ltr'>ἱρέων</span> <span class='ocrx_word' id='word_1_107' title='bbox 171 2267 347 2330; x_wconf 80' lang='lat' dir='ltr'>Neronia...)</span> <span class='ocrx_word' id='word_1_108' title='bbox 361 2268 404 2319; x_wconf 73' lang='lat'>-20</span> <span class='ocrx_word' id='word_1_109' title='bbox 416 2267 469 2332; x_wconf 89' lang='lat' dir='ltr'>(ap.</span> <span class='ocrx_word' id='word_1_110' title='bbox 483 2265 598 2328; x_wconf 78' lang='lat' dir='ltr'>Fuluio,</span> <span class='ocrx_word' id='word_1_111' title='bbox 616 2265 684 2318; x_wconf 77' lang='lat' dir='ltr'>con.</span> <span class='ocrx_word' id='word_1_112' title='bbox 698 2266 808 2332; x_wconf 79' lang='lat' dir='ltr'>Apoer.</span> <span class='ocrx_word' id='word_1_113' title='bbox 821 2267 859 2319; x_wconf 89' lang='lat' dir='ltr'>N.</span> <span class='ocrx_word' id='word_1_114' title='bbox 887 2268 927 2333; x_wconf 64' lang='lat' dir='ltr'>T„</span> <span class='ocrx_word' id='word_1_115' title='bbox 941 2271 1007 2319; x_wconf 90' lang='lat' dir='ltr'>tom.</span> <span class='ocrx_word' id='word_1_116' title='bbox 1030 2267 1050 2328; x_wconf 88' lang='lat'>1,</span> <span class='ocrx_word' id='word_1_117' title='bbox 1065 2269 1090 2332; x_wconf 85' lang='lat' dir='ltr'>p.</span> <span class='ocrx_word' id='word_1_118' title='bbox 1104 2266 1216 2333; x_wconf 69' lang='lat' dir='ltr'>lio-ll).</span> <span class='ocrx_word' id='word_1_119' title='bbox 1231 2269 1289 2319; x_wconf 90' lang='lat' dir='ltr'>0m.</span> 
     </span>
    </p>
   </div>
   <div class='ocr_carea' id='block_1_8' title="bbox 58 2365 1291 2531">
    <p class='ocr_par' dir='ltr' id='par_1_10' title="bbox 58 2365 1291 2531">
     <span class='ocr_line' id='line_1_17' title="bbox 58 2365 1290 2434; baseline -0.003 -13"><span class='ocrx_word' id='word_1_120' title='bbox 58 2368 227 2434; x_wconf 79' lang='lat' dir='ltr'>colloquium</span> <span class='ocrx_word' id='word_1_121' title='bbox 240 2367 358 2419; x_wconf 87' lang='lat' dir='ltr'>Simonis</span> <span class='ocrx_word' id='word_1_122' title='bbox 371 2378 432 2418; x_wconf 83' lang='lat' dir='ltr'>cum</span> <span class='ocrx_word' id='word_1_123' title='bbox 444 2368 552 2418; x_wconf 84' lang='lat' dir='ltr'>Nerone</span> <span class='ocrx_word' id='word_1_124' title='bbox 573 2371 599 2417; x_wconf 87' lang='lat' dir='ltr'>et</span> <span class='ocrx_word' id='word_1_125' title='bbox 617 2365 755 2419; x_wconf 85' lang='lat' dir='ltr'>eontentio</span> <span class='ocrx_word' id='word_1_126' title='bbox 768 2365 838 2418; x_wconf 86' lang='lat' dir='ltr'>Petri</span> <span class='ocrx_word' id='word_1_127' title='bbox 847 2371 874 2417; x_wconf 89' lang='lat' dir='ltr'>et</span> <span class='ocrx_word' id='word_1_128' title='bbox 886 2366 1004 2418; x_wconf 86' lang='lat' dir='ltr'>simonis</span> <span class='ocrx_word' id='word_1_129' title='bbox 1016 2379 1108 2419; x_wconf 84' lang='lat' dir='ltr'>eoram</span> <span class='ocrx_word' id='word_1_130' title='bbox 1120 2367 1227 2431; x_wconf 81' lang='lat' dir='ltr'>eodem,</span> <span class='ocrx_word' id='word_1_131' title='bbox 1241 2367 1290 2419; x_wconf 87' lang='lat' dir='ltr'>sei-</span> 
     </span>
     <span class='ocr_line' id='line_1_18' title="bbox 58 2461 1291 2531; baseline -0.002 -12"><span class='ocrx_word' id='word_1_132' title='bbox 58 2468 123 2519; x_wconf 79' lang='lat' dir='ltr'>licet</span> <span class='ocrx_word' id='word_1_133' title='bbox 142 2480 220 2519; x_wconf 91' lang='lat' dir='ltr'>num.</span> <span class='ocrx_word' id='word_1_134' title='bbox 235 2468 266 2518; x_wconf 77' lang='lat' dir='ltr'>ll</span> <span class='ocrx_word' id='word_1_135' title='bbox 278 2465 316 2517; x_wconf 91' lang='lat' dir='ltr'>in.</span> <span class='ocrx_word' id='word_1_136' title='bbox 337 2466 409 2531; x_wconf 82' lang='lat' dir='ltr'>(post</span> <span class='ocrx_word' id='word_1_137' title='bbox 425 2461 636 2531; x_wconf 77' lang='lat' dir='ltr'>Torquebaiur</span> <span class='ocrx_word' id='word_1_138' title='bbox 656 2462 777 2516; x_wconf 79' lang='lat' dir='ltr'>interea</span> <span class='ocrx_word' id='word_1_139' title='bbox 797 2465 917 2530; x_wconf 69' lang='lat' dir='ltr'>magras)</span> <span class='ocrx_word' id='word_1_140' title='bbox 929 2477 1016 2531; x_wconf 87' lang='lat' dir='ltr'>usque</span> <span class='ocrx_word' id='word_1_141' title='bbox 1035 2463 1069 2517; x_wconf 83' lang='lat' dir='ltr'>ad</span> <span class='ocrx_word' id='word_1_142' title='bbox 1089 2478 1166 2518; x_wconf 87' lang='lat' dir='ltr'>num.</span> <span class='ocrx_word' id='word_1_143' title='bbox 1182 2466 1212 2518; x_wconf 79' lang='grc'>78</span> <span class='ocrx_word' id='word_1_144' title='bbox 1230 2465 1291 2517; x_wconf 89' lang='lat' dir='ltr'>init.</span> 
     </span>
    </p>
   </div>
   <div class='ocr_carea' id='block_1_9' title="bbox 56 2564 1169 2862">
    <p class='ocr_par' dir='ltr' id='par_1_11' title="bbox 56 2564 1169 2862">
     <span class='ocr_line' id='line_1_19' title="bbox 56 2564 560 2632; baseline -0.01 -13"><span class='ocrx_word' id='word_1_145' title='bbox 56 2569 100 2632; x_wconf 88' lang='lat'>(...</span> <span class='ocrx_word' id='word_1_146' title='bbox 117 2566 221 2625; x_wconf 61' lang='lat' dir='ltr'>&amp;aare</span> <span class='ocrx_word' id='word_1_147' title='bbox 231 2564 417 2630; x_wconf 78' lang='lat' dir='ltr'>indipooiua</span> <span class='ocrx_word' id='word_1_148' title='bbox 428 2564 560 2629; x_wconf 67' lang='lat' dir='ltr'>manus).</span> 
     </span>
     <span class='ocr_line' id='line_1_20' title="bbox 160 2661 1169 2765; baseline -0.003 -24"><span class='ocrx_word' id='word_1_149' title='bbox 160 2665 198 2741; x_wconf 72' lang='lat'>4⁰</span> <span class='ocrx_word' id='word_1_150' title='bbox 216 2662 442 2762; x_wconf 78' lang='lat' dir='ltr'>Martyrium</span> <span class='ocrx_word' id='word_1_151' title='bbox 459 2662 581 2738; x_wconf 85' lang='lat' dir='ltr'>saneti</span> <span class='ocrx_word' id='word_1_152' title='bbox 596 2661 704 2738; x_wconf 91' lang='lat' dir='ltr'>Pauli</span> <span class='ocrx_word' id='word_1_153' title='bbox 723 2663 890 2762; x_wconf 84' lang='lat' dir='ltr'>apostoli</span> <span class='ocrx_word' id='word_1_154' title='bbox 909 2662 986 2761; x_wconf 77' lang='lat' dir='ltr'>(fol.</span> <span class='ocrx_word' id='word_1_155' title='bbox 1010 2663 1169 2765; x_wconf 61' lang='lat' dir='ltr'>lif-ain.</span> 
     </span>
     <span class='ocr_line' id='line_1_21' title="bbox 94 2796 583 2862; baseline -0.008 -11"><span class='ocrx_word' id='word_1_156' title='bbox 94 2799 143 2851; x_wconf 77' lang='lat' dir='ltr'>uo.</span> <span class='ocrx_word' id='word_1_157' title='bbox 157 2803 223 2851; x_wconf 80' lang='lat' dir='ltr'>tom.</span> <span class='ocrx_word' id='word_1_158' title='bbox 236 2798 282 2849; x_wconf 85' lang='lat' dir='ltr'>eit.</span> <span class='ocrx_word' id='word_1_159' title='bbox 295 2809 377 2862; x_wconf 91' lang='lat' dir='ltr'>supra</span> <span class='ocrx_word' id='word_1_160' title='bbox 389 2796 445 2860; x_wconf 75' lang='lat'>(2⁰),</span> <span class='ocrx_word' id='word_1_161' title='bbox 459 2809 486 2861; x_wconf 93' lang='lat' dir='ltr'>p.</span> <span class='ocrx_word' id='word_1_162' title='bbox 499 2797 583 2848; x_wconf 71' lang='lat' dir='ltr'>loia.</span> 
     </span>
    </p>
   </div>
   <div class='ocr_carea' id='block_1_10' title="bbox 162 2892 1158 2994">
    <p class='ocr_par' dir='ltr' id='par_1_12' title="bbox 162 2892 1158 2994">
     <span class='ocr_line' id='line_1_22' title="bbox 162 2892 1158 2994; baseline 0.001 -23"><span class='ocrx_word' id='word_1_163' title='bbox 162 2895 201 2971; x_wconf 80' lang='lat'>5⁰</span> <span class='ocrx_word' id='word_1_164' title='bbox 218 2894 350 2972; x_wconf 90' lang='lat' dir='ltr'>Passio</span> <span class='ocrx_word' id='word_1_165' title='bbox 369 2893 490 2972; x_wconf 87' lang='lat' dir='ltr'>saneti</span> <span class='ocrx_word' id='word_1_166' title='bbox 510 2892 684 2971; x_wconf 81' lang='lat' dir='ltr'>Andreae</span> <span class='ocrx_word' id='word_1_167' title='bbox 698 2894 865 2994; x_wconf 83' lang='lat' dir='ltr'>apostoli</span> <span class='ocrx_word' id='word_1_168' title='bbox 884 2893 966 2994; x_wconf 83' lang='lat' dir='ltr'>(fol.</span> <span class='ocrx_word' id='word_1_169' title='bbox 988 2894 1158 2991; x_wconf 61' lang='lat' dir='ltr'>alr-15¹).</span> 
     </span>
    </p>
   </div>
   <div class='ocr_carea' id='block_1_11' title="bbox 93 3025 1291 3348">
    <p class='ocr_par' dir='ltr' id='par_1_13' title="bbox 93 3025 1291 3348">
     <span class='ocr_line' id='line_1_23' title="bbox 93 3025 1042 3094; baseline -0.002 -12"><span class='ocrx_word' id='word_1_170' title='bbox 93 3027 213 3094; x_wconf 78' lang='lat' dir='ltr'>Epistola</span> <span class='ocrx_word' id='word_1_171' title='bbox 226 3027 443 3093; x_wconf 80' lang='lat' dir='ltr'>presbyterorum</span> <span class='ocrx_word' id='word_1_172' title='bbox 456 3026 583 3089; x_wconf 78' lang='lat' dir='ltr'>Achaiae,</span> <span class='ocrx_word' id='word_1_173' title='bbox 596 3025 640 3078; x_wconf 83' lang='lat' dir='ltr'>ed.</span> <span class='ocrx_word' id='word_1_174' title='bbox 655 3039 698 3092; x_wconf 92' lang='lat' dir='ltr'>ap.</span> <span class='ocrx_word' id='word_1_175' title='bbox 712 3027 832 3089; x_wconf 86' lang='lat' dir='ltr'>Surium,</span> <span class='ocrx_word' id='word_1_176' title='bbox 846 3027 879 3079; x_wconf 89' lang='lat' dir='ltr'>ad</span> <span class='ocrx_word' id='word_1_177' title='bbox 892 3027 919 3078; x_wconf 83' lang='lat' dir='ltr'>o.</span> <span class='ocrx_word' id='word_1_178' title='bbox 933 3029 965 3078; x_wconf 78' lang='lat'>28</span> <span class='ocrx_word' id='word_1_179' title='bbox 977 3029 1042 3080; x_wconf 86' lang='lat' dir='ltr'>Nov.</span> 
     </span>
     <span class='ocr_line' id='line_1_24' title="bbox 165 3123 1291 3224; baseline -0.002 -21"><span class='ocrx_word' id='word_1_180' title='bbox 165 3125 203 3203; x_wconf 89' lang='lat'>6⁰</span> <span class='ocrx_word' id='word_1_181' title='bbox 224 3125 349 3203; x_wconf 85' lang='lat' dir='ltr'>Passio</span> <span class='ocrx_word' id='word_1_182' title='bbox 368 3124 489 3202; x_wconf 89' lang='lat' dir='ltr'>saneti</span> <span class='ocrx_word' id='word_1_183' title='bbox 504 3123 639 3202; x_wconf 90' lang='lat' dir='ltr'>Jaeobi</span> <span class='ocrx_word' id='word_1_184' title='bbox 659 3124 839 3224; x_wconf 84' lang='lat' dir='ltr'>apostoli,</span> <span class='ocrx_word' id='word_1_185' title='bbox 862 3125 991 3203; x_wconf 83' lang='lat' dir='ltr'>fratris</span> <span class='ocrx_word' id='word_1_186' title='bbox 1009 3127 1131 3204; x_wconf 86' lang='lat' dir='ltr'>saneti</span> <span class='ocrx_word' id='word_1_187' title='bbox 1150 3126 1291 3205; x_wconf 89' lang='lat' dir='ltr'>Johan-</span> 
     </span>
     <span class='ocr_line' id='line_1_25' title="bbox 215 3247 830 3348; baseline 0 -25"><span class='ocrx_word' id='word_1_188' title='bbox 215 3247 276 3324; x_wconf 93' lang='lat' dir='ltr'>nis</span> <span class='ocrx_word' id='word_1_189' title='bbox 293 3248 549 3348; x_wconf 79' lang='lat' dir='ltr'>evangelistae</span> <span class='ocrx_word' id='word_1_190' title='bbox 566 3248 642 3347; x_wconf 79' lang='lat' dir='ltr'>(fol.</span> <span class='ocrx_word' id='word_1_191' title='bbox 664 3247 830 3347; x_wconf 54' lang='lat' dir='ltr'>Pii-Pili).</span> 
     </span>
    </p>
   </div>
   <div class='ocr_carea' id='block_1_12' title="bbox 98 3380 1296 3580">
    <p class='ocr_par' dir='ltr' id='par_1_14' title="bbox 98 3380 1296 3580">
     <span class='ocr_line' id='line_1_26' title="bbox 98 3380 537 3446; baseline -0.005 -12"><span class='ocrx_word' id='word_1_192' title='bbox 98 3380 149 3434; x_wconf 79' lang='lat' dir='ltr'>Ed.</span> <span class='ocrx_word' id='word_1_193' title='bbox 162 3393 206 3446; x_wconf 90' lang='lat' dir='ltr'>ap.</span> <span class='ocrx_word' id='word_1_194' title='bbox 218 3381 413 3443; x_wconf 66' lang='lat' dir='ltr'>mombritium,</span> <span class='ocrx_word' id='word_1_195' title='bbox 427 3385 492 3433; x_wconf 88' lang='lat' dir='ltr'>tom.</span> <span class='ocrx_word' id='word_1_196' title='bbox 507 3383 537 3434; x_wconf 93' lang='lat' dir='ltr'>ll.</span> 
     </span>
     <span class='ocr_line' id='line_1_27' title="bbox 168 3478 1296 3580; baseline 0.003 -26"><span class='ocrx_word' id='word_1_197' title='bbox 168 3480 207 3554; x_wconf 85' lang='lat'>&#39;1⁰</span> <span class='ocrx_word' id='word_1_198' title='bbox 219 3478 350 3556; x_wconf 89' lang='lat' dir='ltr'>Passio</span> <span class='ocrx_word' id='word_1_199' title='bbox 365 3479 487 3557; x_wconf 86' lang='lat' dir='ltr'>saneti</span> <span class='ocrx_word' id='word_1_200' title='bbox 502 3478 788 3556; x_wconf 85' lang='lat' dir='ltr'>Bartholomaei</span> <span class='ocrx_word' id='word_1_201' title='bbox 808 3479 989 3578; x_wconf 84' lang='lat' dir='ltr'>apostoli,</span> <span class='ocrx_word' id='word_1_202' title='bbox 1006 3501 1105 3580; x_wconf 89' lang='lat' dir='ltr'>quae</span> <span class='ocrx_word' id='word_1_203' title='bbox 1120 3487 1177 3558; x_wconf 85' lang='lat' dir='ltr'>est</span> <span class='ocrx_word' id='word_1_204' title='bbox 1192 3502 1296 3558; x_wconf 95' lang='lat' dir='ltr'>nono</span> 
     </span>
    </p>
   </div>
   <div class='ocr_carea' id='block_1_13' title="bbox 215 3600 825 3703">
    <p class='ocr_par' dir='ltr' id='par_1_15' title="bbox 215 3600 825 3703">
     <span class='ocr_line' id='line_1_28' title="bbox 215 3600 825 3703; baseline 0.002 -26"><span class='ocrx_word' id='word_1_205' title='bbox 215 3601 289 3677; x_wconf 87' lang='lat' dir='ltr'>kal.</span> <span class='ocrx_word' id='word_1_206' title='bbox 307 3601 542 3702; x_wconf 84' lang='lat' dir='ltr'>septembris</span> <span class='ocrx_word' id='word_1_207' title='bbox 561 3600 641 3694; x_wconf 84' lang='lat' dir='ltr'>(fol.</span> <span class='ocrx_word' id='word_1_208' title='bbox 663 3600 825 3703; x_wconf 59' lang='lat' dir='ltr'>aar-33¹).</span> 
     </span>
    </p>
   </div>
   <div class='ocr_carea' id='block_1_14' title="bbox 66 3732 1299 3902">
    <p class='ocr_par' dir='ltr' id='par_1_16' title="bbox 66 3732 1299 3902">
     <span class='ocr_line' id='line_1_29' title="bbox 100 3732 1299 3800; baseline 0 -13"><span class='ocrx_word' id='word_1_209' title='bbox 100 3735 204 3799; x_wconf 72' lang='lat' dir='ltr'>apost.</span> <span class='ocrx_word' id='word_1_210' title='bbox 217 3732 306 3798; x_wconf 65' lang='lat' dir='ltr'>Hira,</span> <span class='ocrx_word' id='word_1_211' title='bbox 318 3733 366 3785; x_wconf 82' lang='lat' dir='ltr'>lib.</span> <span class='ocrx_word' id='word_1_212' title='bbox 380 3744 435 3799; x_wconf 81' lang='lat' dir='ltr'>vin,</span> <span class='ocrx_word' id='word_1_213' title='bbox 449 3733 492 3786; x_wconf 88' lang='lat' dir='ltr'>ed.</span> <span class='ocrx_word' id='word_1_214' title='bbox 506 3747 549 3798; x_wconf 89' lang='lat' dir='ltr'>ap.</span> <span class='ocrx_word' id='word_1_215' title='bbox 563 3733 679 3799; x_wconf 75' lang='lat' dir='ltr'>lanne,</span> <span class='ocrx_word' id='word_1_216' title='bbox 693 3739 757 3787; x_wconf 84' lang='lat' dir='ltr'>tom.</span> <span class='ocrx_word' id='word_1_217' title='bbox 770 3737 791 3798; x_wconf 83' lang='lat' dir='ltr'>l,</span> <span class='ocrx_word' id='word_1_218' title='bbox 815 3749 840 3799; x_wconf 88' lang='lat' dir='ltr'>p.</span> <span class='ocrx_word' id='word_1_219' title='bbox 853 3735 945 3787; x_wconf 66' lang='lat' dir='ltr'>66P8&#39;l</span> <span class='ocrx_word' id='word_1_220' title='bbox 967 3740 994 3786; x_wconf 86' lang='lat' dir='ltr'>et</span> <span class='ocrx_word' id='word_1_221' title='bbox 1012 3735 1077 3788; x_wconf 78' lang='lat' dir='ltr'>Aet.</span> <span class='ocrx_word' id='word_1_222' title='bbox 1093 3734 1155 3800; x_wconf 63' lang='lat'>88„</span> <span class='ocrx_word' id='word_1_223' title='bbox 1169 3735 1204 3787; x_wconf 88' lang='lat' dir='ltr'>ad</span> <span class='ocrx_word' id='word_1_224' title='bbox 1224 3733 1253 3786; x_wconf 84' lang='lat' dir='ltr'>d.</span> <span class='ocrx_word' id='word_1_225' title='bbox 1266 3736 1299 3787; x_wconf 71' lang='lat'>23</span> 
     </span>
     <span class='ocr_line' id='line_1_30' title="bbox 66 3834 690 3902; baseline -0.006 -15"><span class='ocrx_word' id='word_1_226' title='bbox 66 3837 149 3902; x_wconf 70' lang='lat' dir='ltr'>Aug..</span> <span class='ocrx_word' id='word_1_227' title='bbox 163 3837 228 3885; x_wconf 88' lang='lat' dir='ltr'>tom.</span> <span class='ocrx_word' id='word_1_228' title='bbox 240 3834 271 3896; x_wconf 81' lang='lat' dir='ltr'>ll,</span> <span class='ocrx_word' id='word_1_229' title='bbox 284 3846 310 3897; x_wconf 90' lang='lat' dir='ltr'>p.</span> <span class='ocrx_word' id='word_1_230' title='bbox 325 3834 412 3885; x_wconf 64' lang='lat'>3458.</span> <span class='ocrx_word' id='word_1_231' title='bbox 684 3846 690 3858; x_wconf 92' lang='lat'><strong>·</strong></span> 
     </span>
    </p>
   </div>
   <div class='ocr_carea' id='block_1_15' title="bbox 166 3929 1300 4032">
    <p class='ocr_par' dir='ltr' id='par_1_17' title="bbox 166 3929 1300 4032">
     <span class='ocr_line' id='line_1_31' title="bbox 166 3929 1300 4032; baseline 0.002 -25"><span class='ocrx_word' id='word_1_232' title='bbox 166 3930 205 4007; x_wconf 85' lang='lat'>8⁰</span> <span class='ocrx_word' id='word_1_233' title='bbox 222 3929 357 4008; x_wconf 90' lang='lat' dir='ltr'>Sermo</span> <span class='ocrx_word' id='word_1_234' title='bbox 388 3931 534 4032; x_wconf 84' lang='lat' dir='ltr'>[saneti]</span> <span class='ocrx_word' id='word_1_235' title='bbox 553 3929 748 4008; x_wconf 87' lang='lat' dir='ltr'>Theodori</span> <span class='ocrx_word' id='word_1_236' title='bbox 775 3930 962 4031; x_wconf 87' lang='lat' dir='ltr'>[Studitae</span> <span class='ocrx_word' id='word_1_237' title='bbox 981 3930 1030 4009; x_wconf 88' lang='lat' dir='ltr'>de</span> <span class='ocrx_word' id='word_1_238' title='bbox 1048 3932 1300 4011; x_wconf 85' lang='lat' dir='ltr'>translatione</span> 
     </span>
    </p>
   </div>
   <div class='ocr_carea' id='block_1_16' title="bbox 95 4053 1299 4378">
    <p class='ocr_par' dir='ltr' id='par_1_18' title="bbox 95 4053 1299 4378">
     <span class='ocr_line' id='line_1_32' title="bbox 218 4053 1299 4156; baseline 0.003 -26"><span class='ocrx_word' id='word_1_239' title='bbox 218 4053 254 4130; x_wconf 91' lang='lat' dir='ltr'>S.</span> <span class='ocrx_word' id='word_1_240' title='bbox 288 4054 574 4133; x_wconf 86' lang='lat' dir='ltr'>Bartholomaei</span> <span class='ocrx_word' id='word_1_241' title='bbox 618 4055 657 4129; x_wconf 94' lang='lat' dir='ltr'>in</span> <span class='ocrx_word' id='word_1_242' title='bbox 688 4053 860 4154; x_wconf 90' lang='lat' dir='ltr'>Liparim</span> <span class='ocrx_word' id='word_1_243' title='bbox 891 4055 1071 4156; x_wconf 87' lang='lat' dir='ltr'>insulam]</span> <span class='ocrx_word' id='word_1_244' title='bbox 1101 4056 1177 4155; x_wconf 80' lang='lat' dir='ltr'>(fol.</span> <span class='ocrx_word' id='word_1_245' title='bbox 1220 4055 1299 4133; x_wconf 73' lang='lat'>33¹-</span> 
     </span>
     <span class='ocr_line' id='line_1_33' title="bbox 216 4176 349 4254; baseline -0.03 0"><span class='ocrx_word' id='word_1_246' title='bbox 216 4176 303 4254; x_wconf 60' lang='lat' dir='ltr'><strong>36¹&gt;ss</strong></span> <span class='ocrx_word' id='word_1_247' title='bbox 343 4238 349 4250; x_wconf 92' lang='lat'>.</span> 
     </span>
     <span class='ocr_line' id='line_1_34' title="bbox 95 4180 1298 4378; baseline -0.001 -13"><span class='ocrx_word' id='word_1_248' title='bbox 95 4311 148 4365; x_wconf 67' lang='lat' dir='ltr'>Fal.</span> <span class='ocrx_word' id='word_1_249' title='bbox 161 4324 226 4363; x_wconf 87' lang='lat' dir='ltr'>eum</span> <span class='ocrx_word' id='word_1_250' title='bbox 248 4180 415 4376; x_wconf 51' lang='lat' dir='ltr'>praeiZtione</span> <span class='ocrx_word' id='word_1_251' title='bbox 436 4309 569 4363; x_wconf 71' lang='lat' dir='ltr'>anastasii</span> <span class='ocrx_word' id='word_1_252' title='bbox 590 4311 800 4377; x_wconf 83' lang='lat' dir='ltr'>Bibliotheearii,</span> <span class='ocrx_word' id='word_1_253' title='bbox 814 4325 884 4378; x_wconf 80' lang='lat' dir='ltr'>quae</span> <span class='ocrx_word' id='word_1_254' title='bbox 898 4318 924 4364; x_wconf 81' lang='lat' dir='ltr'>et</span> <span class='ocrx_word' id='word_1_255' title='bbox 945 4313 988 4364; x_wconf 84' lang='lat' dir='ltr'>hie</span> <span class='ocrx_word' id='word_1_256' title='bbox 1001 4310 1150 4378; x_wconf 86' lang='lat' dir='ltr'>praemissa</span> <span class='ocrx_word' id='word_1_257' title='bbox 1162 4317 1212 4374; x_wconf 84' lang='lat' dir='ltr'>est,</span> <span class='ocrx_word' id='word_1_258' title='bbox 1226 4314 1254 4364; x_wconf 91' lang='lat' dir='ltr'>P.</span> <span class='ocrx_word' id='word_1_259' title='bbox 1268 4314 1298 4364; x_wconf 85' lang='lat' dir='ltr'>L.</span> 
     </span>
    </p>
   </div>
   <div class='ocr_carea' id='block_1_17' title="bbox 55 4407 1297 4577">
    <p class='ocr_par' dir='ltr' id='par_1_19' title="bbox 55 4407 1297 4577">
     <span class='ocr_line' id='line_1_35' title="bbox 59 4407 1297 4475; baseline -0.004 -7"><span class='ocrx_word' id='word_1_260' title='bbox 59 4421 130 4469; x_wconf 84' lang='lat' dir='ltr'>tom.</span> <span class='ocrx_word' id='word_1_261' title='bbox 145 4411 254 4475; x_wconf 78' lang='lat' dir='ltr'>cxxiii,</span> <span class='ocrx_word' id='word_1_262' title='bbox 269 4423 295 4474; x_wconf 90' lang='lat' dir='ltr'>p.</span> <span class='ocrx_word' id='word_1_263' title='bbox 311 4410 360 4462; x_wconf 73' lang='lat'>&#39;129</span> <span class='ocrx_word' id='word_1_264' title='bbox 371 4422 432 4475; x_wconf 82' lang='lat' dir='ltr'>sqq.</span> <span class='ocrx_word' id='word_1_265' title='bbox 448 4410 521 4462; x_wconf 84' lang='lat' dir='ltr'>Polio</span> <span class='ocrx_word' id='word_1_266' title='bbox 534 4407 595 4461; x_wconf 59' lang='lat' dir='ltr'>wau</span> <span class='ocrx_word' id='word_1_267' title='bbox 616 4410 673 4462; x_wconf 83' lang='lat' dir='ltr'>lore</span> <span class='ocrx_word' id='word_1_268' title='bbox 693 4414 749 4463; x_wconf 85' lang='lat' dir='ltr'>toto</span> <span class='ocrx_word' id='word_1_269' title='bbox 761 4411 856 4463; x_wconf 84' lang='lat' dir='ltr'>avulso</span> <span class='ocrx_word' id='word_1_270' title='bbox 870 4410 969 4463; x_wconf 82' lang='lat' dir='ltr'>desinit</span> <span class='ocrx_word' id='word_1_271' title='bbox 981 4423 1071 4463; x_wconf 87' lang='lat' dir='ltr'>sermo</span> <span class='ocrx_word' id='word_1_272' title='bbox 1084 4411 1196 4462; x_wconf 86' lang='lat' dir='ltr'>mutilus</span> <span class='ocrx_word' id='word_1_273' title='bbox 1208 4410 1236 4462; x_wconf 89' lang='lat' dir='ltr'>in</span> <span class='ocrx_word' id='word_1_274' title='bbox 1254 4411 1297 4463; x_wconf 80' lang='lat' dir='ltr'>lais</span> 
     </span>
     <span class='ocr_line' id='line_1_36' title="bbox 55 4507 1295 4577; baseline -0.007 -5"><span class='ocrx_word' id='word_1_275' title='bbox 55 4514 188 4572; x_wconf 78' lang='lat' dir='ltr'>verbis...</span> <span class='ocrx_word' id='word_1_276' title='bbox 201 4512 233 4564; x_wconf 81' lang='lat' dir='ltr'>et</span> <span class='ocrx_word' id='word_1_277' title='bbox 243 4508 441 4562; x_wconf 76' lang='lat' dir='ltr'>multimodis</span> <span class='ocrx_word' id='word_1_278' title='bbox 463 4507 637 4561; x_wconf 79' lang='lat' dir='ltr'>adorabilia</span> <span class='ocrx_word' id='word_1_279' title='bbox 647 4509 805 4577; x_wconf 64' lang='lat' dir='ltr'>aloriano,</span> <span class='ocrx_word' id='word_1_280' title='bbox 817 4510 958 4576; x_wconf 69' lang='lat' dir='ltr'>pendeas</span> <span class='ocrx_word' id='word_1_281' title='bbox 975 4509 1030 4577; x_wconf 80' lang='lat' dir='ltr'>qui</span> <span class='ocrx_word' id='word_1_282' title='bbox 1040 4511 1115 4574; x_wconf 81' lang='lat' dir='ltr'>(tom.</span> <span class='ocrx_word' id='word_1_283' title='bbox 1128 4510 1185 4575; x_wconf 79' lang='lat' dir='ltr'>eit,</span> <span class='ocrx_word' id='word_1_284' title='bbox 1197 4524 1223 4575; x_wconf 91' lang='lat' dir='ltr'>p.</span> <span class='ocrx_word' id='word_1_285' title='bbox 1237 4512 1295 4576; x_wconf 75' lang='lat'><strong>735,</strong></span> 
     </span>
    </p>
   </div>
   <div class='ocr_carea' id='block_1_18' title="bbox 50 4608 260 4673">
    <p class='ocr_par' dir='ltr' id='par_1_20' title="bbox 50 4608 260 4673">
     <span class='ocr_line' id='line_1_37' title="bbox 50 4608 260 4673; baseline -0.005 0"><span class='ocrx_word' id='word_1_286' title='bbox 50 4619 104 4673; x_wconf 87' lang='lat' dir='ltr'>lin.</span> <span class='ocrx_word' id='word_1_287' title='bbox 120 4615 169 4668; x_wconf 82' lang='lat' dir='ltr'>oa</span> <span class='ocrx_word' id='word_1_288' title='bbox 185 4608 260 4672; x_wconf 62' lang='lat' dir='ltr'>fin)-</span> 
     </span>
    </p>
   </div>
   <div class='ocr_carea' id='block_1_19' title="bbox 0 0 1572 5482">
    <p class='ocr_par' dir='ltr' id='par_1_21' title="bbox 0 0 1572 5482">
     <span class='ocr_line' id='line_1_38' title="bbox 0 0 1572 5482; baseline 0 12"><span class='ocrx_word' id='word_1_289' title='bbox 0 0 1572 5482; x_wconf 95' lang='lat' dir='ltr'> </span> 
     </span>
    </p>
   </div>
  </div>
 </body>
</html>
