3156 5452
300 297 368 362 290
647 307 769 358 aaran.
788 306 890 357 dono.
910 305 1084 356 onerose.
1102 305 1182 356 nar.

301 487 395 535 sancto
405 478 541 544 Tryphoni
555 476 701 528 dixerunt:
716 475 799 534 Quod
808 479 853 528 est
862 487 971 529 nomen
981 473 1092 526 tuum?
1104 473 1154 538 Qui
1164 475 1220 527 ait:
1236 472 1397 541 Tryphon.
1407 475 1538 527 Praefecti

299 580 448 633 dixerunt:
464 577 555 641 Cuius
566 577 658 628 estas
667 574 837 642 fortunae?
852 603 879 614 -
891 575 1032 627 Fortuna
1040 572 1329 641 apudcdrisiianos
1339 586 1404 627 non
1426 576 1475 629 est
1485 587 1540 629 nee

300 679 372 746 ficit.
388 677 421 731 Si
432 676 478 729 uis
491 677 595 730 autem
606 675 696 741 scire,
709 672 904 729 christianus
916 687 993 727 sum.
1010 673 1190 738 Pompeianus
1201 672 1367 726 scriniarius
1378 672 1538 728 exclamans

300 779 358 833 ait:
377 774 520 841 Tryphon
532 787 564 826 se
575 786 640 827 esse
651 773 862 827 christianum
873 773 1030 841 confessus
1049 775 1104 826 est.
1123 772 1268 840 aquilinus
1279 773 1441 839 praelectus
1451 773 1537 826 dixit:

301 878 369 931 Non
391 873 561 942 copuovr‘sti
580 873 655 940 quia
679 874 793 928 Caesar
801 872 904 937 jussit
924 875 953 925 te
973 872 1078 925 viuum
1098 873 1202 940 essuri,
1222 872 1289 925 nisi
1300 873 1569 941 sacrificaverisli

301 976 384 1029 diist
396 975 524 1042 Tryphon
538 972 697 1038 respondit:
718 973 751 1025 Si
761 973 877 1039 dipnus
887 987 956 1026 sum
966 986 1026 1040 pro
1046 974 1171 1027 nomine
1194 973 1313 1028 Christi
1331 974 1405 1042 ipni
1415 973 1536 1041 subiici,

298 1076 352 1145 fac
363 1072 444 1140 quod
455 1072 513 1124 ais.
528 1071 682 1124 Praefectus
695 1072 761 1124 dixit
775 1088 781 1123 ε
796 1071 954 1141 Sacrifica,
979 1071 1131 1139 Tryphon,
1153 1072 1227 1140 diis,
1240 1073 1393 1139 quoniam
1403 1073 1494 1126 video
1507 1075 1536 1126 te

301 1172 476 1239 lepitimam
487 1182 596 1236 perere
608 1171 740 1222 aetatem
752 1172 782 1223 ei
789 1170 920 1236 plenam
933 1169 1045 1224 babere
1062 1170 1264 1238 sapientiam.
1276 1172 1397 1225 Sanctus
1409 1173 1536 1240 Tryphon

301 1269 442 1336 respondit
455 1285 461 1320 :
473 1268 632 1335 intepram
643 1266 736 1321 habeo
749 1269 939 1335 sapientiam
951 1269 980 1322 sl
990 1269 1129 1336 capiano
1145 1268 1302 1323 Christum
1316 1271 1416 1324 Deum
1428 1283 1534 1324 verum

300 1382 365 1424 esse
376 1367 533 1436 confessus
545 1366 635 1436 suero
647 1369 676 1420 et
695 1366 807 1435 absque
826 1369 990 1436 nepationc
1009 1368 1075 1434 aus
1096 1381 1174 1435 quae
1193 1368 1226 1420 in
1238 1371 1348 1423 meest
1357 1368 1457 1437 fidem
1467 1382 1534 1424 cris·
1551 1370 1572 1421 il

301 1471 450 1526 todioero.
465 1468 618 1521 Praefectus
640 1466 710 1519 dixit
723 1484 730 1519 ε
744 1470 916 1534 Antequam
926 1469 994 1534 ipni
1002 1468 1156 1535 tradaris,
1166 1467 1435 1536 sacpraeceplum
1445 1471 1536 1538 impe·

300 1570 429 1625 ratoris.
453 1570 568 1620 Sanctus
588 1568 714 1633 Tryphon
737 1567 897 1634 respondit:
920 1568 1027 1635 Ipnem
1049 1567 1130 1621 midi
1140 1570 1286 1637 minaris,
1300 1570 1392 1637 mnia
1403 1570 1482 1638 finis
1491 1573 1534 1625 est

298 1668 380 1723 <cirris
391 1685 400 1734 ,·
412 1667 503 1720 credo
516 1669 618 1719 autem
632 1666 691 1718 Deo
704 1678 769 1718 tneo
781 1665 935 1733 feruentes
949 1665 1073 1732 sutrcros
1090 1665 1175 1719 uobis
1188 1667 1284 1733 ipnes,
1298 1670 1330 1721 et
1341 1669 1466 1723 similes
1483 1681 1533 1722 ros

300 1768 374 1837 sieri
385 1768 488 1822 cineri
499 1767 553 1834 qui
565 1765 602 1819 ab
616 1763 688 1832 ipae
699 1767 869 1833 epreditur.

332 1868 381 1920 15.
396 1868 466 1919 ilaec
478 1865 592 1918 audiens
613 1865 775 1931 praefectus,
786 1867 865 1930 jussit
878 1879 952 1927 eum,
970 1867 992 1917 si
1003 1879 1059 1919 non
1072 1865 1226 1920 oboedierit
1237 1868 1432 1921 constitutioni
1445 1868 1524 1935 impe
1541 1866 1567 1917 ii

298 1966 406 2031 ratoris,
419 1978 583 2032 suspensum
594 1965 732 2033 ungulari.
747 1968 806 2032 ipse
819 1979 929 2033 quoque
941 1964 1073 2033 Tryphon
1087 1972 1185 2033 sponte
1203 1980 1309 2021 exuens
1327 1967 1522 2026 indumentum.

298 2075 324 2119 ct
348 2066 484 2133 proiciens
496 2047 579 2132 super
597 2071 707 2131 terram,
729 2079 793 2119 cum
811 2065 911 2134 gaudio
929 2064 1060 2120 offerebat
1079 2068 1256 2133 semetipsum
1274 2072 1305 2120 ul
1317 2067 1521 2135 suspenderent

298 2178 346 2232 pro
359 2165 471 2217 nomine
484 2165 592 2216 Christi,
607 2163 677 2216 Dixit
697 2170 787 2217 autern
810 2164 964 2230 praefectus
985 2165 1217 2232 quaestionariis:
1230 2163 1352 2231 Afferie
1369 2168 1400 2219 et
1410 2164 1517 2233 impiis
1570 2226 1572 2231 ,

297 2263 468 2318 stultitiam
482 2262 682 2330 insipientiae
695 2263 760 2325 eius
772 2265 802 2316 et
808 2266 952 2317 coercete.
959 2265 1026 2316 curn
1043 2268 1134 2317 autem
1142 2263 1334 2332 annularetur,
1348 2264 1423 2317 nulla
1433 2262 1512 2317 sorde

295 2377 344 2417 ore
364 2364 423 2429 ejus
444 2360 645 2428 egrediebatur,
669 2374 732 2414 narn
755 2363 923 2416 immobilem
934 2363 1051 2416 babebat
1066 2364 1271 2432 cogitationem.
1285 2364 1360 2418 Dixit
1378 2359 1538 2417 iterumiiiiil

297 2463 450 2530 praelectus
465 2479 471 2514 ε
485 2462 554 2514 Non
562 2463 664 2528 potest
676 2462 780 2515 uiuere
803 2464 859 2529 qui
878 2475 939 2515 nou
961 2462 1135 2530 adquiescit
1144 2461 1327 2530 praeceptis
1333 2460 1502 2530 principles·

296 2566 412 2616 Sanctus
425 2563 553 2629 Tryphon
567 2562 707 2626 rospondit
721 2579 728 2614 :
743 2562 801 2621 Qui
808 2563 980 2630 postposito
995 2562 1112 2616 Christi
1127 2562 1278 2616 mandato
1296 2562 1429 2617 terrenis
1438 2559 1499 2614 oboe-

297 2664 345 2716 dit
356 2661 562 2730 principibus,
585 2662 653 2714 sine
673 2661 764 2714 dudio
787 2666 918 2715 mortem
931 2665 1133 2729 carnequetur
1144 2664 1308 2716 aeternam
1318 2685 1328 2722 .-
1339 2662 1395 2730 qui
1406 2660 1500 2714 veroin

301 2762 463 2815 Dominum
475 2761 578 2813 iesum
594 2759 751 2813 Christum
762 2762 903 2829 fideliter
913 2760 1112 2829 firmiterque
1128 2761 1311 2827 crediderit,
1324 2762 1391 2815 uita
1401 2762 1499 2813 innu-

299 2861 359 2914 tali
370 2861 438 2913 sine
449 2860 512 2927 fine
518 2859 714 2926 perfruetur.
729 2861 798 2913 llicit
810 2862 835 2914 ei
849 2861 991 2928 ‚aquilinus
1004 2874 1012 2912 ε
1026 2861 1061 2913 In
1071 2861 1281 2927 perditionem
1291 2861 1499 2924 triremium
1511 2846 1535 2898 fl

296 2959 422 3027 stmdeo,
435 2960 489 3011 scd
501 2960 543 3011 ad
556 2960 661 3026 veitam,
675 2960 705 3012 si
716 2960 948 3026 sacrificaveris
968 2959 1041 3013 diis.
1055 2959 1136 3013 Nam
1146 2960 1176 3013 si
1188 2959 1340 3027 reolueris,
1352 2973 1373 3013 a
1384 2951 1500 3011 latiale

298 3056 440 3111 coruumi
452 3055 578 3122 faciam,
599 3057 628 3109 si
648 3057 750 3124 ipuem
772 3060 958 3110 contemnas.
983 3061 1079 3110 Beatus
1097 3057 1224 3123 Tryphon
1250 3054 1497 3124 respondimiputt

299 3155 381 3211 mibi
391 3155 534 3217 raineris,
549 3157 604 3221 qni
616 3156 772 3208 modicum
784 3157 899 3209 ardens
916 3157 1111 3222 postmodum
1130 3155 1338 3223 eatinpuitur.
1353 3153 1497 3209 bestium

303 3258 370 3311 iras
383 3255 529 3319 minaris,
544 3268 622 3320 quae
636 3255 789 3307 invisibili
801 3257 919 3309 virtute
939 3268 960 3308 a
973 3257 1032 3309 Deo
1045 3268 1110 3308 meo
1122 3254 1366 3321 confundentur.
1378 3253 1496 3321 [prorat-

299 3360 343 3407 tes
364 3356 467 3407 autem
483 3357 655 3419 perpetuae
673 3366 791 3420 poenae
809 3355 914 3419 ipnem
931 3355 987 3420 qui
1003 3353 1087 3407 vobis
1103 3357 1251 3407 seruatur
1269 3351 1441 3413 invasistis,
1459 3334 1530 3408 ii5³⁰

300 3452 564 3518 transpredimini
584 3453 768 3506 illaudatum
790 3454 845 3505 Dei
868 3454 939 3505 mei.
953 3456 1024 3505 Ilaec
1036 3454 1179 3519 aquilinus
1191 3452 1321 3535 audiens2
1331 3446 1496 3504 inconditi

297 3554 378 3619 jussit
397 3566 461 3604 curn
485 3554 512 3604 in
534 3566 669 3604 carcerem
693 3552 764 3604 trudi
782 3558 808 3604 et
829 3553 866 3604 ait
879 3567 886 3603 :
899 3553 976 3605 Juro
994 3565 1053 3619 per
1074 3564 1177 3605 omnes
1198 3535 1497 3617 desquamatis*

300 3653 541 3719 sacrificaveris,
567 3653 711 3720 pessimis
735 3652 864 3717 injuriis
886 3655 915 3705 et
943 3652 1095 3707 inauditis
1119 3651 1285 3704 tormentis
1308 3663 1415 3718 corpus
1434 3648 1495 3699 rum

299 3749 416 3819 saetam
429 3752 579 3804 consumi.

333 3848 383 3901 16.
398 3849 545 3914 disdraus,
559 3863 684 3916 egressus
705 3855 745 3901 cst
766 3849 920 3914 praefectus
941 3850 974 3901 ad
995 3853 1100 3901 celeras
1111 3847 1242 3909 civitates,
1257 3850 1289 3899 ut
1301 3847 1422 3900 circuiret
1439 3824 1528 3908 qna&
1556 3908 1571 3917 Ι,

299 3950 361 4002 «iarn
376 3949 511 4016 regiones.
526 3951 587 4000 Post
602 3949 757 4015 aliquantos
769 3954 859 4000 autern
878 3948 939 4000 dies
959 3945 1068 3999 advenit
1089 3947 1117 3998 in
1138 3946 1285 3998 Nicaenam
1307 3934 1496 4010 metropolimel
1566 3938 1570 3949 '

300 4051 398 4100 iterum
411 4046 518 4100 oblatus
530 4053 570 4099 est
579 4047 603 4098 ei
613 4045 786 4099 beatissimus
795 4047 932 4112 Tryphon.
942 4045 973 4096 Et
982 4044 1050 4097 dixit
1059 4042 1115 4107 [ad]
1123 4056 1186 4095 eum
1196 4042 1350 4109 praelectus
1363 4057 1370 4094 :
1383 4037 1497 4095 amur!
1540 4110 1543 4115 Ι

303 4145 432 4213 tibimet,
457 4144 609 4211 Tryphon,
624 4147 653 4198 ct
666 4145 813 4212 sacrifica
825 4144 888 4196 diis
901 4142 1139 4196 immortalibus.
1154 4143 1268 4194 Sanctus
1280 4141 1404 4209 Tryphon
1414 4139 1495 4200 mili

302 4248 340 4299 dit
360 4263 366 4297 ;
387 4246 449 4312 Epo
467 4244 546 4297 mihi
566 4246 628 4311 ipsi
646 4246 797 4299 misereor
810 4257 955 4310 parcens,
970 4247 1003 4295 ul
1018 4256 1079 4295 non
1101 4242 1318 4308 derelinquam
1333 4234 1494 4295 mettern-

301 4357 357 4398 rae
368 4348 397 4397 et
411 4345 507 4397 totius
519 4341 650 4397 humani
660 4345 783 4411 peneris
796 4344 995 4409 conditorem,
1017 4343 1072 4408 qui
1090 4344 1238 4395 uenturus
1259 4339 1443 4406 estjudicam
1450 4313 1525 4382 ww

299 4422 1492 4513 [ualemusquwctusetcorioersationemTuncjussitpraesectusdeierrimodali
1563 4426 1570 4435 '

334 4611 369 4673 p)
381 4608 411 4660 id
424 4614 464 4660 est
476 4608 576 4659 claros.
591 4606 649 4658 i'id.
664 4608 704 4658 bu
717 4607 814 4672 cange,
834 4605 973 4658 Glossar.
