<?xml version="1.0" encoding="UTF-8"?>
<!DOCTYPE html PUBLIC "-//W3C//DTD XHTML 1.0 Transitional//EN"
    "http://www.w3.org/TR/xhtml1/DTD/xhtml1-transitional.dtd">
<html xmlns="http://www.w3.org/1999/xhtml" xml:lang="en" lang="en">
 <head>
  <title>
</title>
<meta http-equiv="Content-Type" content="text/html;charset=utf-8" />
  <meta name='ocr-system' content='tesseract 3.04.00' />
  <meta name='ocr-capabilities' content='ocr_page ocr_carea ocr_par ocr_line ocrx_word'/>
</head>
<body>
  <div class='ocr_page' id='page_1' title='image "./cataloguscodicu01manugoog_0191.png"; bbox 0 0 3136 5482; ppageno 0'>
   <div class='ocr_carea' id='block_1_1' title="bbox 188 341 1066 408">
    <p class='ocr_par' dir='ltr' id='par_1_1' title="bbox 188 341 1066 408">
     <span class='ocr_line' id='line_1_1' title="bbox 188 341 1066 408; baseline -0.002 -2"><span class='ocrx_word' id='word_1_1' title='bbox 188 341 249 406; x_wconf 81' lang='lat'><strong>176</strong></span> <span class='ocrx_word' id='word_1_2' title='bbox 526 357 651 407; x_wconf 78' lang='lat' dir='ltr'><strong>curan.</strong></span> <span class='ocrx_word' id='word_1_3' title='bbox 671 357 773 406; x_wconf 88' lang='lat' dir='ltr'><strong>cono.</strong></span> <span class='ocrx_word' id='word_1_4' title='bbox 792 356 967 408; x_wconf 77' lang='lat' dir='ltr'><strong>unoroort.</strong></span> <span class='ocrx_word' id='word_1_5' title='bbox 986 354 1066 405; x_wconf 77' lang='lat' dir='ltr'><strong>nur.</strong></span> 
     </span>
    </p>
   </div>
   <div class='ocr_carea' id='block_1_2' title="bbox 33 523 1175 4665">
    <p class='ocr_par' dir='ltr' id='par_1_2' title="bbox 33 523 1167 1075">
     <span class='ocr_line' id='line_1_2' title="bbox 33 523 1121 592; baseline -0.004 -13"><span class='ocrx_word' id='word_1_6' title='bbox 33 527 101 591; x_wconf 76' lang='grc' dir='ltr'><strong>[ιω.</strong></span> <span class='ocrx_word' id='word_1_7' title='bbox 117 527 146 588; x_wconf 90' lang='lat' dir='ltr'><strong>t.]</strong></span> <span class='ocrx_word' id='word_1_8' title='bbox 385 528 421 577; x_wconf 86' lang='lat' dir='ltr'><strong>lte</strong></span> <span class='ocrx_word' id='word_1_9' title='bbox 433 525 494 592; x_wconf 90' lang='lat' dir='ltr'><strong>quis</strong></span> <span class='ocrx_word' id='word_1_10' title='bbox 507 523 698 591; x_wconf 82' lang='lat' dir='ltr'><strong>spermilogus‚</strong></span> <span class='ocrx_word' id='word_1_11' title='bbox 712 525 807 578; x_wconf 84' lang='lat' dir='ltr'><strong>stravit</strong></span> <span class='ocrx_word' id='word_1_12' title='bbox 817 537 900 592; x_wconf 84' lang='lat' dir='ltr'><strong>quent</strong></span> <span class='ocrx_word' id='word_1_13' title='bbox 912 523 1121 587; x_wconf 68' lang='lat' dir='ltr'><strong>metuerimus,</strong></span> 
     </span>
     <span class='ocr_line' id='line_1_3' title="bbox 383 624 993 692; baseline -0.002 -17"><span class='ocrx_word' id='word_1_14' title='bbox 383 624 482 676; x_wconf 86' lang='lat' dir='ltr'><strong>Stravit</strong></span> <span class='ocrx_word' id='word_1_15' title='bbox 494 627 624 689; x_wconf 82' lang='lat' dir='ltr'><strong>eiecerit,</strong></span> <span class='ocrx_word' id='word_1_16' title='bbox 638 637 756 692; x_wconf 81' lang='lat' dir='ltr'><strong>seseque</strong></span> <span class='ocrx_word' id='word_1_17' title='bbox 767 624 826 677; x_wconf 90' lang='lat' dir='ltr'><strong>suls</strong></span> <span class='ocrx_word' id='word_1_18' title='bbox 840 624 972 676; x_wconf 80' lang='lat' dir='ltr'><strong>reseravit</strong></span> <span class='ocrx_word' id='word_1_19' title='bbox 986 638 993 674; x_wconf 77' lang='grc' dir='ltr'><strong>ε</strong></span> 
     </span>
     <span class='ocr_line' id='line_1_4' title="bbox 380 719 1085 790; baseline -0.004 -14"><span class='ocrx_word' id='word_1_20' title='bbox 380 725 468 788; x_wconf 71' lang='lat' dir='ltr'><strong>bunt,</strong></span> <span class='ocrx_word' id='word_1_21' title='bbox 482 724 579 790; x_wconf 84' lang='lat' dir='ltr'><strong>inquit,</strong></span> <span class='ocrx_word' id='word_1_22' title='bbox 592 724 696 778; x_wconf 76' lang='lat' dir='ltr'><strong>carecti</strong></span> <span class='ocrx_word' id='word_1_23' title='bbox 708 723 794 776; x_wconf 62' lang='lat' dir='ltr'><strong>risus</strong></span> <span class='ocrx_word' id='word_1_24' title='bbox 805 726 834 776; x_wconf 87' lang='lat' dir='ltr'><strong>et</strong></span> <span class='ocrx_word' id='word_1_25' title='bbox 847 719 1085 788; x_wconf 82' lang='lat' dir='ltr'><strong>verberopaeri,</strong></span> 
     </span>
     <span class='ocr_line' id='line_1_5' title="bbox 380 820 1089 890; baseline -0.006 -15"><span class='ocrx_word' id='word_1_26' title='bbox 380 824 457 875; x_wconf 76' lang='lat' dir='ltr'><strong>Sunt</strong></span> <span class='ocrx_word' id='word_1_27' title='bbox 466 822 551 890; x_wconf 76' lang='lat' dir='ltr'><strong>recti,</strong></span> <span class='ocrx_word' id='word_1_28' title='bbox 566 823 711 890; x_wconf 78' lang='lat' dir='ltr'><strong>lapidati,</strong></span> <span class='ocrx_word' id='word_1_29' title='bbox 725 825 800 876; x_wconf 79' lang='lat' dir='ltr'><strong>sumt</strong></span> <span class='ocrx_word' id='word_1_30' title='bbox 810 820 1089 889; x_wconf 79' lang='lat' dir='ltr'><strong>ptodiiejuputott‚</strong></span> 
     </span>
     <span class='ocr_line' id='line_1_6' title="bbox 378 918 1081 989; baseline -0.004 -15"><span class='ocrx_word' id='word_1_31' title='bbox 378 922 420 974; x_wconf 81' lang='lat' dir='ltr'><strong>Ac</strong></span> <span class='ocrx_word' id='word_1_32' title='bbox 432 921 533 974; x_wconf 78' lang='lat' dir='ltr'><strong>variis</strong></span> <span class='ocrx_word' id='word_1_33' title='bbox 539 922 651 989; x_wconf 76' lang='lat' dir='ltr'><strong>poenis</strong></span> <span class='ocrx_word' id='word_1_34' title='bbox 657 921 751 989; x_wconf 83' lang='lat' dir='ltr'><strong>passi</strong></span> <span class='ocrx_word' id='word_1_35' title='bbox 761 920 949 974; x_wconf 71' lang='lat' dir='ltr'><strong>dbcrimino</strong></span> <span class='ocrx_word' id='word_1_36' title='bbox 961 918 1081 985; x_wconf 75' lang='lat' dir='ltr'><strong>mortis,</strong></span> 
     </span>
     <span class='ocr_line' id='line_1_7' title="bbox 376 1017 1167 1075; baseline -0.004 -2"><span class='ocrx_word' id='word_1_37' title='bbox 376 1021 466 1073; x_wconf 57' lang='lat' dir='ltr'><strong>ituree</strong></span> <span class='ocrx_word' id='word_1_38' title='bbox 479 1033 550 1075; x_wconf 82' lang='lat' dir='ltr'><strong>cum</strong></span> <span class='ocrx_word' id='word_1_39' title='bbox 562 1021 720 1075; x_wconf 83' lang='lat' dir='ltr'><strong>caelicolis</strong></span> <span class='ocrx_word' id='word_1_40' title='bbox 732 1021 810 1075; x_wconf 80' lang='lat' dir='ltr'><strong>dont</strong></span> <span class='ocrx_word' id='word_1_41' title='bbox 820 1021 895 1074; x_wconf 78' lang='lat' dir='ltr'><strong>lesu</strong></span> <span class='ocrx_word' id='word_1_42' title='bbox 906 1017 1034 1074; x_wconf 85' lang='lat' dir='ltr'><strong>cantico</strong></span> <span class='ocrx_word' id='word_1_43' title='bbox 1048 1017 1167 1071; x_wconf 60' lang='lat' dir='ltr'><strong>tonare.</strong></span> 
     </span>
    </p>

    <p class='ocr_par' dir='ltr' id='par_1_3' title="bbox 338 1117 1175 1187">
     <span class='ocr_line' id='line_1_8' title="bbox 338 1117 1175 1187; baseline -0.002 -17"><span class='ocrx_word' id='word_1_44' title='bbox 338 1120 376 1170; x_wconf 87' lang='lat' dir='ltr'><strong>V.</strong></span> <span class='ocrx_word' id='word_1_45' title='bbox 412 1122 489 1173; x_wconf 90' lang='lat' dir='ltr'><strong>tinne</strong></span> <span class='ocrx_word' id='word_1_46' title='bbox 500 1126 555 1172; x_wconf 87' lang='lat' dir='ltr'><strong>tam</strong></span> <span class='ocrx_word' id='word_1_47' title='bbox 568 1122 702 1174; x_wconf 81' lang='lat' dir='ltr'><strong>famosum</strong></span> <span class='ocrx_word' id='word_1_48' title='bbox 714 1122 803 1187; x_wconf 84' lang='lat' dir='ltr'><strong>prisco</strong></span> <span class='ocrx_word' id='word_1_49' title='bbox 815 1132 898 1186; x_wconf 90' lang='lat' dir='ltr'><strong>super</strong></span> <span class='ocrx_word' id='word_1_50' title='bbox 913 1119 991 1171; x_wconf 91' lang='lat' dir='ltr'><strong>boste</strong></span> <span class='ocrx_word' id='word_1_51' title='bbox 1004 1117 1175 1183; x_wconf 85' lang='lat' dir='ltr'><strong>triumphum</strong></span> 
     </span>
    </p>

    <p class='ocr_par' dir='ltr' id='par_1_4' title="bbox 379 1216 1144 4665">
     <span class='ocr_line' id='line_1_9' title="bbox 380 1216 1060 1274; baseline 0.003 -4"><span class='ocrx_word' id='word_1_52' title='bbox 380 1219 503 1272; x_wconf 76' lang='lat' dir='ltr'><strong>tibristus</strong></span> <span class='ocrx_word' id='word_1_53' title='bbox 514 1221 548 1272; x_wconf 81' lang='lat' dir='ltr'><strong>ab</strong></span> <span class='ocrx_word' id='word_1_54' title='bbox 560 1220 641 1273; x_wconf 92' lang='lat' dir='ltr'><strong>initio</strong></span> <span class='ocrx_word' id='word_1_55' title='bbox 654 1220 733 1274; x_wconf 90' lang='lat' dir='ltr'><strong>nobis</strong></span> <span class='ocrx_word' id='word_1_56' title='bbox 745 1224 880 1273; x_wconf 85' lang='lat' dir='ltr'><strong>monstrat</strong></span> <span class='ocrx_word' id='word_1_57' title='bbox 892 1216 1060 1273; x_wconf 87' lang='lat' dir='ltr'><strong>miserando.</strong></span> 
     </span>
     <span class='ocr_line' id='line_1_10' title="bbox 379 1318 974 1385; baseline 0.002 -16"><span class='ocrx_word' id='word_1_58' title='bbox 379 1318 558 1384; x_wconf 83' lang='lat' dir='ltr'><strong>Proponendo</strong></span> <span class='ocrx_word' id='word_1_59' title='bbox 571 1332 661 1382; x_wconf 82' lang='lat' dir='ltr'><strong>senes,</strong></span> <span class='ocrx_word' id='word_1_60' title='bbox 675 1319 792 1373; x_wconf 80' lang='lat' dir='ltr'><strong>infantes</strong></span> <span class='ocrx_word' id='word_1_61' title='bbox 805 1322 832 1374; x_wconf 90' lang='lat' dir='ltr'><strong>et</strong></span> <span class='ocrx_word' id='word_1_62' title='bbox 841 1319 974 1385; x_wconf 86' lang='lat' dir='ltr'><strong>juniores,</strong></span> 
     </span>
     <span class='ocr_line' id='line_1_11' title="bbox 381 1396 1071 1485; baseline 0.004 -19"><span class='ocrx_word' id='word_1_63' title='bbox 381 1414 515 1481; x_wconf 78' lang='lat' dir='ltr'><strong>Exemplis</strong></span> <span class='ocrx_word' id='word_1_64' title='bbox 528 1429 646 1483; x_wconf 88' lang='lat' dir='ltr'><strong>quorum</strong></span> <span class='ocrx_word' id='word_1_65' title='bbox 658 1424 796 1471; x_wconf 86' lang='lat' dir='ltr'><strong>mercatur</strong></span> <span class='ocrx_word' id='word_1_66' title='bbox 808 1418 880 1472; x_wconf 85' lang='lat' dir='ltr'><strong>dona</strong></span> <span class='ocrx_word' id='word_1_67' title='bbox 893 1419 1028 1485; x_wconf 88' lang='lat' dir='ltr'><strong>polorum.</strong></span> <span class='ocrx_word' id='word_1_68' title='bbox 1068 1396 1071 1401; x_wconf 45' lang='grc'><strong>’</strong></span> 
     </span>
     <span class='ocr_line' id='line_1_12' title="bbox 381 1514 1075 1585; baseline 0.004 -20"><span class='ocrx_word' id='word_1_69' title='bbox 381 1517 417 1565; x_wconf 88' lang='lat' dir='ltr'><strong>tte</strong></span> <span class='ocrx_word' id='word_1_70' title='bbox 430 1514 531 1579; x_wconf 87' lang='lat' dir='ltr'><strong>quibus</strong></span> <span class='ocrx_word' id='word_1_71' title='bbox 543 1516 691 1583; x_wconf 87' lang='lat' dir='ltr'><strong>egregium,</strong></span> <span class='ocrx_word' id='word_1_72' title='bbox 704 1517 810 1571; x_wconf 82' lang='lat' dir='ltr'><strong>virtutis</strong></span> <span class='ocrx_word' id='word_1_73' title='bbox 823 1517 949 1585; x_wconf 91' lang='lat' dir='ltr'><strong>lampade</strong></span> <span class='ocrx_word' id='word_1_74' title='bbox 962 1517 1075 1574; x_wconf 86' lang='lat' dir='ltr'><strong>clarum.</strong></span> 
     </span>
     <span class='ocr_line' id='line_1_13' title="bbox 380 1612 1051 1685; baseline 0.004 -20"><span class='ocrx_word' id='word_1_75' title='bbox 380 1615 410 1664; x_wconf 84' lang='lat' dir='ltr'><strong>Et</strong></span> <span class='ocrx_word' id='word_1_76' title='bbox 420 1612 510 1679; x_wconf 83' lang='lat' dir='ltr'><strong>jubilo</strong></span> <span class='ocrx_word' id='word_1_77' title='bbox 522 1615 635 1670; x_wconf 89' lang='lat' dir='ltr'><strong>laudum</strong></span> <span class='ocrx_word' id='word_1_78' title='bbox 652 1630 700 1681; x_wconf 90' lang='lat' dir='ltr'><strong>per</strong></span> <span class='ocrx_word' id='word_1_79' title='bbox 712 1616 820 1670; x_wconf 85' lang='lat' dir='ltr'><strong>climata</strong></span> <span class='ocrx_word' id='word_1_80' title='bbox 832 1616 1051 1685; x_wconf 78' lang='lat' dir='ltr'><strong>glorificandum,</strong></span> 
     </span>
     <span class='ocr_line' id='line_1_14' title="bbox 380 1715 1126 1783; baseline 0.004 -20"><span class='ocrx_word' id='word_1_81' title='bbox 380 1716 509 1777; x_wconf 78' lang='lat' dir='ltr'><strong>Optamus</strong></span> <span class='ocrx_word' id='word_1_82' title='bbox 522 1715 646 1779; x_wconf 82' lang='lat' dir='ltr'><strong>cyricum</strong></span> <span class='ocrx_word' id='word_1_83' title='bbox 660 1728 785 1783; x_wconf 88' lang='lat' dir='ltr'><strong>puerum,</strong></span> <span class='ocrx_word' id='word_1_84' title='bbox 799 1722 894 1769; x_wconf 91' lang='lat' dir='ltr'><strong>testem</strong></span> <span class='ocrx_word' id='word_1_85' title='bbox 908 1717 957 1769; x_wconf 90' lang='lat' dir='ltr'><strong>sed</strong></span> <span class='ocrx_word' id='word_1_86' title='bbox 969 1716 1126 1775; x_wconf 83' lang='lat' dir='ltr'><strong>honestum,</strong></span> 
     </span>
     <span class='ocr_line' id='line_1_15' title="bbox 382 1810 1033 1880; baseline 0.006 -18"><span class='ocrx_word' id='word_1_87' title='bbox 382 1810 477 1876; x_wconf 77' lang='lat' dir='ltr'><strong>utpote</strong></span> <span class='ocrx_word' id='word_1_88' title='bbox 488 1811 616 1867; x_wconf 85' lang='lat' dir='ltr'><strong>victorem</strong></span> <span class='ocrx_word' id='word_1_89' title='bbox 630 1814 786 1867; x_wconf 83' lang='lat' dir='ltr'><strong>uincentem</strong></span> <span class='ocrx_word' id='word_1_90' title='bbox 799 1815 904 1869; x_wconf 78' lang='lat' dir='ltr'><strong>fortiter</strong></span> <span class='ocrx_word' id='word_1_91' title='bbox 918 1815 1033 1880; x_wconf 84' lang='lat' dir='ltr'><strong>nostem,</strong></span> 
     </span>
     <span class='ocr_line' id='line_1_16' title="bbox 381 1909 1095 1980; baseline 0.006 -20"><span class='ocrx_word' id='word_1_92' title='bbox 381 1910 420 1961; x_wconf 80' lang='lat' dir='ltr'><strong>td</strong></span> <span class='ocrx_word' id='word_1_93' title='bbox 432 1909 542 1963; x_wconf 86' lang='lat' dir='ltr'><strong>laudem</strong></span> <span class='ocrx_word' id='word_1_94' title='bbox 555 1913 660 1964; x_wconf 84' lang='lat' dir='ltr'><strong>bomini</strong></span> <span class='ocrx_word' id='word_1_95' title='bbox 672 1913 834 1980; x_wconf 83' lang='lat' dir='ltr'><strong>depromere</strong></span> <span class='ocrx_word' id='word_1_96' title='bbox 846 1913 975 1968; x_wconf 87' lang='lat' dir='ltr'><strong>laudibus</strong></span> <span class='ocrx_word' id='word_1_97' title='bbox 986 1912 1095 1978; x_wconf 81' lang='lat' dir='ltr'><strong>amplis,</strong></span> 
     </span>
     <span class='ocr_line' id='line_1_17' title="bbox 381 2011 1084 2080; baseline 0.009 -20"><span class='ocrx_word' id='word_1_98' title='bbox 381 2011 419 2061; x_wconf 87' lang='lat' dir='ltr'><strong>Sit</strong></span> <span class='ocrx_word' id='word_1_99' title='bbox 432 2024 538 2064; x_wconf 87' lang='lat' dir='ltr'><strong>memor</strong></span> <span class='ocrx_word' id='word_1_100' title='bbox 549 2016 580 2064; x_wconf 90' lang='lat' dir='ltr'><strong>ut</strong></span> <span class='ocrx_word' id='word_1_101' title='bbox 592 2012 679 2065; x_wconf 91' lang='lat' dir='ltr'><strong>nostri</strong></span> <span class='ocrx_word' id='word_1_102' title='bbox 691 2026 800 2080; x_wconf 84' lang='lat' dir='ltr'><strong>semper</strong></span> <span class='ocrx_word' id='word_1_103' title='bbox 812 2027 895 2080; x_wconf 89' lang='lat' dir='ltr'><strong>super</strong></span> <span class='ocrx_word' id='word_1_104' title='bbox 907 2013 992 2066; x_wconf 86' lang='lat' dir='ltr'><strong>ardua</strong></span> <span class='ocrx_word' id='word_1_105' title='bbox 1005 2012 1084 2066; x_wconf 85' lang='lat' dir='ltr'><strong>caeli.</strong></span> 
     </span>
     <span class='ocr_line' id='line_1_18' title="bbox 382 2109 1122 2178; baseline 0.003 -18"><span class='ocrx_word' id='word_1_106' title='bbox 382 2109 519 2176; x_wconf 85' lang='lat' dir='ltr'><strong>Sanguine</strong></span> <span class='ocrx_word' id='word_1_107' title='bbox 531 2116 688 2164; x_wconf 83' lang='lat' dir='ltr'><strong>sanctorum</strong></span> <span class='ocrx_word' id='word_1_108' title='bbox 700 2112 808 2165; x_wconf 82' lang='lat' dir='ltr'><strong>cbristo</strong></span> <span class='ocrx_word' id='word_1_109' title='bbox 820 2111 917 2165; x_wconf 82' lang='lat' dir='ltr'><strong>laudes</strong></span> <span class='ocrx_word' id='word_1_110' title='bbox 931 2110 1122 2178; x_wconf 89' lang='lat' dir='ltr'><strong>perbibentnm</strong></span> 
     </span>
     <span class='ocr_line' id='line_1_19' title="bbox 382 2206 991 2276; baseline 0.008 -20"><span class='ocrx_word' id='word_1_111' title='bbox 382 2208 493 2259; x_wconf 75' lang='lat' dir='ltr'><strong>Necnon</strong></span> <span class='ocrx_word' id='word_1_112' title='bbox 506 2206 636 2260; x_wconf 88' lang='lat' dir='ltr'><strong>virtutum</strong></span> <span class='ocrx_word' id='word_1_113' title='bbox 650 2209 784 2276; x_wconf 86' lang='lat' dir='ltr'><strong>magnalia</strong></span> <span class='ocrx_word' id='word_1_114' title='bbox 797 2208 991 2263; x_wconf 83' lang='lat' dir='ltr'><strong>testificantum</strong></span> 
     </span>
     <span class='ocr_line' id='line_1_20' title="bbox 382 2305 1077 2376; baseline 0.003 -18"><span class='ocrx_word' id='word_1_115' title='bbox 382 2305 519 2359; x_wconf 82' lang='lat' dir='ltr'><strong>Laudibus</strong></span> <span class='ocrx_word' id='word_1_116' title='bbox 532 2308 652 2375; x_wconf 86' lang='lat' dir='ltr'><strong>insignes</strong></span> <span class='ocrx_word' id='word_1_117' title='bbox 664 2309 769 2375; x_wconf 85' lang='lat' dir='ltr'><strong>palmas</strong></span> <span class='ocrx_word' id='word_1_118' title='bbox 778 2309 923 2376; x_wconf 86' lang='lat' dir='ltr'><strong>jubilando</strong></span> <span class='ocrx_word' id='word_1_119' title='bbox 936 2312 1077 2371; x_wconf 81' lang='lat' dir='ltr'><strong>canentes,</strong></span> 
     </span>
     <span class='ocr_line' id='line_1_21' title="bbox 384 2407 1048 2463; baseline -0.002 -4"><span class='ocrx_word' id='word_1_120' title='bbox 384 2409 414 2459; x_wconf 93' lang='lat' dir='ltr'><strong>ln</strong></span> <span class='ocrx_word' id='word_1_121' title='bbox 427 2408 527 2461; x_wconf 90' lang='lat' dir='ltr'><strong>sanctis</strong></span> <span class='ocrx_word' id='word_1_122' title='bbox 541 2410 684 2463; x_wconf 85' lang='lat' dir='ltr'><strong>bominum</strong></span> <span class='ocrx_word' id='word_1_123' title='bbox 697 2409 859 2463; x_wconf 82' lang='lat' dir='ltr'><strong>mirabiliter</strong></span> <span class='ocrx_word' id='word_1_124' title='bbox 871 2407 1048 2462; x_wconf 89' lang='lat' dir='ltr'><strong>recolendum</strong></span> 
     </span>
     <span class='ocr_line' id='line_1_22' title="bbox 383 2505 981 2564; baseline 0.003 -5"><span class='ocrx_word' id='word_1_125' title='bbox 383 2505 503 2560; x_wconf 89' lang='lat' dir='ltr'><strong>Sinceris</strong></span> <span class='ocrx_word' id='word_1_126' title='bbox 516 2510 584 2562; x_wconf 81' lang='lat' dir='ltr'><strong>rous</strong></span> <span class='ocrx_word' id='word_1_127' title='bbox 599 2510 676 2563; x_wconf 83' lang='lat' dir='ltr'><strong>laetis</strong></span> <span class='ocrx_word' id='word_1_128' title='bbox 690 2511 860 2564; x_wconf 80' lang='lat' dir='ltr'><strong>celebremus</strong></span> <span class='ocrx_word' id='word_1_129' title='bbox 872 2516 900 2562; x_wconf 91' lang='lat' dir='ltr'><strong>et</strong></span> <span class='ocrx_word' id='word_1_130' title='bbox 911 2508 981 2562; x_wconf 90' lang='lat' dir='ltr'><strong>odis.</strong></span> 
     </span>
     <span class='ocr_line' id='line_1_23' title="bbox 383 2606 1032 2675; baseline 0.003 -19"><span class='ocrx_word' id='word_1_131' title='bbox 383 2606 432 2668; x_wconf 82' lang='lat' dir='ltr'><strong>Qui</strong></span> <span class='ocrx_word' id='word_1_132' title='bbox 445 2612 538 2660; x_wconf 87' lang='lat' dir='ltr'><strong>saneto</strong></span> <span class='ocrx_word' id='word_1_133' title='bbox 551 2608 645 2674; x_wconf 84' lang='lat' dir='ltr'><strong>Cyrico</strong></span> <span class='ocrx_word' id='word_1_134' title='bbox 655 2610 713 2675; x_wconf 84' lang='lat' dir='ltr'><strong>jam</strong></span> <span class='ocrx_word' id='word_1_135' title='bbox 726 2614 766 2661; x_wconf 90' lang='lat' dir='ltr'><strong>ter</strong></span> <span class='ocrx_word' id='word_1_136' title='bbox 778 2615 929 2675; x_wconf 85' lang='lat' dir='ltr'><strong>quaterque</strong></span> <span class='ocrx_word' id='word_1_137' title='bbox 942 2607 1032 2669; x_wconf 86' lang='lat' dir='ltr'><strong>beato,</strong></span> 
     </span>
     <span class='ocr_line' id='line_1_24' title="bbox 385 2705 948 2771; baseline 0.005 -15"><span class='ocrx_word' id='word_1_138' title='bbox 385 2705 483 2757; x_wconf 86' lang='lat' dir='ltr'><strong>infanti</strong></span> <span class='ocrx_word' id='word_1_139' title='bbox 496 2707 539 2759; x_wconf 85' lang='lat' dir='ltr'><strong>vix</strong></span> <span class='ocrx_word' id='word_1_140' title='bbox 553 2715 607 2760; x_wconf 91' lang='lat' dir='ltr'><strong>tres</strong></span> <span class='ocrx_word' id='word_1_141' title='bbox 619 2721 707 2761; x_wconf 86' lang='lat' dir='ltr'><strong>onnos</strong></span> <span class='ocrx_word' id='word_1_142' title='bbox 719 2710 814 2762; x_wconf 86' lang='lat' dir='ltr'><strong>aetatis</strong></span> <span class='ocrx_word' id='word_1_143' title='bbox 827 2709 948 2771; x_wconf 85' lang='lat' dir='ltr'><strong>babenti,</strong></span> 
     </span>
     <span class='ocr_line' id='line_1_25' title="bbox 382 2803 946 2875; baseline 0.005 -19"><span class='ocrx_word' id='word_1_144' title='bbox 382 2803 435 2857; x_wconf 81' lang='lat' dir='ltr'><strong>tie&#39;c</strong></span> <span class='ocrx_word' id='word_1_145' title='bbox 449 2818 504 2857; x_wconf 92' lang='lat' dir='ltr'><strong>non</strong></span> <span class='ocrx_word' id='word_1_146' title='bbox 518 2806 601 2871; x_wconf 89' lang='lat' dir='ltr'><strong>ipsius</strong></span> <span class='ocrx_word' id='word_1_147' title='bbox 613 2807 684 2861; x_wconf 88' lang='lat' dir='ltr'><strong>lama</strong></span> <span class='ocrx_word' id='word_1_148' title='bbox 699 2809 800 2861; x_wconf 79' lang='lat' dir='ltr'><strong>celebri</strong></span> <span class='ocrx_word' id='word_1_149' title='bbox 813 2808 946 2875; x_wconf 78' lang='lat' dir='ltr'><strong>genetrici</strong></span> 
     </span>
     <span class='ocr_line' id='line_1_26' title="bbox 382 2904 1016 2975; baseline 0.008 -21"><span class='ocrx_word' id='word_1_150' title='bbox 382 2904 500 2971; x_wconf 84' lang='lat' dir='ltr'><strong>iulittae,</strong></span> <span class='ocrx_word' id='word_1_151' title='bbox 515 2907 567 2958; x_wconf 86' lang='lat' dir='ltr'><strong>vita</strong></span> <span class='ocrx_word' id='word_1_152' title='bbox 580 2907 739 2975; x_wconf 87' lang='lat' dir='ltr'><strong>meritisque</strong></span> <span class='ocrx_word' id='word_1_153' title='bbox 752 2907 845 2973; x_wconf 88' lang='lat' dir='ltr'><strong>probis</strong></span> <span class='ocrx_word' id='word_1_154' title='bbox 856 2920 1016 2975; x_wconf 81' lang='lat' dir='ltr'><strong>generosae,</strong></span> 
     </span>
     <span class='ocr_line' id='line_1_27' title="bbox 384 3005 910 3070; baseline 0.008 -16"><span class='ocrx_word' id='word_1_155' title='bbox 384 3005 484 3056; x_wconf 79' lang='lat' dir='ltr'><strong>rietatis</strong></span> <span class='ocrx_word' id='word_1_156' title='bbox 497 3007 618 3070; x_wconf 90' lang='lat' dir='ltr'><strong>puerilis,</strong></span> <span class='ocrx_word' id='word_1_157' title='bbox 632 3021 715 3060; x_wconf 83' lang='lat' dir='ltr'><strong>serus</strong></span> <span class='ocrx_word' id='word_1_158' title='bbox 728 3015 753 3060; x_wconf 89' lang='lat' dir='ltr'><strong>et</strong></span> <span class='ocrx_word' id='word_1_159' title='bbox 768 3009 910 3061; x_wconf 91' lang='lat' dir='ltr'><strong>muliebris</strong></span> 
     </span>
     <span class='ocr_line' id='line_1_28' title="bbox 387 3101 1064 3175; baseline 0.004 -22"><span class='ocrx_word' id='word_1_160' title='bbox 387 3101 526 3155; x_wconf 90' lang='lat' dir='ltr'><strong>inllrmum</strong></span> <span class='ocrx_word' id='word_1_161' title='bbox 540 3119 639 3172; x_wconf 90' lang='lat' dir='ltr'><strong>corpus</strong></span> <span class='ocrx_word' id='word_1_162' title='bbox 652 3120 761 3160; x_wconf 90' lang='lat' dir='ltr'><strong>necnon</strong></span> <span class='ocrx_word' id='word_1_163' title='bbox 775 3107 883 3175; x_wconf 82' lang='lat' dir='ltr'><strong>fragiles</strong></span> <span class='ocrx_word' id='word_1_164' title='bbox 896 3107 978 3159; x_wconf 88' lang='lat' dir='ltr'><strong>simul</strong></span> <span class='ocrx_word' id='word_1_165' title='bbox 991 3112 1064 3159; x_wconf 83' lang='lat' dir='ltr'><strong>artus</strong></span> 
     </span>
     <span class='ocr_line' id='line_1_29' title="bbox 388 3203 951 3271; baseline 0.011 -19"><span class='ocrx_word' id='word_1_166' title='bbox 388 3203 608 3269; x_wconf 78' lang='lat' dir='ltr'><strong>berinccntlbus,</strong></span> <span class='ocrx_word' id='word_1_167' title='bbox 621 3207 707 3270; x_wconf 91' lang='lat' dir='ltr'><strong>ipsius</strong></span> <span class='ocrx_word' id='word_1_168' title='bbox 719 3208 817 3271; x_wconf 88' lang='lat' dir='ltr'><strong>pietate</strong></span> <span class='ocrx_word' id='word_1_169' title='bbox 829 3208 951 3271; x_wconf 79' lang='lat' dir='ltr'><strong>jurante,</strong></span> 
     </span>
     <span class='ocr_line' id='line_1_30' title="bbox 392 3305 1012 3369; baseline 0.003 -16"><span class='ocrx_word' id='word_1_170' title='bbox 392 3306 428 3353; x_wconf 84' lang='lat' dir='ltr'><strong>ilc</strong></span> <span class='ocrx_word' id='word_1_171' title='bbox 442 3315 491 3368; x_wconf 90' lang='lat' dir='ltr'><strong>pro</strong></span> <span class='ocrx_word' id='word_1_172' title='bbox 504 3316 532 3355; x_wconf 91' lang='lat' dir='ltr'><strong>se</strong></span> <span class='ocrx_word' id='word_1_173' title='bbox 544 3306 632 3369; x_wconf 87' lang='lat' dir='ltr'><strong>passis</strong></span> <span class='ocrx_word' id='word_1_174' title='bbox 644 3306 732 3358; x_wconf 89' lang='lat' dir='ltr'><strong>undas</strong></span> <span class='ocrx_word' id='word_1_175' title='bbox 744 3305 884 3359; x_wconf 85' lang='lat' dir='ltr'><strong>tundendo</strong></span> <span class='ocrx_word' id='word_1_176' title='bbox 896 3305 1012 3365; x_wconf 81' lang='lat' dir='ltr'><strong>cruoris,</strong></span> 
     </span>
     <span class='ocr_line' id='line_1_31' title="bbox 388 3403 1040 3471; baseline 0.002 -18"><span class='ocrx_word' id='word_1_177' title='bbox 388 3403 509 3455; x_wconf 76' lang='lat' dir='ltr'><strong>contulit</strong></span> <span class='ocrx_word' id='word_1_178' title='bbox 521 3404 655 3471; x_wconf 89' lang='lat' dir='ltr'><strong>egregiam</strong></span> <span class='ocrx_word' id='word_1_179' title='bbox 668 3403 737 3457; x_wconf 79' lang='lat' dir='ltr'><strong>cneii</strong></span> <span class='ocrx_word' id='word_1_180' title='bbox 751 3418 833 3470; x_wconf 90' lang='lat' dir='ltr'><strong>super</strong></span> <span class='ocrx_word' id='word_1_181' title='bbox 845 3405 899 3457; x_wconf 87' lang='lat' dir='ltr'><strong>alta</strong></span> <span class='ocrx_word' id='word_1_182' title='bbox 911 3417 1040 3456; x_wconf 80' lang='lat' dir='ltr'><strong>coronant</strong></span> 
     </span>
     <span class='ocr_line' id='line_1_32' title="bbox 386 3502 1044 3566; baseline 0.003 -14"><span class='ocrx_word' id='word_1_183' title='bbox 386 3504 415 3552; x_wconf 80' lang='lat' dir='ltr'><strong>Et</strong></span> <span class='ocrx_word' id='word_1_184' title='bbox 431 3502 509 3555; x_wconf 89' lang='lat' dir='ltr'><strong>nobis</strong></span> <span class='ocrx_word' id='word_1_185' title='bbox 522 3504 628 3557; x_wconf 86' lang='lat' dir='ltr'><strong>veniam</strong></span> <span class='ocrx_word' id='word_1_186' title='bbox 641 3503 775 3557; x_wconf 86' lang='lat' dir='ltr'><strong>scelerum</strong></span> <span class='ocrx_word' id='word_1_187' title='bbox 788 3505 923 3558; x_wconf 89' lang='lat' dir='ltr'><strong>concessit</strong></span> <span class='ocrx_word' id='word_1_188' title='bbox 936 3505 1044 3566; x_wconf 83' lang='lat' dir='ltr'><strong>avitam,</strong></span> 
     </span>
     <span class='ocr_line' id='line_1_33' title="bbox 386 3600 967 3656; baseline 0.005 -5"><span class='ocrx_word' id='word_1_189' title='bbox 386 3600 496 3654; x_wconf 86' lang='lat' dir='ltr'><strong>lllornm</strong></span> <span class='ocrx_word' id='word_1_190' title='bbox 510 3603 614 3654; x_wconf 90' lang='lat' dir='ltr'><strong>meritis</strong></span> <span class='ocrx_word' id='word_1_191' title='bbox 626 3603 873 3656; x_wconf 76' lang='lat' dir='ltr'><strong>intervenientibus</strong></span> <span class='ocrx_word' id='word_1_192' title='bbox 887 3603 967 3655; x_wconf 84' lang='lat' dir='ltr'><strong>ulmis</strong></span> 
     </span>
     <span class='ocr_line' id='line_1_34' title="bbox 386 3702 1112 3770; baseline 0.003 -18"><span class='ocrx_word' id='word_1_193' title='bbox 386 3704 504 3765; x_wconf 83' lang='lat' dir='ltr'><strong>Quomm</strong></span> <span class='ocrx_word' id='word_1_194' title='bbox 518 3702 690 3768; x_wconf 89' lang='lat' dir='ltr'><strong>percelebres</strong></span> <span class='ocrx_word' id='word_1_195' title='bbox 703 3704 847 3757; x_wconf 90' lang='lat' dir='ltr'><strong>scribendo</strong></span> <span class='ocrx_word' id='word_1_196' title='bbox 860 3707 987 3756; x_wconf 87' lang='lat' dir='ltr'><strong>notamus</strong></span> <span class='ocrx_word' id='word_1_197' title='bbox 999 3714 1112 3770; x_wconf 81' lang='lat' dir='ltr'><strong>agones.</strong></span> 
     </span>
     <span class='ocr_line' id='line_1_35' title="bbox 384 3801 1051 3868; baseline 0.004 -16"><span class='ocrx_word' id='word_1_198' title='bbox 384 3802 554 3868; x_wconf 82' lang='lat' dir='ltr'><strong>Quapropter</strong></span> <span class='ocrx_word' id='word_1_199' title='bbox 567 3803 650 3859; x_wconf 85' lang='lat' dir='ltr'><strong>voluti</strong></span> <span class='ocrx_word' id='word_1_200' title='bbox 663 3815 714 3856; x_wconf 89' lang='lat' dir='ltr'><strong>nos</strong></span> <span class='ocrx_word' id='word_1_201' title='bbox 728 3801 853 3857; x_wconf 87' lang='lat' dir='ltr'><strong>bortatur</strong></span> <span class='ocrx_word' id='word_1_202' title='bbox 866 3816 942 3856; x_wconf 87' lang='lat' dir='ltr'><strong>saera</strong></span> <span class='ocrx_word' id='word_1_203' title='bbox 954 3808 1051 3865; x_wconf 87' lang='lat' dir='ltr'><strong>mater,</strong></span> 
     </span>
     <span class='ocr_line' id='line_1_36' title="bbox 386 3902 1081 3967; baseline 0.007 -17"><span class='ocrx_word' id='word_1_204' title='bbox 386 3902 469 3952; x_wconf 86' lang='lat' dir='ltr'><strong>ltatcr</strong></span> <span class='ocrx_word' id='word_1_205' title='bbox 481 3914 551 3967; x_wconf 85' lang='lat' dir='ltr'><strong>quac</strong></span> <span class='ocrx_word' id='word_1_206' title='bbox 565 3902 678 3955; x_wconf 81' lang='lat' dir='ltr'><strong>Domino</strong></span> <span class='ocrx_word' id='word_1_207' title='bbox 691 3917 741 3956; x_wconf 92' lang='lat' dir='ltr'><strong>nos</strong></span> <span class='ocrx_word' id='word_1_208' title='bbox 754 3904 881 3956; x_wconf 76' lang='lat' dir='ltr'><strong>confovet</strong></span> <span class='ocrx_word' id='word_1_209' title='bbox 892 3903 977 3955; x_wconf 90' lang='lat' dir='ltr'><strong>ubere</strong></span> <span class='ocrx_word' id='word_1_210' title='bbox 990 3902 1081 3967; x_wconf 87' lang='lat' dir='ltr'><strong>pleno.</strong></span> 
     </span>
     <span class='ocr_line' id='line_1_37' title="bbox 386 4000 975 4068; baseline 0.003 -18"><span class='ocrx_word' id='word_1_211' title='bbox 386 4000 516 4061; x_wconf 83' lang='lat' dir='ltr'><strong>Quatinus</strong></span> <span class='ocrx_word' id='word_1_212' title='bbox 529 4002 642 4054; x_wconf 89' lang='lat' dir='ltr'><strong>uberius</strong></span> <span class='ocrx_word' id='word_1_213' title='bbox 653 4001 780 4056; x_wconf 85' lang='lat' dir='ltr'><strong>caelestia</strong></span> <span class='ocrx_word' id='word_1_214' title='bbox 792 4003 975 4068; x_wconf 85' lang='lat' dir='ltr'><strong>percipiamus</strong></span> 
     </span>
     <span class='ocr_line' id='line_1_38' title="bbox 387 4099 994 4170; baseline 0.002 -20"><span class='ocrx_word' id='word_1_215' title='bbox 387 4101 418 4150; x_wconf 80' lang='lat' dir='ltr'><strong>lit</strong></span> <span class='ocrx_word' id='word_1_216' title='bbox 431 4099 479 4151; x_wconf 86' lang='lat' dir='ltr'><strong>bac</strong></span> <span class='ocrx_word' id='word_1_217' title='bbox 493 4101 520 4153; x_wconf 95' lang='lat' dir='ltr'><strong>in</strong></span> <span class='ocrx_word' id='word_1_218' title='bbox 534 4114 625 4154; x_wconf 92' lang='lat' dir='ltr'><strong>eremo</strong></span> <span class='ocrx_word' id='word_1_219' title='bbox 638 4103 768 4170; x_wconf 87' lang='lat' dir='ltr'><strong>degentes</strong></span> <span class='ocrx_word' id='word_1_220' title='bbox 782 4116 838 4156; x_wconf 93' lang='lat' dir='ltr'><strong>non</strong></span> <span class='ocrx_word' id='word_1_221' title='bbox 850 4102 972 4154; x_wconf 85' lang='lat' dir='ltr'><strong>sitiamus</strong></span> <span class='ocrx_word' id='word_1_222' title='bbox 987 4117 994 4151; x_wconf 77' lang='grc' dir='ltr'><em>ι</em></span> 
     </span>
     <span class='ocr_line' id='line_1_39' title="bbox 389 4198 1108 4270; baseline -0.001 -19"><span class='ocrx_word' id='word_1_223' title='bbox 389 4203 435 4252; x_wconf 76' lang='lat' dir='ltr'><strong>Est</strong></span> <span class='ocrx_word' id='word_1_224' title='bbox 444 4203 559 4267; x_wconf 75' lang='lat' dir='ltr'><strong>justum,</strong></span> <span class='ocrx_word' id='word_1_225' title='bbox 573 4202 696 4270; x_wconf 85' lang='lat' dir='ltr'><strong>dignum,</strong></span> <span class='ocrx_word' id='word_1_226' title='bbox 710 4205 790 4257; x_wconf 88' lang='lat' dir='ltr'><strong>nobis</strong></span> <span class='ocrx_word' id='word_1_227' title='bbox 801 4208 828 4255; x_wconf 88' lang='lat' dir='ltr'><strong>ei</strong></span> <span class='ocrx_word' id='word_1_228' title='bbox 840 4214 950 4267; x_wconf 88' lang='lat' dir='ltr'><strong>semper</strong></span> <span class='ocrx_word' id='word_1_229' title='bbox 960 4198 1108 4252; x_wconf 87' lang='lat' dir='ltr'><strong>amandum</strong></span> 
     </span>
     <span class='ocr_line' id='line_1_40' title="bbox 385 4299 1070 4371; baseline 0 -21"><span class='ocrx_word' id='word_1_230' title='bbox 385 4299 542 4354; x_wconf 87' lang='lat' dir='ltr'><strong>Gloriiicare</strong></span> <span class='ocrx_word' id='word_1_231' title='bbox 555 4304 660 4355; x_wconf 83' lang='lat' dir='ltr'><strong>Patrem</strong></span> <span class='ocrx_word' id='word_1_232' title='bbox 674 4316 724 4355; x_wconf 89' lang='lat' dir='ltr'><strong>nos</strong></span> <span class='ocrx_word' id='word_1_233' title='bbox 734 4304 834 4371; x_wconf 84' lang='lat' dir='ltr'><strong>jngiter</strong></span> <span class='ocrx_word' id='word_1_234' title='bbox 846 4302 1070 4366; x_wconf 85' lang='lat' dir='ltr'><strong>omnipotentem,</strong></span> 
     </span>
     <span class='ocr_line' id='line_1_41' title="bbox 388 4399 1064 4465; baseline -0.001 -15"><span class='ocrx_word' id='word_1_235' title='bbox 388 4399 474 4465; x_wconf 85' lang='lat' dir='ltr'><strong>ipsius</strong></span> <span class='ocrx_word' id='word_1_236' title='bbox 487 4407 514 4452; x_wconf 91' lang='lat' dir='ltr'><strong>et</strong></span> <span class='ocrx_word' id='word_1_237' title='bbox 526 4403 651 4454; x_wconf 82' lang='lat' dir='ltr'><strong>Gentium</strong></span> <span class='ocrx_word' id='word_1_238' title='bbox 664 4403 774 4455; x_wconf 89' lang='lat' dir='ltr'><strong>sibimet</strong></span> <span class='ocrx_word' id='word_1_239' title='bbox 786 4404 845 4454; x_wconf 87' lang='lat' dir='ltr'><strong>sine</strong></span> <span class='ocrx_word' id='word_1_240' title='bbox 858 4401 911 4454; x_wconf 83' lang='lat' dir='ltr'><strong>dne</strong></span> <span class='ocrx_word' id='word_1_241' title='bbox 923 4412 1064 4459; x_wconf 81' lang='lat' dir='ltr'><strong>coaevum,</strong></span> 
     </span>
     <span class='ocr_line' id='line_1_42' title="bbox 388 4500 1144 4567; baseline -0.004 -16"><span class='ocrx_word' id='word_1_242' title='bbox 388 4500 585 4567; x_wconf 86' lang='lat' dir='ltr'><strong>Spiramenque</strong></span> <span class='ocrx_word' id='word_1_243' title='bbox 596 4513 703 4553; x_wconf 87' lang='lat' dir='ltr'><strong>sacrum</strong></span> <span class='ocrx_word' id='word_1_244' title='bbox 717 4515 866 4567; x_wconf 87' lang='lat' dir='ltr'><strong>numquam</strong></span> <span class='ocrx_word' id='word_1_245' title='bbox 879 4500 980 4553; x_wconf 87' lang='lat' dir='ltr'><strong>deitate</strong></span> <span class='ocrx_word' id='word_1_246' title='bbox 995 4505 1144 4555; x_wconf 74' lang='lat' dir='ltr'><strong>remotum.</strong></span> 
     </span>
     <span class='ocr_line' id='line_1_43' title="bbox 389 4599 1097 4665; baseline -0.001 -15"><span class='ocrx_word' id='word_1_247' title='bbox 389 4600 422 4650; x_wconf 87' lang='lat' dir='ltr'><strong>Ut</strong></span> <span class='ocrx_word' id='word_1_248' title='bbox 433 4599 506 4665; x_wconf 90' lang='lat' dir='ltr'><strong>quod</strong></span> <span class='ocrx_word' id='word_1_249' title='bbox 519 4601 703 4665; x_wconf 83' lang='lat' dir='ltr'><strong>psalmicanus</strong></span> <span class='ocrx_word' id='word_1_250' title='bbox 716 4602 788 4654; x_wconf 85' lang='lat' dir='ltr'><strong>cunii</strong></span> <span class='ocrx_word' id='word_1_251' title='bbox 801 4606 828 4653; x_wconf 86' lang='lat' dir='ltr'><strong>et</strong></span> <span class='ocrx_word' id='word_1_252' title='bbox 842 4613 893 4653; x_wconf 91' lang='lat' dir='ltr'><strong>nos</strong></span> <span class='ocrx_word' id='word_1_253' title='bbox 904 4599 1076 4665; x_wconf 82' lang='lat' dir='ltr'><strong>perficiamus</strong></span> <span class='ocrx_word' id='word_1_254' title='bbox 1090 4613 1097 4649; x_wconf 75' lang='grc' dir='ltr'><strong><em>ε</em></strong></span> 
     </span>
    </p>
   </div>
   <div class='ocr_carea' id='block_1_3' title="bbox 0 0 1580 5482">
    <p class='ocr_par' dir='ltr' id='par_1_5' title="bbox 0 0 1580 5482">
     <span class='ocr_line' id='line_1_44' title="bbox 0 0 1580 5482; baseline 0 0"><span class='ocrx_word' id='word_1_255' title='bbox 0 0 1580 5482; x_wconf 95' lang='lat' dir='ltr'><strong> </strong></span> 
     </span>
    </p>
   </div>
  </div>
 </body>
</html>
