3136 5482
273 370 366 420 areu.
385 371 468 421 nar.
488 371 602 422 rurus.
620 392 667 402 -
682 371 836 422 nerano.
856 373 903 421 au
920 371 997 421 con.
1020 368 1077 418 too.
1259 349 1297 415 li

99 538 183 591 colonos
198 539 253 604 ejus
265 538 366 604 iniuste
378 538 483 605 fatigari
505 546 563 593 crat
574 540 681 604 solitus,
695 540 731 592 ita
744 545 774 591 ut
785 539 918 606 quosdam
931 538 1038 604 fugaret
1051 536 1193 603 oppressio
1213 534 1299 587 illius.

101 637 193 703 cumque
208 635 240 687 de.
259 636 454 689 emendatione
465 642 558 689 1111111
579 637 718 702 pravitatis
735 650 749 689 a
770 637 933 703 quibusdam
956 634 1088 703 religiosis
1111 634 1300 701 instigaretur,

99 735 169 786 serbis
182 748 269 788 eorum
287 735 445 799 insultabat,
460 736 577 789 credens
589 736 713 789 fortassis
725 750 760 789 ne
772 737 806 789 dc
819 737 918 788 talibus
931 740 1039 788 curaret
1055 732 1098 786 tir
1113 739 1232 786 sanctus.
1247 729 1299 782 Sed

98 847 146 886 eum
160 837 247 890 arbiter
255 838 427 904 justissimus
445 838 594 891 terminare
607 839 768 891 decerneret
781 837 912 889 malitiam
931 838 1002 902 ejus,
1015 815 1155 887 dirissimo
1168 834 1301 887 daemone

65 936 82 983 5>
95 934 221 1000 corripitur,
233 949 385 1013 amensque
405 935 519 989 effectus
532 936 633 990 lacerto
714 938 723 955 ·
737 936 867 988 dentibus
881 934 988 1000 hocque
1000 933 1174 986 crebrissime
1186 930 1297 998 ingemi·
1316 940 1323 957 ·
1340 936 1385 988 ita
1398 934 1463 988 eod.

94 1044 165 1085 nare:
180 1034 306 1088 Sorwtus
322 1047 372 1087 me
387 1037 495 1089 enecat
513 948 821 1185 fflQO
842 1046 899 1115 me,
912 1035 1020 1086 enecat
1042 1030 1198 1085 Hilarius.
1218 1031 1301 1095 cujus

91 1131 195 1186 miseriae
203 1135 319 1199 compati
332 1134 513 1188 decernentes
526 1133 637 1201 quidam
651 1133 727 1201 [telin
803 1126 849 1185 u'in
858 1112 933 1199 ejus,
945 1132 1060 1185 Pictas-is
1071 1130 1208 1191 advolant,
1220 1141 1302 1196 quae·

87 1227 143 1279 dam
160 1228 335 1297 munu[s]oula
347 1229 495 1283 offerentes
507 1230 594 1283 sancti
614 1229 831 1284 miscricordiam
846 1231 1003 1296 implorant,
1019 1229 1067 1282 sed
1087 1229 1200 1283 minime
1217 1228 1301 1292 impe·

82 1334 156 1380 traut.
166 1327 276 1382 Nimium
289 1328 393 1396 quippe
406 1336 530 1383 sanctum
543 1330 588 1383 lici
601 1329 753 1383 offenderat
771 1331 874 1392 visens,
888 1330 1004 1397 ideoque
1020 1330 1081 1396 ejus
1105 1327 1300 1394 benignitatem

25 1432 60 1481 111
80 1439 133 1479 nou
151 1429 227 1481 sensit
247 1429 378 1481 moriens.
392 1429 544 1495 aliquantis
557 1428 650 1495 itaque
661 1428 760 1482 diebus
773 1428 856 1496 [cum]
869 1426 1108 1481 irremediabiliter
1126 1427 1300 1493 plecteretur,

74 1527 187 1592 praefata
200 1528 282 1580 serba
294 1528 377 1581 miser
388 1528 513 1593 arripuit,
527 1529 622 1595 sicque
635 1527 775 1581 bominem
788 1526 890 1581 invitus
903 1527 994 1580 exivit.

104 1626 181 1677 Item
190 1626 277 1678 1111.
297 1652 330 1664 -
341 1626 416 1679 lilius
430 1627 610 1679 nibilominus
627 1625 728 1689 extitit,
741 1626 874 1679 vocabulo
889 1624 1054 1691 Stephanus,
1067 1621 1145 1676 Frico
1161 1621 1300 1690 cognomi·

69 1728 214 1793 natus,qui
226 1734 336 1781 terreno
347 1727 526 1781 amminiculo
537 1741 615 1793 usus,
629 1734 724 1779 contra
737 1727 904 1779 voluntatem
917 1725 1080 1778 clericorum
1093 1725 1152 1790 cJus
1162 1721 1300 1790 quendam

64 1827 212 1880 boeticum
224 1826 300 1879 omni
313 1826 490 1892 reve[re]ntia
503 1839 584 1893 saepe
597 1827 681 1880 taxati
694 1826 787 1879 llilarii
800 1827 932 1879 bonorem
947 1825 1075 1877 invadere
1087 1829 1129 1877 est
1141 1836 1233 1881 ausus.
1248 1834 1299 1874 nec

10 1926 45 1975 {3
65 1934 158 1979 11111111
169 1926 217 1979 diu
228 1927 379 1993 gavisurus.
393 1929 425 1980 ln
437 1927 484 1979 illa
495 1928 597 1980 etenim
618 1933 703 1992 turre,
716 1940 787 1994 quae
806 1925 876 1978 malo
896 1939 912 1978 a
932 1939 962 1978 sc
980 1937 1124 1991 aggressae
1136 1925 1144 1942 ‘
1156 1921 1295 1988 dignitatis
1352 1920 1439 1973 ‘cod

61 2032 150 2094 caput
159 2026 275 2092 videtur,
288 2027 445 2093 quiescens
458 2026 605 2080 auriculari
618 2026 704 2093 digito
724 2027 808 2079 mirae
821 2024 1018 2092 magnitudinis
1036 2028 1190 2091 serpentem
1205 2023 1295 2074 inesse
1313 1998 1393 2053 ΩΨ
1403 1997 1473 2037 ⁸⁰⁵⁶·

61 2126 227 2192 trisulcique
243 2125 338 2193 lingua
357 2139 389 2179 os
408 2140 488 2200 suum
510 2127 645 2179 lacessere
665 2139 698 2179 ac
718 2139 824 2179 venena
839 2125 964 2191 jactitare
980 2125 1051 2176 velle
1071 2123 1162 2187 sidct3
1177 2134 1296 2188 moxque

61 2225 198 2278 nimimm
218 2225 383 2278 mordaciter
406 2225 483 2278 illum
505 2225 650 2291 increpans
671 2225 768 2277 beatus
789 2224 907 2277 llilarius
927 2226 1049 2288 apparet,
1061 2234 1111 2274 cur
1131 2219 1235 2286 aliquid
1253 2216 1295 2270 sui

55 2322 133 2387 juris
145 2329 240 2376 tencre
251 2322 313 2376 sine
325 2336 438 2376 suorum
453 2329 519 2376 nutu
534 2321 773 2390 praesumpsisset,
788 2327 869 2389 atque
883 2334 999 2374 excusso
1016 2321 1051 2372 dc
1069 2319 1120 2371 sub
1138 2318 1226 2384 eapite
1238 2316 1297 2382 ep‘us

10 2420 41 2470 tu
59 2419 190 2487 pulvillo,
202 2419 280 2473 ratde
291 2421 440 2486 perniciter
451 2421 586 2487 percussit
603 2421 735 2487 citimque
747 2421 956 2473 subsecuturam
976 2418 1186 2472 inrevocabilem
1204 2415 1297 2481 paeni-

59 2520 191 2571 tudinem
203 2520 355 2585 spopondit.
370 2520 502 2572 llimirum
516 2520 539 2572 is
553 2525 628 2573 tanto
650 2524 754 2573 terrore
775 2520 916 2585 perculsus
939 2517 1057 2586 evigilat.
1069 2530 1172 2583 eosque
1184 2514 1231 2582 qui
1245 2513 1297 2567 sibi

60 2618 201 2684 parebant
220 2618 368 2671 mribunde
389 2619 454 2670 satis
476 2618 600 2684 advocat,
614 2631 685 2685 quac
699 2631 762 2686 erga
775 2632 804 2671 se
816 2623 890 2685 gesta
908 2624 974 2673 sunt
985 2624 1087 2681 narrat,
1100 2622 1131 2668 ut
1142 2616 1222 2668 citius
1235 2613 1298 2665 binc

60 2718 231 2770 educeretur
243 2717 377 2770 obsecrat.
392 2719 452 2783 ipsa
474 2730 537 2771 vero
552 2716 648 2770 eadem
670 2718 737 2771 bora
755 2731 845 2770 arcem
867 2716 942 2769 illam
962 2730 1025 2770 cum
1038 2714 1167 2769 omuibus
1179 2727 1250 2781 quac
1262 2711 1297 2765 ad

60 2829 127 2868 eam
140 2814 335 2882 pertineba[n]t
348 2815 431 2868 rebus
442 2814 574 2869 deserens
587 2816 700 2883 aufugit,
713 2820 740 2869 et
751 2829 806 2883 quo
818 2816 906 2882 potuit
919 2815 947 2867 in
960 2815 1035 2868 breui
1050 2813 1160 2867 linitura
1174 2812 1296 2865 membra

10 2923 41 2973 5
58 2912 229 2979 composuit.
248 2914 387 2966 Postremo
399 2915 483 2967 ueluti
495 2915 689 2969 satisfaciendo
702 2916 929 2981 pretiosissimum
948 2917 1065 2982 lapidem
1081 2921 1175 2969 sancto
1188 2920 1295 2969 contra·

56 3013 144 3077 didit,
156 3026 242 3079 seque
253 3014 385 3068 miserum
398 3027 428 3067 se
440 3022 612 3079 peccatorem
625 3015 769 3068 clamitans
782 3015 890 3069 risendi
903 3016 986 3068 linem
1000 3016 1072 3097 iecit.
1084 3017 1237 3082 suppetunt
1247 3015 1297 3067 boc

58 3114 88 3166 in
102 3113 189 3176 loteo]
203 3112 287 3165 multa
299 3113 335 3166 ad
346 3112 461 3180 gloriam
475 3116 562 3167 sancti
580 3115 631 3166 riri
649 3114 776 3180 dicenda,
790 3116 838 3168 sed
852 3129 887 3169 nc
900 3116 1001 3169 inculta
1023 3115 1188 3183 loquacitate
1199 3113 1295 3167 docto·

57 3224 122 3263 nrm
136 3222 218 3262 aures
229 3210 382 3278 fatigemus,
394 3212 429 3264 de
448 3211 491 3263 liis
511 3210 622 3265 interim
636 3213 717 3266 silere
730 3214 911 3280 disponimus,
926 3212 1086 3278 praesertim
1101 3225 1163 3265 cum
1178 3211 1220 3265 bis
1233 3225 1297 3278 pau·

54 3309 130 3365 culis
141 3307 224 3361 dictis
240 3310 307 3375 quid
319 3310 372 3362 sibi
384 3309 419 3362 de
432 3309 480 3364 illo
493 3311 610 3364 bumiles
622 3312 726 3378 quique
743 3325 854 3378 sperare
871 3312 990 3365 debeant
1007 3312 1232 3377 expresserimus.
1246 3312 1296 3374 Qui

10 3415 37 3465 itt
53 3413 152 3462 autem
162 3409 298 3473 perversis
307 3409 414 3461 actibus
426 3422 489 3461 eum
499 3408 729 3463 offenderuntaut
738 3410 892 3473 offendunt,
903 3412 1006 3478 quique
1016 3410 1106 3463 verbis
1115 3409 1296 3463 mendacibus

54 3513 159 3563 contra
180 3505 272 3572 ipsum
294 3506 323 3559 in
336 3508 461 3570 auribus,
473 3509 604 3574 quoniam
618 3514 711 3574 aperte
723 3523 779 3562 nou
792 3510 903 3573 audent,
916 3510 1051 3576 garriunt,
1064 3509 1130 3576 quid
1154 3508 1195 3560 bis
1207 3521 1298 3561 exem·

55 3609 111 3676 plis
123 3614 338 3660 ammoneantur
350 3605 403 3673 ipsi
424 3607 554 3674 viderint,
570 3608 769 3676 attendantque
779 3609 867 3677 qui[d]
883 3623 912 3663 se
931 3617 1064 3677 sequatur
1078 3617 1139 3675 post
1156 3609 1296 3674 paululum

54 3707 112 3761 nisi
126 3706 240 3775 linguas
252 3720 406 3774 manusque
417 3708 592 3760 refrenarint.
603 3711 657 3762 llos
670 3717 843 3775 peccatorum
855 3717 1010 3763 nostrorum
1022 3711 1188 3776 ponderibus
1198 3709 1296 3775 pressi,

52 3808 90 3860 de
105 3804 212 3859 talibus
223 3807 231 3823 '
244 3819 279 3858 ex
292 3810 349 3858 toto
362 3807 512 3859 tacebimus
525 3807 651 3874 negotiis.
664 3810 791 3861 Ceterum
804 3808 871 3875 quid
891 3807 1011 3861 bumana
1024 3809 1171 3861 infirmitas
1183 3809 1296 3875 dignum
1352 3814 1360 3831 '
1373 3811 1438 3863 cod.

10 3918 37 3967 5⁰,
53 3904 136 3959 laudi
148 3905 209 3971 ejus
221 3903 350 3958 dictitare
362 3905 469 3970 poterit,
484 3918 545 3958 cum
560 3904 594 3970 is,
608 3906 636 3957 in
649 3920 704 3973 quo
717 3908 771 3959 vita
791 3909 867 3960 beata
881 3909 956 3969 visit,
969 3913 1081 3960 aeterua
1099 3908 1158 3960 laus
1171 3908 1229 3973 ejus
1241 3907 1298 3958 sit?
1332 3876 1462 3929 litamus·

53 4002 110 4056 Sed
124 4006 167 4059 tu.
180 4014 199 4053 o
210 4001 385 4053 sanctissima
398 4001 499 4066 anima,
513 4002 593 4055 malis
607 4001 710 4054 nostris
723 4006 904 4069 succumque]
917 4003 1032 4071 dignare
1041 4004 1232 4069 compassione
1243 4004 1297 4068 pia,

52 4115 164 4168 eosque
174 4101 225 4167 qui
237 4113 288 4153 nos
301 4100 463 4167 impugnant
477 4106 603 4167 potenter
614 4115 749 4170 expugna,
763 4116 818 4169 quo
831 4116 878 4169 per
891 4109 917 4156 te
929 4105 962 4156 ad
977 4104 1142 4169 sempiterna
1156 4102 1299 4169 pervcnire

52 4215 197 4271 queamus
208 4201 282 4254 bona
295 4207 322 4253 et
335 4214 425 4268 regem
439 4202 468 4254 in
480 4202 579 4255 decore
591 4215 642 4256 suo
655 4216 769 4256 cernere
789 4203 896 4258 visione
909 4210 1038 4271 perpetua
1053 4220 1059 4256 :
1073 4204 1117 4256 cui
1130 4214 1193 4254 sera
1212 4208 1252 4255 est
1271 4209 1298 4255 et

52 4300 193 4367 perennis
204 4300 301 4367 gloria,
315 4311 364 4364 per
375 4298 483 4352 intinitu
495 4299 668 4354 saeculorum
681 4301 800 4353 saecula.
814 4304 910 4354 tmen.
