3136 5482
314 365 407 414 cmc.
427 363 510 413 uxr.
530 363 646 413 rxnrs.
665 381 710 392 —
725 360 878 411 cernuo.
898 361 945 409 xo
962 359 1041 410 con.
1061 360 1138 410 ereo.
1280 345 1348 411 285

138 549 220 589 tus
231 535 357 589 invocare
370 539 396 589 et
407 533 499 588 dicere
514 551 520 586 :
534 532 646 602 Infans
663 531 816 600 hyphen
830 531 1059 599 appropinqua,
1073 533 1165 600 tanae
1180 545 1238 598 me,
1251 534 1280 586 et
1291 534 1351 586 eol

138 651 144 688 r
179 647 250 689 erc
266 638 295 688 et
307 648 370 689 non
382 635 504 689 morior·
517 651 526 688 .·
539 633 595 687 tibi
606 632 690 686 enim
702 633 787 685 dedit
800 633 881 686 Deus
891 633 1031 699 oratiam
1048 631 1233 685 sonitatum.
1248 634 1278 684 tlt
1290 645 1351 685 cum

138 748 215 788 cns
226 734 328 787 diceret
340 735 417 798 haec,
431 733 565 787 convertit
577 747 606 787 se
619 733 737 799 populus
749 738 777 785 et
795 737 945 798 rapuerunt
965 732 1011 798 qui
1030 731 1189 785 vulneratus
1212 732 1299 785 suerat
1317 731 1352 784 ad

138 835 254 886 antem
265 833 448 898 Tryphonem,
461 831 584 884 dicentes
598 848 604 883 ε
621 831 700 890 Quia
712 843 773 884 voce
785 843 865 897 quoe
877 828 915 883 ab
928 829 1054 898 insonte
1070 830 1183 883 audito
1195 832 1241 883 eet
1252 830 1352 883 moni-

138 931 249 986 statio
259 934 305 986 eet
318 931 381 985 Dei.
391 931 486 985 Elevat
497 936 588 984 autem
602 945 670 997 puer
682 931 809 997 Tryphon
822 943 917 982 vocem
928 943 1052 998 magnam
1065 937 1093 983 et
1104 930 1200 983 dicens
1215 947 1221 981 :
1235 930 1353 983 Lumen

138 1042 227 1083 erem
239 1031 327 1098 Deus,
340 1031 472 1084 entende
490 1043 620 1083 manum
639 1031 727 1082 tunm
747 1039 843 1095 cuper
854 1029 1066 1095 valneolum,
1079 1031 1109 1081 et
1125 1041 1206 1082 cauo
1224 1041 1304 1095 eum,
1317 1031 1353 1082 ut

138 1129 249 1197 ntiqui
262 1132 358 1198 eaput
374 1129 528 1197 eeryrerctia
545 1130 694 1183 calcaneo
710 1127 795 1181 cerci
812 1127 861 1180 cui
880 1130 1071 1181 conteratur.
1084 1130 1116 1181 llt
1133 1129 1222 1181 statim
1241 1133 1352 1182 sanatus

138 1234 254 1296 opnor,
266 1236 293 1283 et
304 1229 525 1298 glorificaverunt
546 1242 643 1283 omnes
667 1230 751 1281 ileum
773 1240 856 1294 super
877 1227 946 1280 sacto
959 1228 1047 1295 siguo.
1060 1230 1224 1282 Eretautem
1245 1234 1351 1283 amatus

138 1329 213 1382 rhns
228 1331 354 1397 Tryphon
366 1330 401 1383 ab
421 1330 559 1396 omnibus,
574 1343 607 1381 ex
625 1340 679 1396 quo
701 1328 863 1380 miraculum
886 1327 958 1380 istud
979 1327 1044 1380 lecit
1064 1328 1092 1380 in
1113 1329 1212 1382 virtute
1234 1329 1351 1382 bomini.

138 1428 200 1480 ulta
218 1435 356 1497 praetcrea
369 1430 498 1482 hominus
512 1427 646 1481 mirabilia
666 1440 716 1494 per
729 1440 793 1480 eum
811 1433 940 1493 operatus
957 1433 1016 1493 est;
1029 1440 1100 1494 quae
1112 1429 1176 1496 quia
1195 1429 1351 1483 innumera·

139 1526 177 1578 ilia
194 1533 273 1595 sunt,
286 1529 426 1582 brevitatis
439 1540 521 1581 causa
534 1540 619 1593 pauca
632 1526 666 1579 de
680 1525 774 1579 multis
787 1525 994 1593 explicabimus.

151 1625 177 1677 t.
195 1629 266 1681 Cum
283 1630 336 1682 iter
354 1632 447 1697 ageret
463 1629 607 1681 mansione
625 1628 712 1693 prima
733 1625 767 1679 ad
786 1626 982 1693 pandochium,
996 1628 1042 1696 qul
1058 1629 1166 1694 jacebat
1183 1629 1351 1694 febricitans,

138 1737 265 1793 necessus
276 1735 317 1782 cst
328 1735 439 1783 sanctus
450 1729 579 1795 Tryphon
591 1725 625 1779 ad
638 1739 700 1780 eum
714 1731 741 1779 et
752 1726 818 1779 dicit
830 1726 854 1778 el
869 1741 876 1777 t
890 1726 995 1791 Homo,
1009 1727 1189 1781 convalesce
1200 1726 1238 1781 ab
1251 1729 1349 1796 aeori-

138 1823 235 1881 noim
245 1831 309 1896 tua,
322 1832 352 1883 et
368 1830 411 1882 do
426 1827 563 1896 qloriom
583 1828 651 1881 Deo.
665 1829 697 1880 llt
710 1826 801 1880 statim
814 1839 939 1894 surgens,
953 1827 1042 1894 coepit
1062 1827 1187 1882 alacriter
1198 1827 1350 1898 glorificare

139 1923 222 1979 lcum.

165 2018 190 2072 8.
203 2025 548 2094 hdresperasccntcautem
558 2024 613 2093 die,
624 2038 686 2079 cum
704 2026 799 2079 beatus
808 2026 935 2091 Tryphon
951 2031 1072 2092 cenaret,
1081 2027 1170 2081 subito
1180 2039 1231 2080 vox
1241 2027 1275 2081 ad
1286 2041 1349 2081 eum

145 2116 200 2172 beta
211 2132 264 2179 cst:
282 2125 434 2194 tryphon,
443 2138 526 2193 puer
543 2137 639 2192 meus,
652 2125 733 2179 caete
750 2125 784 2177 in
806 2125 989 2179 Caesaream
1003 2144 1011 2180 .·
1024 2128 1069 2180 ert
1086 2125 1130 2179 ihi
1149 2126 1278 2194 quidam
1296 2129 1352 2195 qui

148 2211 294 2282 insecatur
305 2226 344 2279 ab
355 2224 474 2293 spiritu
486 2225 643 2292 mazicum
656 2237 745 2292 quem
762 2237 833 2279 cum
852 2225 1026 2289 sanaveris,
1037 2223 1137 2293 socies
1150 2227 1185 2278 ut
1200 2229 1351 2293 sequatur

149 2312 177 2375 ²0.
186 2322 212 2372 et
220 2325 353 2379 octertdec
364 2324 395 2379 εἰ
406 2324 601 2392 temetipsum
616 2322 755 2393 ferinam
764 2323 912 2378 bonorum
925 2336 1063 2392 operum.
1078 2326 1135 2389 Quo
1147 2325 1240 2379 audito
1253 2339 1350 2381 omnes

148 2413 186 2474 qni
196 2432 247 2475 curn
258 2423 411 2478 Pandachlo
423 2429 502 2478 erant
513 2423 645 2491 pavefacti
658 2430 731 2477 sunt.
745 2426 867 2490 cumque
879 2423 969 2477 inians
981 2426 1108 2492 Tryphon
1117 2430 1264 2492 gustasset,
1278 2427 1349 2482 vlde-

145 2501 232 2573 bntura
243 2523 482 2576 circumstantibus
495 2528 589 2576 tenere
602 2522 725 2575 codicem
736 2540 742 2585 ;
756 2523 804 2589 qul
816 2522 920 2575 litteras
933 2523 1069 2588 nesciens,
1082 2523 1117 2576 ab
1137 2525 1238 2590 spiritu
1256 2532 1349 2579 sancto

143 2601 308 2675 innuebatur
328 2623 362 2675 ad
384 2621 665 2699 legendumquippe
688 2622 810 2687 corporis
831 2623 926 2675 oculos
945 2623 1037 2676 cordis
1058 2623 1138 2676 oculo
1159 2625 1349 2690 praecedente.
1392 2605 1395 2610 ¹

140 2702 245 2785 clitoque
257 2722 314 2775 dies
327 2721 506 2787 illucesceret,
520 2721 728 2774 ambulaverunt
740 2722 769 2773 in
781 2723 952 2775 Caesaream.
961 2723 1010 2786 Qui
1023 2736 1084 2775 cum
1101 2721 1350 2792 proficiscerentur,

138 2803 203 2866 eiroc
220 2819 308 2872 horam
331 2826 434 2873 sextam
456 2825 607 2886 posuerunt
627 2834 716 2886 genua
738 2827 768 2873 ut
788 2826 909 2874 orarent.
931 2823 1078 2875 orantibus
1098 2836 1162 2878 vero
1184 2823 1247 2890 illis,
1260 2825 1352 2878 subito

138 2908 237 2971 lherde
248 2919 315 2973 silva
332 2919 443 2984 exilivit,
460 2919 613 2989 fatigatusa
632 2920 754 2973 canibus.
769 2922 835 2973 Cum
859 2920 970 2974 vidisset
992 2929 1082 2974 autem
1102 2929 1237 2977 mercator
1255 2937 1350 2990 aprum

138 3005 197 3062 cum
216 3027 308 3084 magno
331 3018 435 3082 impetu
459 3017 733 3084 appropinquantem,
758 3017 919 3070 exclamavit
942 3017 1064 3085 dixitque
1087 3035 1094 3070 ε
1120 3019 1211 3073 Serve
1236 3017 1352 3074 Christi
1359 3077 1365 3089 ¹

138 3095 277 3183 stechen,
298 3129 367 3182 ora,
381 3129 419 3170 ne
433 3129 611 3184 pereamus.
633 3118 682 3180 Qui
705 3130 768 3170 mox
789 3119 885 3181 oravit,
904 3117 1000 3171 dicens
1013 3135 1019 3170 :
1034 3119 1162 3173 Domine
1180 3120 1270 3186 Deus,
1293 3133 1352 3174 rem

138 3200 263 3284 llouose,
288 3217 343 3284 qm·
357 3229 418 3284 per
438 3217 588 3284 spiritum
616 3220 761 3271 conchem
783 3217 981 3284 sperantibus
1000 3219 1034 3271 in
1056 3222 1085 3272 te
1097 3223 1246 3286 praeciae
1269 3221 1351 3287 quod

138 3306 289 3382 mount,
310 3316 443 3370 eetende
459 3329 590 3369 menum
606 3318 703 3384 tuom,
722 3318 752 3369 et
769 3329 789 3368 a
806 3316 905 3369 cervis
923 3318 987 3371 tuis
1009 3319 1115 3372 oberte
1131 3319 1305 3374 inimicum.
1319 3322 1351 3372 tlt

138 3404 196 3458 ’uro
213 3413 272 3467 haec
292 3414 418 3481 dixisset,
439 3415 565 3468 exultans
586 3415 615 3466 in
636 3415 737 3481 Spiritu
757 3422 862 3485 sancto,
883 3417 952 3468 dixit
973 3416 1007 3469 ad
1025 3431 1142 3482 aprum:
1168 3417 1249 3470 Vade
1267 3417 1351 3471 unde

138 3503 242 3564 muti.
255 3515 284 3566 lit
296 3515 386 3566 statim
399 3527 464 3580 aper
475 3527 557 3567 cursu
571 3513 665 3580 rapido
679 3515 707 3565 in
720 3527 832 3580 opacam
846 3515 941 3568 siluam
954 3517 1075 3569 secessit.
1351 3503 1354 3507 ’

166 3605 277 3666 &lacto
299 3620 391 3668 autem
412 3614 519 3669 modico
540 3613 695 3680 intervallo,
708 3614 819 3681 quidam
841 3615 882 3667 vir
903 3614 989 3668 lactus
1010 3621 1051 3669 est
1072 3617 1096 3669 ei
1114 3617 1231 3681 obviam,
1245 3616 1349 3670 habens

139 3701 248 3764 loibum
268 3712 451 3780 immundum,
465 3714 512 3781 qui
532 3714 692 3781 frequenter
709 3727 771 3767 eum
789 3715 817 3766 in
832 3713 922 3767 lluviis
934 3716 1084 3781 projectum
1104 3715 1235 3769 illidebat.
1249 3719 1274 3769 ls
1286 3729 1347 3769 cum

142 3800 248 3877 lenisset,
261 3811 389 3865 dicebat:
402 3813 513 3866 Sancte
528 3812 585 3865 Dei
607 3810 759 3880 Tryphon,
775 3811 873 3865 libera
892 3825 940 3865 me
950 3812 989 3866 ab
1001 3812 1203 3882 infestatione
1219 3814 1347 3870 diaboti.

144 3891 189 3961 llte
198 3921 265 3974 vero,
278 3912 387 3980 erigens
400 3913 494 3966 oculos
506 3910 540 3964 ad
559 3911 675 3976 caelum,
689 3911 776 3963 dixit:
794 3910 920 3977 Christe,
934 3912 990 3966 Dei
1001 3914 1158 3980 splendor,
1172 3914 1227 3980 qni
1246 3915 1348 3967 lernen

144 4004 411 4078 etmoednputoite
420 4021 481 4077 per
496 4010 667 4076 plurimum
688 4022 799 4064 nomen
817 4013 906 4063 tuom
923 4010 1026 4079 effupa
1043 4014 1215 4079 serpentem
1229 4012 1348 4066 temeri-

142 4098 199 4160 tom
208 4111 375 4164 auctorem.
389 4109 541 4175 Statimque
553 4121 637 4162 sanus
651 4107 739 4162 iactus
751 4113 793 4161 est
807 4108 898 4172 homo,
912 4113 940 4161 et
957 4108 1078 4162 ambulat
1095 4122 1157 4161 cum
1175 4114 1269 4162 sancto
1287 4111 1349 4175 Try-

138 4203 210 4270 tbone
219 4207 342 4276 gaudens
355 4212 382 4260 et
392 4206 548 4275 glorificans
561 4209 655 4260 heum.

154 4304 183 4358 5.
197 4307 260 4360 Erat
278 4311 370 4359 autem
390 4307 418 4357 in
439 4308 570 4359 caesarea
582 4306 664 4359 homo
676 4304 798 4372 quidam,
810 4306 921 4360 nominc
938 4306 1082 4367 Antonius,
1095 4305 1199 4359 habens
1221 4305 1345 4372 spiritum

138 4405 298 4472 umundum,
312 4405 415 4471 dequo
429 4409 539 4457 sanctus
551 4405 676 4470 Tryphon
689 4417 783 4457 vocem
802 4411 944 4472 acceperat
961 4410 991 4457 ut
1009 4408 1118 4457 sanaret
1134 4417 1208 4457 eum.
1221 4405 1246 4457 ls
1269 4416 1345 4471 prce·

138 4511 239 4563 ecatus
249 4505 285 4559 ab
297 4504 473 4570 impositione
485 4504 657 4557 vinculorum
670 4504 797 4557 dicebat:
811 4504 901 4558 seruc
912 4504 968 4558 Dei
982 4501 1133 4571 quphon,
1142 4503 1234 4558 salvo
1247 4516 1304 4557 me.
1313 4505 1345 4556 ut

140 4605 265 4664 tendens
284 4617 408 4666 manum,
421 4603 567 4657 commovit
583 4603 718 4669 spiritum,
731 4602 847 4656 dicens:
865 4602 930 4656 Tibi
946 4603 1024 4672 dico,
1040 4603 1175 4671 spirituc
1195 4603 1343 4672 motione,
