3156 5452
311 358 405 409 oruc.
425 358 509 410 nor.
529 360 646 412 rums.
663 382 709 393 -
726 362 877 412 senune.
899 361 946 410 no
963 359 1040 409 coo.
1060 355 1135 406 nos.
1274 337 1340 405 217

10 522 12 527 '
104 528 217 582 tulitin
228 527 352 583 ccelesiis
369 528 502 585 faciendis
513 548 521 598 3
534 536 561 586 et
573 546 635 586 oum
654 532 710 586 iilia
723 533 893 586 sanctissima
914 527 1132 584 sanctimonialis
1144 524 1249 584 edecta,
1264 522 1343 588 depo·

99 628 289 683 mitomnem
301 634 428 683 ornatum
449 631 479 683 in
490 632 605 699 gemmis
616 639 643 687 et
656 645 733 697 auro,
747 646 814 699 quas
836 630 947 684 tradidit
960 630 987 682 in
1009 627 1152 681 ornatibus
1164 621 1343 678 eeclesiarum

95 726 176 779 liei.
188 729 259 792 Quae
270 733 365 794 postea
384 729 453 783 lacta
465 733 507 782 est
526 731 721 797 perfectissima
741 730 874 797 discipula
897 730 995 782 christi
1015 728 1101 780 saneti
1125 724 1201 778 Pauli
1223 720 1342 788 episcopi

92 827 311 883 ammomttone
323 842 385 882 cum
399 831 507 897 propria
520 831 575 884 illia
587 832 692 900 virgine
710 832 840 897 Cimone,
854 843 936 897 quam
959 829 1009 882 sibi
1023 829 1052 879 in
1073 826 1209 893 propriam
1232 826 1342 875 sanctus

61 923 216 981 ilaulus
227 928 363 995 adoptavit
374 927 467 984 fllium.
482 931 555 983 lnira
568 932 696 998 palatium
710 945 820 999 quoque
841 930 914 983 illius
927 934 1068 981 matronae
1080 925 1232 979 construxit
1246 923 1342 975 beatus

10 1006 13 1029 ¹
86 1026 256 1080 confossor
281 1028 381 1081 Paulus
405 1030 549 1083 ecclesiam
571 1035 681 1085 sanetae
705 1033 749 1085 bei
773 1029 930 1099 genitricis,
956 1029 1003 1081 ubi
1032 1028 1090 1093 ipse
1114 1028 1225 1079 sanetus
1248 1026 1343 1088 postea

84 1125 250 1191 requievit
261 1128 354 1181 multis
367 1128 457 1182 annis.

128 1225 199 1278 15.
213 1228 243 1278 ln
264 1227 431 1293 perfectione
452 1232 542 1282 autem
564 1230 646 1297 hujus
666 1235 776 1282 sanotae
798 1229 844 1281 liei
865 1228 1005 1296 genitricis
1018 1225 1150 1280 ecelesiae
1173 1227 1228 1277 tota
1250 1221 1344 1275 civitas

83 1328 271 1391 comuntur,
289 1323 455 1379 clauduntur
475 1326 587 1394 templa,
604 1327 764 1394 aperiuntur
785 1328 927 1392 ecelesiae,
947 1327 1009 1379 lana
1030 1325 1210 1391 dissipantur,
1227 1321 1342 1375 delubra

42 1414 69 1466 ll
86 1414 323 1476 daemoniorum
336 1424 371 1476 ab
383 1424 511 1480 omnibus
522 1424 668 1478 eiciuntur.
682 1424 749 1488 Quid
763 1425 860 1491 plura?
872 1423 954 1478 Novis
973 1437 1094 1478 rosarum
1114 1420 1229 1476 floribus
1240 1421 1341 1474 ltarbo·

83 1521 208 1572 nensis
219 1519 336 1597 [civitas]
349 1528 505 1577 coronatur.
519 1525 550 1575 ln
563 1537 616 1590 qua
630 1523 736 1577 civitate
749 1524 880 1590 plurimas
898 1523 1029 1577 ecelesias
1041 1526 1215 1587 construens,
1229 1519 1339 1587 presby-

83 1615 188 1671 teros
198 1632 229 1673 ac
245 1619 375 1673 diacones
387 1620 527 1686 ordinans,
541 1623 677 1687 stephano
698 1622 806 1688 proprio
828 1621 953 1687 diacono,
967 1623 1024 1676 viro
1044 1618 1231 1687 sanctissimo,
1244 1631 1342 1671 omnes

82 1715 242 1771 eeclesias
263 1718 474 1786 [clommittens,
499 1721 599 1774 lluium
620 1734 685 1775 vero
705 1723 844 1775 Avenione
867 1723 1005 1787 praefecit,
1027 1720 1181 1774 valedicens
1203 1717 1341 1779 iratribus,

82 1808 238 1871 tolosam
252 1823 282 1871 ut
293 1819 407 1873 verbum
426 1821 532 1873 llomini
546 1820 642 1873 adiens
663 1821 841 1887 praedicaret.
855 1822 903 1875 Ubi
926 1822 1058 1887 plurimas
1080 1820 1193 1874 Domino
1213 1817 1342 1871 ecclesias

39 1902 68 1954 ¹⁵
80 1904 251 1972 benedixit
272 1918 350 1972 titulo
370 1918 469 1972 christi
481 1936 489 1985 ς
503 1920 667 1986 presbyteris
687 1927 713 1974 et
731 1921 895 1974 diaconibus
914 1922 980 1974 inibi
1002 1920 1166 1983 constitutis,
1186 1919 1341 1972 Narbonem

80 2014 199 2069 leniit.
211 2017 403 2083 Hispaniarum
416 2018 480 2072 inde
500 2024 590 2085 partes
608 2021 783 2087 circumiens,
798 2020 958 2086 praedicans
979 2019 1161 2088 evangelium,
1174 2016 1341 2071 conilrmans

78 2114 244 2169 ecclesias
257 2130 305 2184 per
322 2130 411 2170 annos
429 2119 540 2183 multos,
555 2124 699 2185 praecepto
712 2121 799 2173 sancti
813 2121 887 2174 Pauli
908 2121 1022 2187 apostoli
1039 2119 1145 2186 navigio
1158 2118 1264 2170 marino
1277 2119 1341 2169 llar-

76 2199 215 2268 lionam
228 2216 326 2282 repetit
337 2218 474 2283 propriam
488 2215 636 2271 civitatem.

119 2311 198 2368 16.
210 2317 334 2383 cumque
347 2330 397 2383 per
408 2320 527 2384 spatium
541 2320 616 2385 parvi
638 2320 769 2386 temporis
790 2320 966 2384 perdurasset
977 2318 1044 2371 inibi
1058 2323 1085 2371 et
1105 2319 1186 2371 vitam
1198 2317 1341 2370 caelestem

25 2389 58 2443 ²³
71 2395 110 2453 5¹1
142 2415 236 2466 terris
253 2414 375 2479 (luceret,
389 2415 507 2482 quadam
529 2416 611 2469 dicei
632 2431 680 2483 per
691 2419 824 2470 visionem
846 2419 929 2470 astitit
942 2418 1041 2470 Paulus
1060 2419 1211 2484 apostolus,
1224 2415 1320 2469 dicens
1334 2433 1340 2468 :

64 2495 222 2581 Paule,
236 2512 311 2567 bone
321 2526 418 2583 cerne,
432 2528 516 2584 enpe,
530 2515 618 2570 intro
639 2517 838 2584 inpendium
858 2516 982 2572 Domini
1004 2517 1060 2570 ini.
1074 2517 1210 2585 livigildus
1232 2517 1340 2580 Paulus,

62 2610 188 2664 (illoti
200 2625 298 2666 somno
311 2612 416 2667 viderat
428 2619 520 2668 mente
532 2620 690 2682 pertractat.
704 2619 820 2669 Rursum
834 2617 926 2682 sopori
936 2615 1045 2669 deditus
1057 2617 1155 2670 Paulus
1165 2615 1340 2669 obdormivit.

60 2695 151 2759 Cui
176 2719 286 2767 sanctus
307 2714 407 2767 Paulus
419 2716 561 2782 apostolus
573 2717 672 2769 iterum
694 2716 829 2783 appamit,
843 2717 868 2768 ei
889 2715 987 2768 dicens
1001 2732 1007 2768 :
1022 2717 1132 2784 Ponte,
1150 2715 1225 2770 bone
1244 2728 1340 2781 ierne,

59 2807 198 2882 Moe,
210 2816 240 2867 ei
260 2814 375 2882 fidelis,
389 2813 477 2868 inira
498 2814 697 2883 inpendium
719 2814 844 2869 Domini
864 2814 921 2868 ini.
936 2817 1091 2883 iterumque
1113 2821 1221 2868 sanetus
1244 2816 1342 2868 Paulus

10 2893 43 2946 ²³
57 2907 211 2968 ”noro
224 2913 365 2981 evigilans,
376 2915 543 2981 praeripitur
552 2928 658 2968 somno.
670 2916 699 2966 lii
710 2926 819 2981 quoque
831 2915 909 2967 tertio
920 2921 1029 2968 sanetus
1038 2915 1136 2968 Paulus
1146 2930 1196 2981 pcr
1208 2916 1340 2967 visionem

54 2992 179 3064 diei,
191 3029 198 3066 :
210 3013 314 3066 Ponte
325 3014 419 3080 Serpi,
432 3027 520 3067 serve
535 3014 640 3082 fidelis
653 3017 682 3068 ei
703 3014 786 3077 bone,
800 3029 884 3080 enpe,
899 3014 986 3068 inira
1004 3016 1039 3067 in
1050 3016 1204 3081 nandium
1218 3016 1342 3069 Domini

54 3093 100 3143 ⁸²³
106 3101 169 3160 2⁹-
182 3112 392 3180 expergefactus
404 3120 516 3166 sanetus
529 3114 636 3175 Paulus,
650 3115 787 3180 Stephano
801 3115 911 3180 proprio
920 3113 1035 3167 diacono
1047 3128 1103 3167 rem
1117 3115 1167 3166 sibi
1181 3115 1340 3180 patefactum

55 3204 359 3279 manifestatum,
381 3213 427 3278 ait,
448 3211 561 3281 freter,
582 3212 646 3267 seio
666 3214 894 3267 vicedominum
914 3226 1017 3266 tnenm
1037 3216 1182 3267 sancium
1201 3214 1339 3267 Panium

56 3300 282 3362 apostatum
294 3322 426 3365 vocasse.
439 3312 530 3366 Nune
542 3324 613 3365 cero
627 3310 692 3376 tibi,
704 3311 807 3380 frater
818 3311 977 3379 Stephane,
991 3312 1138 3366 ecclesias
1157 3312 1339 3366 Galliarum

10 3400 47 3458 bi
61 3390 106 3446 ¹⁰¹²·
159 3408 222 3464 Deo
242 3412 430 3465 commendo.
452 3413 490 3466 Ei
511 3412 594 3466 sient
615 3411 727 3466 civitas
748 3411 896 3466 Narbone
917 3412 951 3464 in
966 3411 1165 3479 perceptione
1184 3412 1340 3478 eoanpetii

71 3498 233 3571 Domini
242 3519 345 3572 nostri
360 3519 433 3573 Jesn
447 3519 563 3573 Christi
585 3518 775 3586 inpartibus
796 3519 1040 3574 occidentalibus
1058 3520 1163 3573 ccciiiit
1173 3520 1341 3587 piorioeior

79 3597 109 3652 ²²
126 3616 262 3683 mma,
277 3617 365 3671 itaet
377 3617 591 3673 iniectionibus
612 3620 809 3673 secerdotum
818 3632 901 3686 pree
912 3619 1054 3673 omnibns
1070 3619 1253 3674 Galliarum
1265 3620 1337 3673 cini-

89 3700 223 3772 laneus
233 3717 433 3784 splendidior
443 3717 505 3771 erii
515 3721 544 3771 ei
557 3718 653 3771 ditior
665 3718 787 3784 fninris
797 3717 1063 3785 uenerationibno.
1324 3790 1327 3795 Ι

136 3813 190 3869 17.
205 3820 284 3871 Facto
306 3831 396 3885 mane,
413 3819 560 3884 corripitur
581 3825 689 3871 sanctus
710 3819 852 3870 vexatione
875 3819 1002 3883 sobrium,
1016 3824 1043 3870 ot
1065 3826 1124 3885 post
1144 3820 1337 3872 rrruiutinarum

61 3899 97 3956 ³5
108 3912 240 3969 excubias
252 3929 351 3969 omnes
360 3929 487 3982 proceres
497 3917 688 3970 Narbonenses
697 3916 731 3969 ad
742 3931 805 3969 cum
818 3916 940 3983 undique
949 3918 1034 3984 gratia
1046 3918 1205 3971 visitationis
1214 3919 1337 3983 veniunt,

106 4004 186 4080 eique
198 4017 313 4070 verbum
327 4016 420 4069 salutis
430 4022 588 4082 exposcunt.
601 4017 690 4070 Plorat
700 4017 789 4069 omnis
799 4016 923 4077 ecelesia,
935 4017 1022 4081 plorat
1032 4018 1127 4084 vulgus
1136 4019 1313 4085 omniumque
1325 4021 1333 4037 '

112 4116 188 4168 ilitas.
202 4119 288 4169 llotus
300 4116 341 4167 vir
353 4117 400 4169 llei
413 4117 512 4182 pictate
525 4131 572 4169 eos
589 4117 744 4183 adloquitur
759 4133 764 4168 :
778 4118 808 4174 0,
824 4118 919 4182 inquit,
934 4117 998 4184 filii
1009 4117 1177 4183 carissimi,
1191 4119 1334 4171 recorda-

112 4213 187 4266 mini
204 4215 265 4268 trrei
287 4215 448 4282 sermonis,
470 4216 727 4269 rememoramini
749 4215 926 4269 doctrinam
950 4217 1053 4270 ruricii
1075 4216 1172 4269 Ponir'
1191 4218 1334 4283 apostoli.

112 4307 284 4368 Meminisse
304 4315 399 4368 eiiam
412 4328 463 4369 voe
483 4317 551 4369 eolo
565 4315 648 4367 iilnti
660 4315 794 4368 Domini:
810 4334 819 4361 t
845 4317 951 4369 Cavete
962 4329 1013 4369 eos
1026 4330 1047 4368 a
1060 4315 1154 4382 falsis
1160 4316 1333 4382 propinetis,

104 4412 161 4473 qni
171 4414 299 4466 ueniunt
311 4415 354 4466 ad
365 4427 417 4467 vos
430 4415 464 4466 in
476 4414 665 4467 vestimentis
677 4414 781 4466 evitem
797 4414 851 4465 ceti
866 4413 1056 4467 intrinsecus
1068 4416 1142 4466 serni
1156 4415 1225 4481 lupi
1237 4428 1332 4483 rupto

106 4520 165 4563 cet.
182 4532 191 4559 ι
205 4513 316 4567 Scitote
325 4513 494 4567 Ecclesium
504 4514 606 4567 mulio
625 4514 758 4566 adverso
774 4525 947 4578 passurum
959 4513 994 4564 in
1002 4513 1166 4579 praeconii
1184 4515 1328 4581 tempore,

92 4611 348 4671 wteeniionem
369 4612 475 4678 fninri
497 4612 688 4669 antichristi.
701 4613 758 4666 Sed
776 4625 870 4680 nttnc,
883 4613 954 4666 cori
965 4612 1094 4681 fraires,
1108 4626 1160 4667 coe
1174 4614 1234 4668 Deo
1259 4627 1337 4671 com-

1398 4026 1405 4043 ·
1419 4025 1475 4079 sie.
