3156 5452
269 336 363 385 utun.
383 336 466 387 nau.
485 337 603 386 rums.
622 354 667 368 -
682 337 835 388 arpenn.
856 338 903 385 an
920 337 997 387 oon.
1017 333 1077 384 ars.
1251 313 1297 382 at

10 542 34 579 .·.
106 503 191 566 turbio,
203 516 252 567 uuo
265 504 364 556 rttlnus
377 509 539 570 asperserat,
554 505 722 559 horribiliter
735 506 810 558 illam
823 506 961 559 invaserit.
972 507 1045 569 Quae
1058 504 1156 556 ridens
1168 517 1197 555 se
1212 505 1299 568 ipsam

10 641 32 677 ·.·
108 601 260 653 durabiliter
279 602 423 668 dereptam
444 610 524 671 atque
545 606 664 673 graviter
684 606 863 667 minoratam,
886 618 941 656 una
959 603 1003 656 die
1023 610 1086 655 ante
1110 617 1209 668 eorpus
1228 602 1298 653 beati

10 730 31 772 tc·
106 698 179 750 Claudii
189 700 296 752 ueniens
308 701 447 753 humiliter
459 709 487 754 et
504 702 603 756 devoto
625 702 712 755 corde
734 707 839 754 reatum
852 716 931 755 suum
945 703 1059 754 interius
1071 702 1256 768 ingemiscens
1273 707 1300 750 et

10 838 29 874 :-
105 797 201 849 attilium
211 798 280 850 beati
292 799 396 852 Claudii
409 800 559 865 postulans,
568 801 661 853 statim
675 806 767 853 curata
780 807 821 853 est
831 801 940 866 penitus
949 805 976 852 et
985 806 1087 853 sanata.
1097 801 1200 852 Gratias
1215 811 1300 866 agens

16 938 26 972 ζ
87 897 146 948 olleo
154 897 259 963 gaudens
271 900 401 952 remearit
413 900 446 951 ad
461 901 581 966 propria.

131 995 296 1050 Ιίηοωιιω
314 1000 429 1051 mil.
447 1001 493 1051 De
513 1001 653 1063 quodam
663 1001 905 1064 blasphemante
922 1001 1071 1052 sanetum
1091 997 1258 1051 mutilum

514 1112 537 1152 a
559 1098 847 1152 doomonioooeiso.

128 1190 181 1244 llnus
190 1195 310 1248 videlieet
323 1197 417 1260 laierts,
431 1198 477 1263 qui
492 1212 555 1249 eum
568 1199 596 1249 in
615 1198 679 1251 rilla
691 1196 865 1251 laudunensi
879 1197 986 1251 luderet
998 1211 1060 1250 eum
1079 1197 1173 1259 deeius,
1187 1197 1295 1249 fortuna

10 1328 25 1364 ι,
106 1289 183 1344 rotante
192 1296 333 1359 pecuniam
345 1309 422 1353 suam
435 1295 563 1362 perdidit,
577 1303 604 1348 et
616 1297 650 1349 ob
664 1298 716 1349 boe
728 1295 838 1349 diabolo
851 1296 982 1349 suadente
1001 1296 1035 1348 ad
1049 1295 1220 1348 iratundiam
1238 1309 1300 1360 pro·

73 1385 243 1450 illocatusesl,
256 1395 324 1445 etin
338 1407 484 1460 personam
506 1395 577 1448 beati
599 1395 703 1447 Claudii
724 1403 751 1447 et
770 1397 830 1462 ejus
850 1396 981 1448 miracula
999 1395 1191 1460 blasphemias,
1205 1400 1302 1446 conlu-

104 1488 222 1543 nelias·et
232 1493 380 1558 opprobria
391 1494 481 1546 uiliter
506 1500 532 1546 et
556 1496 738 1562 ingemlniose
755 1496 783 1546 in
796 1495 941 1547 astantium
963 1495 1116 1559 praesentia
1130 1493 1296 1559 proferebat.
1353 1506 1438 1558 wod,

10 1622 25 1655 Ξ,
104 1586 167 1639 inilia
176 1589 243 1653 bora,
258 1604 322 1643 eum
336 1591 461 1645 erederet
472 1592 507 1644 ad
519 1594 629 1659 propria
643 1596 751 1653 reuerti,
766 1600 833 1644 nutu
846 1593 938 1645 dirino
952 1593 1077 1657 pluribus
1089 1593 1244 1645 ridentibus
1256 1592 1290 1643 ab
1313 1572 1488 1625 ροῃωῐῃθῑῑῧ·

10 1728 24 1752 ,1
102 1696 142 1735 uno
150 1684 242 1740 diabolo
253 1693 298 1741 est
309 1690 424 1742 oreisus.

130 1785 234 1841 xum.
246 1791 293 1842 Do
305 1790 441 1854 quodam
454 1790 553 1843 milite
565 1803 661 1843 caeco
673 1804 731 1855 per
742 1792 873 1843 boatum
885 1789 1051 1843 caudium
1064 1788 1250 1841 illuminato.

10 1907 29 1941 a,
66 1883 88 1935 ta
124 1884 213 1946 dudam
226 1888 325 1941 nobilis
337 1888 372 1941 de
384 1890 576 1958 lotharingiae
587 1891 719 1955 partibus,
734 1891 851 1942 terrenis
862 1890 973 1956 quidem
984 1889 1126 1941 abumlans
1139 1889 1236 1954 opibus
1244 1888 1292 1940 sed

96 1982 167 2036 satum
181 1986 263 2053 inops,
285 1988 367 2056 longo
387 1989 498 2042 videndi
519 2004 571 2042 usu
592 1995 620 2041 et
643 1991 807 2042 intirmitatis
827 1990 951 2043 molestia
972 1995 1173 2055 praegravatus,
1197 1988 1290 2040 lumen

91 2081 209 2136 amiserat·
220 2087 372 2140 oculorum.
386 2089 435 2153 Qui
448 2089 543 2141 salutis
555 2090 682 2155 propriae
694 2087 821 2154 rupidus,
834 2087 917 2155 [eum]
931 2088 964 2140 ad
984 2087 1154 2153 imploranda
1167 2087 1291 2139 sanitatis
1348 2103 1355 2118 ·
1368 2099 1434 2152 cod,

90 2182 188 2235 remedia
199 2187 345 2239 multorum
357 2188 499 2240 circuisset
520 2189 579 2240 loca
597 2194 764 2247 sanetur-um,
779 2188 917 2252 impetrari
937 2199 992 2239 non
1011 2188 1097 2252 potuit
1116 2185 1190 2252 quod
1209 2198 1291 2250 quae·
1312 2162 1471 2217 admiserat·

86 2278 158 2331 rebat.
169 2282 238 2335 idem
251 2286 333 2353 igitur
345 2287 385 2338 vir
397 2300 460 2337 enm
481 2285 599 2339 liliorum
612 2291 640 2339 et
651 2287 828 2338 servientium
842 2286 920 2338 turba
934 2285 1005 2351 apud
1019 2289 1148 2337 Sartetum
1159 2286 1291 2337 iacobum

30 2380 65 2431 it)
82 2377 129 2429 iter
138 2381 249 2447 arripuit.
271 2388 447 2449 peecatorum
467 2398 580 2438 suorum
602 2386 709 2438 veniam
731 2387 914 2451 quaesiturus.
935 2385 989 2436 lter
1009 2392 1099 2436 autem
1122 2395 1293 2450 prosequens

76 2477 237 2543 destinatum,
252 2483 351 2535 lamam
364 2482 466 2536 audivit
478 2485 670 2537 miracuionrm
681 2486 781 2552 quibus
791 2486 921 2538 Dominus
935 2486 1005 2537 seni
1024 2486 1064 2536 sui
1082 2484 1185 2535 Claudii
1204 2483 1292 2535 deela-

72 2586 173 2630 rarerat
183 2583 361 2634 sanrlilatem.
376 2582 452 2635 Unde
464 2583 538 2648 apud
550 2584 694 2636 ecelesiam
707 2583 771 2635 dieti
793 2585 879 2636 saneti
892 2583 997 2636 Claudii
1018 2583 1093 2647 adiit,
1113 2583 1204 2648 ibique
1223 2581 1293 2633 ludit

69 2678 204 2730 orationes
214 2679 247 2732 ad
261 2682 415 2742 bominum,
429 2687 456 2733 et
465 2682 555 2733 statim
568 2682 662 2734 lumen
675 2683 803 2735 amissum
813 2688 877 2734 ante
886 2682 989 2735 dietum
1000 2695 1098 2747 eorpus
1112 2682 1291 2747 reeuperavit.

333 2779 430 2831 XLV.
444 2781 491 2830 De
502 2792 597 2832 oaoeo
609 2779 665 2844 qul
675 2779 784 2831 visum
794 2778 1012 2843 recuperavit.

10 2882 42 2934 cl
96 2876 212 2941 Quidam
222 2880 289 2930 risis
305 2880 542 2934 lleteusiseaeous
554 2893 583 2932 se
596 2879 659 2932 duoi
673 2880 735 2932 ieeit
754 2893 834 2932 eausa
847 2880 999 2933 devotionis
1012 2885 1040 2931 et
1052 2893 1100 2944 spe
1113 2877 1293 2944 recuperandi

62 2979 143 3029 risus
153 2976 187 3029 ad
199 2978 340 3031 eeclesiam
353 2978 438 3030 saneti
450 2977 566 3030 Claudii.
580 2979 630 3041 Qui
653 2992 715 3031 eum
736 2979 992 3044 appropinquasset,
1006 2978 1130 3030 devotius
1151 2991 1165 3028 a
1179 2977 1293 3029 Domino

59 3082 89 3130 et
100 3077 186 3128 beato
202 3076 312 3128 Claudio
332 3076 419 3128 risum
438 3076 589 3141 postulans,
604 3077 693 3142 ipsum
714 3076 742 3127 in
762 3078 916 3142 praesentia
936 3077 1083 3129 multorum
1101 3075 1291 3140 recuperarit:

54 3178 107 3243 qui
121 3174 250 3229 viderunt
262 3188 391 3242 squamas
401 3175 435 3226 ab
447 3176 534 3227 oeulis
546 3177 707 3228 mirabiliter
718 3174 880 3229 defluentes.

73 3275 273 3330 Uti-aenium
285 3275 397 3326 XLVI.
411 3276 457 3326 Do
477 3276 667 3340 presbytero
678 3289 736 3339 per
747 3277 877 3327 boatum
894 3275 1060 3328 claudium
1071 3274 1275 3327 resuscitato.

10 3383 34 3432 ll
90 3378 165 3428 cum
178 3373 319 3439 presbyter
330 3371 440 3439 quidam
453 3373 628 3425 nivernensis
640 3372 758 3426 diocesis
771 3374 800 3425 in
812 3375 941 3425 extremis
951 3379 1102 3439 poneretur
1113 3378 1140 3425 et
1153 3386 1168 3426 a
1181 3375 1296 3425 eircum-

52 3473 201 3528 stantibus
215 3472 404 3524 aestimaretur
415 3478 548 3528 mortuus,
562 3478 589 3524 et
600 3473 675 3525 volut
688 3478 811 3525 mortuus
831 3474 1028 3539 cooperiretur,
1042 3478 1128 3524 mater
1145 3473 1204 3538 ejus
1225 3471 1295 3524 llens

50 3580 82 3628 et
94 3571 237 3638 heiulans,
250 3575 279 3623 et
291 3584 399 3623 servum
412 3571 458 3622 [tei
471 3569 613 3622 Claudium
625 3577 656 3623 ut
667 3573 708 3624 sui
727 3573 922 3624 misereretur·
936 3571 1051 3623 dulciter
1069 3572 1209 3634 inuocans,
1223 3576 1292 3623 nutu
1347 3587 1434 3640 wod,

50 3674 102 3726 liei
118 3670 260 3723 conualuit
272 3674 299 3722 et
311 3669 462 3736 respiravit,
476 3673 502 3721 et
515 3669 549 3722 ad
571 3668 726 3722 reddendas
739 3673 793 3723 ileo
810 3672 909 3738 gratias
921 3677 948 3723 et
965 3671 1022 3723 uiro
1036 3671 1081 3722 bei
1102 3684 1163 3721 eum
1184 3670 1294 3722 sudario
1312 3657 1473 3705 meremur·

47 3769 192 3843 occurrit
205 3768 298 3819 Plures
310 3769 392 3819 etiarn
403 3768 431 3818 in
444 3768 525 3819 simili
537 3768 624 3836 gradu
636 3769 752 3821 salvatos
765 3769 927 3821 audivimus.
988 3785 994 3799 ·

10 3874 29 3925 5
441 3866 569 3917 XLVII.
582 3865 901 3930 Deperioulomaris.

85 3964 210 4030 Quidam
222 3964 304 4016 bomo
316 3964 516 4016 lemovicensis
528 3963 645 4017 diocesis
657 3978 719 4016 eum
732 3965 766 4016 ab
777 3964 968 4031 Hierosolymis
982 3964 1091 4016 rediens
1103 3971 1174 4016 esset
1185 3966 1212 4016 in
1223 3965 1294 4029 navi,

47 4066 200 4119 turbatum
213 4068 253 4114 est
270 4075 345 4114 mare
356 4079 364 4126 ς
377 4062 509 4128 viditque,
522 4076 585 4115 oum
598 4063 727 4115 omnibus
745 4063 806 4115 aliis
823 4064 869 4129 qui
883 4069 962 4115 erant
974 4064 1002 4114 in
1015 4064 1086 4126 nari,
1102 4064 1129 4114 in
1148 4076 1211 4116 aore
1222 4066 1295 4129 jecto

45 4165 196 4216 diametro
208 4174 290 4226 supra
302 4174 399 4213 navem
412 4162 563 4223 inimicum,
576 4163 666 4229 gravis
683 4161 718 4214 ad
737 4161 850 4214 modum
869 4162 952 4214 trabis
971 4162 1123 4215 torcularis.
1139 4163 1214 4214 Unde
1232 4176 1296 4215 eum

48 4264 137 4315 nasis
146 4262 315 4326 jamjamque
330 4261 414 4327 mergi
428 4264 578 4326 putaretur,
592 4261 720 4313 omnibus
733 4265 841 4313 sanctos
854 4261 905 4312 sibi
920 4266 1000 4313 notos
1018 4262 1208 4313 invocantibus
1220 4268 1247 4313 et
1260 4262 1295 4313 de

10 4368 25 4418 b
46 4366 108 4415 sita
123 4373 216 4427 paene
229 4359 446 4424 desperantibus,
461 4361 519 4426 ipse
538 4360 566 4410 in
587 4360 702 4411 extasim
723 4359 820 4411 duetus
841 4365 891 4412 ost.
905 4362 1090 4425 apparuitque
1104 4362 1129 4411 ei
1143 4363 1171 4411 in
1189 4362 1294 4413 risione

48 4464 96 4515 rir
120 4460 170 4512 Dei
193 4458 331 4524 claudius,
351 4458 445 4511 ‹lieens
459 4475 465 4510 :
480 4459 525 4511 Ne
546 4457 656 4511 linteos
669 4475 677 4510 .·
691 4459 771 4511 Deus
791 4458 875 4511 aerim
895 4457 1038 4511 liberabit
1060 4471 1122 4511 uos.
1141 4462 1209 4511 dum
1230 4473 1296 4512 rere

46 4563 227 4628 quaereret:
248 4558 291 4609 Tu
311 4556 382 4623 quis
401 4569 432 4609 es
450 4556 506 4623 qni
524 4555 605 4609 nothi
617 4555 927 4622 toqraere'strespondit
942 4573 947 4608 :
963 4558 1022 4623 Epo
1040 4571 1109 4609 sunt
1131 4557 1294 4611 Claudius.
