3136 5482
360 372 455 422 niun.
475 373 557 423 nan.
578 373 692 422 ranis.
712 395 757 403 —
773 373 926 424 trenno.
946 372 993 421 no
1011 373 1088 422 con.
1107 368 1181 421 oros.
1321 350 1388 431 579

188 538 221 591 3.
234 540 384 592 Beatissimi
398 554 463 609 ergo
483 541 654 595 consessores
673 543 784 596 nomine
805 548 832 594 et
849 541 939 594 studio
950 542 1032 594 vitam
1046 540 1221 607 apostolicam
1235 538 1384 601 imitantes,

142 641 235 692 tanto.
248 648 410 693 meruerunt
430 640 601 710 adhaere[re]
623 642 809 709 apostolorum
830 644 934 696 meritis
954 646 1057 708 quanto
1079 656 1135 694 non
1157 645 1329 694 recesserunt
1352 639 1386 692 ab

140 750 251 792 eorum
264 740 403 808 vestigiis'.
416 741 547 794 Nobiliter
559 740 671 809 quidem
683 742 749 805 nati,
763 746 790 795 et
801 743 830 794 in
842 742 948 795 Christo
959 741 1122 810 regenerati,
1133 746 1213 807 atque
1226 738 1380 804 locupletis·

138 838 227 889 simis
239 838 398 904 parentibus
410 838 527 905 educati,
542 841 672 893 natalium
686 854 799 894 suorum
812 841 955 895 honestam
971 841 1121 894 retinentes
1133 840 1258 904 formam,
1275 850 1383 891 morum

138 937 325 1004 appetierunt
336 938 529 992 honestiorem.
544 939 662 993 puerilia
675 953 794 1007 namque
810 941 871 1006 jura
885 940 1039 993 maturitate
1058 939 1223 994 adornantes
1235 941 1262 991 et
1273 937 1384 989 maturi·

138 1040 236 1090 tatem
248 1038 405 1092 innocentia
418 1045 613 1106 temperantes
635 1045 663 1093 et
683 1041 711 1092 in
732 1039 808 1093 vultu
828 1040 968 1106 simplices
990 1047 1017 1093 et
1029 1040 1058 1092 in
1070 1040 1208 1092 locutione
1220 1038 1384 1092 uidebantur

141 1150 245 1191 senes.
257 1140 362 1192 ‘tenera
384 1139 496 1206 quidem
516 1140 605 1192 adhuc
625 1144 712 1193 aetate
733 1140 910 1193 litteratoriae
930 1139 1091 1207 disciplinae
1109 1139 1273 1205 traduntur;
1287 1137 1384 1191 sedita

138 1250 212 1292 mm
226 1240 345 1291 assecuti
364 1245 428 1292 sunt
448 1252 479 1292 uc
495 1240 517 1292 si
534 1253 592 1293 non
609 1240 746 1293 humanae
766 1240 916 1294 industriae
937 1240 1092 1308 magisterio
1105 1240 1152 1293 sed
1165 1240 1281 1306 Spiritus
1298 1237 1385 1292 sancti

138 1335 244 1390 afflatu
257 1336 433 1391 docerentur.
447 1340 567 1402 Quorum
579 1338 708 1407 magister
719 1339 761 1391 vir
773 1339 970 1391 famosissimus
989 1345 1016 1392 et
1033 1338 1243 1405 eruditissimus,
1258 1336 1383 1390 Budocus

138 1437 273 1500 nomine,
284 1441 360 1489 tanto
373 1450 402 1490 se
415 1421 479 1505 erga
488 1450 539 1490 eos
551 1438 710 1491 devinxerat
721 1451 815 1492 amore
828 1445 961 1505 quantum
973 1438 1142 1505 percipiebat
1155 1450 1254 1504 pueros
1264 1436 1298 1490 ad
1309 1448 1385 1488 exer-

138 1535 211 1589 citia
223 1537 358 1589 virtutum
371 1536 480 1590 florere.
493 1540 546 1590 Nec
559 1537 635 1591 licuit
647 1537 749 1591 diutius
770 1536 907 1591 occultare
923 1539 1012 1591 bonae
1025 1539 1122 1605 segetis
1141 1549 1289 1600 annonam,
1301 1548 1383 1602 qnam

138 1634 326 1688 ordinaverat
336 1642 447 1689 aeterna
459 1637 597 1703 Sapientia
610 1637 638 1689 in
651 1649 746 1689 eorum
759 1637 897 1690 mentibus
910 1636 1138 1690 fructificandam.
1153 1638 1183 1689 ln
1201 1636 1268 1703 ipsis
1280 1633 1382 1688 etenim

138 1735 285 1800 pueritiae
296 1735 424 1801 auspiciis
436 1736 563 1803 apparuit
571 1748 654 1802 quam
662 1736 781 1804 gloriose
791 1737 863 1789 inter
873 1743 1038 1791 coaetaneos
1048 1748 1112 1790 suos
1122 1735 1212 1789 divina
1222 1734 1309 1804 gratia
1320 1733 1382 1786 illos

138 1835 299 1888 sublimare
311 1835 404 1889 voluit.

171 1935 209 1988 4.
224 1933 347 1998 Quadam
368 1949 489 2003 namque
509 1937 563 2003 die,
585 1937 651 1990 dum
672 1938 768 1992 turbae
786 1936 963 1990 scholasticae
986 1937 1092 2003 puerile
1112 1949 1227 1990 examen
1248 1934 1378 1988 velutad

138 2033 313 2087 recreandos
332 2035 439 2088 animos
459 2036 593 2102 spatiandi
614 2037 723 2091 licentia
744 2042 854 2101 accepta
872 2037 945 2090 toras
958 2036 1126 2103 procederet,
1141 2036 1299 2089 ludentibus
1316 2033 1377 2087 aliis

138 2137 237 2200 atque,
259 2137 340 2198 prout
357 2134 506 2201 unicuique
528 2136 636 2188 animus
656 2143 724 2200 erat,
747 2137 775 2188 in
796 2136 904 2188 diversa
925 2136 1046 2200 intentis,
1068 2135 1181 2204 contigit
1202 2141 1228 2187 et
1248 2132 1380 2201 gemellos

138 2238 254 2286 nostros
264 2232 336 2285 inter
344 2239 450 2287 ceteros
459 2235 534 2288 exire
543 2240 569 2287 et
578 2241 709 2288 exeuntes
718 2249 830 2288 caecum
840 2248 988 2302 pauperem
998 2236 1106 2287 obviam
1118 2235 1227 2287 habere.
1238 2233 1287 2298 Qui
1300 2245 1377 2286 more

138 2331 233 2396 solito,
245 2335 278 2383 ut
290 2333 440 2386 necessitas
450 2334 572 2401 urgebat,
586 2334 704 2387 clamosa
722 2346 788 2387 voce
804 2337 835 2386 ut
852 2347 867 2385 a
886 2334 1092 2386 transeuntibus
1104 2333 1291 2399 elemosynam
1304 2331 1371 2384 acci·

138 2433 220 2494 peret
231 2430 385 2484 infestabat.
408 2434 492 2496 Quem
513 2433 626 2499 praefati
648 2434 744 2486 tratres
756 2433 913 2486 columbina
924 2438 955 2485 ut
966 2437 1045 2485 erant
1054 2433 1225 2498 simplicitate
1238 2431 1370 2497 aspicien-

138 2530 188 2593 tes,
200 2535 231 2581 et
242 2529 321 2595 quasi
334 2528 432 2583 eodem
444 2532 555 2598 aspirati
573 2529 670 2585 affectu
694 2529 855 2584 accedentes
875 2531 908 2583 ad
930 2519 1003 2593 eum,
1022 2530 1091 2582 alter
1102 2530 1212 2583 illorum
1226 2530 1308 2582 saliva
1324 2541 1373 2581 sua

138 2628 235 2681 oculos
247 2630 309 2694 ejus
321 2629 433 2692 liniens,
447 2630 515 2683 alter
527 2631 635 2699 signum
648 2631 738 2683 crucis
750 2631 947 2696 superiaoiens,
961 2631 990 2682 in
1003 2631 1091 2684 locum
1109 2629 1237 2696 stipendii
1250 2628 1372 2682 reddide-

139 2733 205 2780 nmt
218 2726 312 2780 videre
325 2729 462 2783 clamanti.
475 2730 527 2784 Sed
549 2743 623 2795 mox,
647 2744 682 2784 ne
694 2731 777 2799 agniti
791 2729 1034 2796 deprehendantur
1046 2731 1097 2783 hoc
1110 2731 1216 2795 iecisse,
1231 2729 1374 2796 auhtgiunt

139 2831 164 2878 et
175 2827 252 2879 intra
265 2827 446 2882 claustrorum
459 2830 572 2883 latibula
583 2830 704 2883 velocius
722 2844 783 2883 sese
795 2831 939 2896 recipiunt.
960 2829 1012 2882 Sed
1031 2830 1096 2896 quid
1109 2829 1193 2882 valuit
1212 2829 1306 2881 lumen
1324 2828 1371 2880 ab·

141 2925 362 2994 sconderequod
373 2928 464 2982 nullae
473 2929 594 2983 latebrae
603 2934 719 2996 possunt
732 2929 896 2982 obscuraret
904 2927 1031 2982 Gaudetis
1040 2930 1114 2981 eninr
1124 2929 1171 2995 qui
1181 2940 1277 2981 caecus
1288 2926 1375 2980 hierat

142 3021 194 3077 ibat
218 3032 247 3079 et
256 3027 381 3080 exultans
392 3026 593 3082 illuminatores
603 3041 667 3082 suos
679 3033 780 3096 quanta
793 3033 900 3095 poterat
913 3028 1107 3081 vociteratione
1120 3027 1258 3081 laudabat.
1278 3029 1372 3094 stupe

142 3123 296 3194 lactisergo
308 3125 338 3179 in
358 3127 483 3180 miraculi
505 3128 691 3196 magnitudine
713 3129 793 3180 sociis
815 3127 888 3180 etde
909 3127 1058 3193 improviso
1070 3126 1223 3193 spectaculo
1238 3126 1273 3179 ad
1293 3127 1374 3194 magi-

141 3231 225 3278 strum
246 3226 388 3294 regressis,
402 3228 490 3293 coepit
508 3229 566 3294 ipse
581 3229 720 3296 inquirere
740 3229 802 3295 quis
823 3228 933 3282 illorum
950 3232 1022 3280 esset
1036 3228 1079 3280 cni
1094 3238 1259 3281 concessum
1272 3228 1306 3279 sit
1318 3233 1373 3279 tam

139 3325 263 3378 mirabile
272 3338 340 3391 opus
350 3327 448 3380 iacere.
459 3327 598 3381 Adductns
611 3335 703 3381 autem
716 3328 745 3380 iu
757 3327 847 3380 medio
857 3329 900 3381 cui
913 3328 987 3379 visus
1000 3325 1124 3379 redditus
1137 3326 1236 3391 inerat,
1250 3331 1276 3378 et
1286 3326 1372 3378 bene·

142 3422 258 3476 factores
269 3437 335 3477 suos
356 3439 572 3493 recognoscens:
587 3427 646 3480 Isti
663 3429 748 3491 sunt,
771 3427 859 3492 coepit
869 3425 970 3491 dicere,
979 3437 1040 3492 per
1050 3436 1125 3491 quos
1138 3424 1247 3478 divina
1258 3425 1368 3495 pratia

138 3520 387 3588 medipnataest
408 3537 535 3578 sanare.
552 3524 646 3578 Pudici
668 3539 731 3579 vero
752 3525 831 3590 pueri
853 3529 881 3577 et
901 3523 1024 3577 confiteri
1048 3524 1155 3587 nolunt,
1177 3528 1205 3575 et
1229 3523 1372 3577 veritatem

138 3622 253 3675 omnino
264 3636 320 3675 non
334 3624 392 3677 ausi
406 3637 515 3692 negare,
528 3630 583 3677 tam
601 3631 725 3678 sanctum
744 3623 918 3678 latrocinium
938 3628 1112 3689 perpetrasse
1134 3622 1273 3691 redarguti
1296 3630 1371 3676 sunt.

138 3721 196 3783 Quo
208 3720 279 3774 iacto
291 3734 347 3774 non
359 3721 485 3776 elatiores
496 3722 545 3775 sed
558 3724 717 3778 humiliores
729 3724 803 3789 sacti,
814 3729 916 3790 quanta
929 3727 1043 3788 possunt
1056 3722 1156 3775 vilitate
1170 3735 1230 3775 sese
1238 3727 1370 3788 appetunt

140 3817 223 3871 deici.
457 3827 460 3831 ·

173 3917 205 3970 ὅ.
225 3918 328 3972 beinde
349 3921 582 3989 transgredientes
595 3923 623 3974 in
632 3923 783 3988 juventutis
801 3935 888 3975 annos
898 3922 1010 3987 jamque
1023 3922 1107 3989 magis
1126 3922 1266 3989 magisque
1288 3922 1369 3974 robu-

139 4016 246 4083 stiores,
260 4017 296 4068 ita
308 4016 459 4084 disponunt
470 4025 553 4072 totam
568 4020 664 4072 mundi
680 4019 888 4073 delectationem
904 4020 1011 4072 abicere
1024 4023 1054 4070 ut
1066 4019 1192 4085 princeps
1205 4018 1299 4076 mundi
1314 4019 1373 4072 nul·

139 4115 196 4168 lum
208 4127 257 4168 eos
268 4117 415 4169 seducendi
428 4117 531 4170 aditum
544 4119 632 4171 valeat
644 4119 777 4171 invenire.
786 4118 902 4184 iejuniis
914 4118 1028 4178 assidui,
1042 4116 1142 4186 vigiliis
1154 4118 1261 4181 intenti,
1276 4118 1373 4170 oratio·

139 4214 221 4267 nibus
240 4214 336 4280 dediti,
357 4217 481 4269 omnium
504 4219 634 4270 virtutum
661 4217 750 4271 studia
774 4217 933 4270 adamantes
958 4223 985 4270 et
1008 4218 1138 4270 uirtutum
1163 4218 1262 4270 lamam
1295 4218 1372 4283 quasi

138 4326 275 4367 venenum
284 4314 428 4381 fugientes,
438 4317 644 4370 misericordiae
655 4331 719 4370 vero
732 4330 814 4384 opera
822 4331 854 4370 eo
865 4317 946 4370 modo
956 4316 1067 4369 actitare
1076 4317 1235 4384 satagebant
1244 4317 1372 4382 quatinus

138 4425 201 4480 erga
214 4426 350 4480 pauperes
361 4415 451 4468 verbis
463 4421 627 4482 apparerent
639 4418 767 4469 causativi
782 4422 809 4469 et
820 4417 936 4469 latenter
949 4417 1134 4482 elemosynam
1153 4415 1301 4469 tribuendo
1313 4429 1373 4468 sen·

138 4512 255 4565 tirentur
265 4513 419 4581 largissimi.
432 4514 485 4567 Sed
497 4529 546 4581 pro
558 4515 748 4570 aedificatione
761 4521 915 4570 ceterorum
935 4529 991 4569 non
1010 4515 1133 4581 permisit
1151 4515 1243 4569 divina
1261 4517 1371 4569 bonitas

138 4615 243 4664 tantum
255 4611 350 4664 lumen
362 4613 459 4678 reponi
471 4614 523 4666 sub
538 4612 640 4667 modio.

1410 732 1498 787 'cod
1512 734 1560 786 im·

1405 797 1566 854 mundiciis.
