3156 5452
242 363 244 366 ⁴
300 382 395 432 sven.
415 382 499 433 nur.
517 380 632 432 rents.
654 379 868 432 -serarvn,
888 381 935 431 aa
952 379 1031 432 oon.
1051 381 1167 434 aeeon.
1284 366 1350 437 357

140 560 201 610 tam
213 560 241 609 et
252 569 282 609 se
293 556 363 609 vitae
377 555 448 609 ielici
470 557 681 610 commutatione
703 554 908 609 commendans.
923 555 1010 621 Ipsius
1022 555 1133 622 quidem
1155 569 1256 622 corpus
1271 557 1350 610 inhu·

140 660 223 709 ratum
236 668 293 708 non
306 655 391 708 fetore
412 656 531 722 corrupti
554 656 693 708 cadaveris
705 653 755 707 sed
767 659 919 708 aromatum
931 654 1061 707 suavitate
1073 654 1217 721 fragrabat.
1232 657 1351 709 Concur-

140 760 183 808 rnt
197 754 321 822 undique
342 755 434 822 populi
456 754 489 807 ad
511 761 565 806 tam
588 753 745 807 venerabile
766 753 857 816 iunus,
871 751 1046 805 lacrimarum
1068 753 1185 807 lamenta
1200 757 1349 819 portantes,

140 867 174 908 on
187 855 281 908 minus
293 854 424 924 singulari
438 854 489 918 [sui
510 855 641 920 ipsorum]
652 852 796 920 dispendio
817 865 898 918 quam
912 851 1070 905 decedentis
1083 850 1192 906 affectu.
1205 853 1246 905 vit
1258 866 1350 919 proce·

140 952 194 1004 bus
205 965 240 1005 ex
260 957 385 1006 contactu
401 951 543 1005 domestici
564 952 703 1020 sanguinis
724 966 805 1006 causa
823 965 879 1005 non
901 956 1004 1004 remota
1025 951 1146 1017 doloris;
1160 953 1254 1005 matris
1265 953 1350 1007 ubera

140 1049 197 1104 rior
209 1049 296 1117 plebis
309 1049 467 1116 illacrimat;
482 1050 626 1116 deplorant
637 1063 788 1117 pauperum
802 1050 886 1103 latera
914 1055 1057 1103 secuturae
1075 1051 1205 1104 nuditatis
1222 1050 1349 1118 injuriam

140 1164 144 1201 ·.
155 1150 305 1216 collapsam
318 1149 459 1216 adjutricis
472 1163 582 1203 manum
593 1150 716 1204 incurata
725 1149 820 1204 dolent
831 1151 923 1203 ulcera
932 1150 1103 1216 leprosorum
1113 1168 1121 1216 ;
1133 1151 1234 1218 plangit
1245 1151 1349 1219 religio,

140 1250 192 1315 »gio
204 1248 282 1319 quasi
294 1247 404 1300 viduata
417 1252 568 1314 torquetur,
583 1254 610 1299 et
622 1252 707 1301 matre
720 1249 874 1301 communis
893 1248 1082 1301 subventionis
1103 1250 1231 1314 extincta,
1245 1248 1349 1302 tristem

140 1348 252 1402 meroris
265 1349 393 1401 eventum
406 1360 462 1400 non
474 1361 556 1400 sexus
569 1360 624 1400 non
637 1347 762 1401 condicio
776 1347 931 1401 declinavit.

153 1450 186 1502 6.
199 1450 273 1501 lnter
285 1448 404 1500 lamenta
425 1448 590 1514 plorantium
610 1453 636 1501 et
648 1449 740 1501 tristes
751 1448 925 1516 jubilantium
944 1461 1023 1503 voces
1035 1450 1122 1503 votiva
1135 1448 1252 1503 laetitiae
1269 1463 1351 1503 causa

140 1547 276 1612 accrescit,
289 1547 381 1612 priora
402 1546 523 1599 fomenta
544 1547 611 1600 tanti
630 1546 733 1601 doloris
753 1547 938 1615 exstinguens,
952 1547 1017 1600 dum
1031 1547 1220 1600 sanctissimae
1232 1549 1350 1602 feminac

140 1662 219 1715 orpus
239 1648 372 1714 stupenda
394 1648 587 1702 miraculorum
608 1649 728 1703 novitate
751 1661 908 1714 coruscans,
921 1654 951 1701 ut
963 1648 1144 1702 miserationis
1155 1649 1268 1716 viscera,
1282 1663 1353 1716 quae

144 1762 191 1803 rca
203 1749 344 1816 proximos
356 1749 451 1802 vivens
463 1749 596 1814 exercuit,
610 1762 661 1802 nec
673 1753 780 1801 mortua
792 1748 920 1802 claudere
932 1749 1080 1802 videretur.
1094 1749 1167 1802 later
1180 1749 1254 1802 varia
1265 1749 1351 1817 siqui·

140 1863 182 1903 ern
194 1848 389 1903 admonitionis
410 1849 594 1917 praerogativa
618 1848 738 1903 notanda
758 1862 844 1915 planca
864 1847 898 1902 de
919 1848 1012 1901 multis
1033 1849 1228 1902 fastidientium
1243 1848 1350 1902 aurium

140 1952 240 2002 vsumat
259 1946 376 2001 auditus.
391 1948 584 2013 llarcinanum‚
598 1946 768 2001 coloniensis
788 1947 932 2013 dioecesis,
946 1949 1024 2013 cujus
1042 1948 1132 2001 anima
1144 1947 1233 2001 iuerat
1243 1953 1350 2002 extorta

140 2045 278 2115 rspendio‚
291 2047 326 2100 de
338 2047 459 2113 patibulo
471 2046 505 2099 ad
518 2046 707 2113 sepeliendum
728 2046 893 2113 depositum,
906 2047 1043 2100 Elisabeth
1066 2046 1229 2113 beatissima,
1243 2049 1352 2114 propin·

140 2160 237 2202 uorum
250 2147 324 2200 illius
340 2147 462 2199 invocata
477 2147 605 2213 lacrimis,
619 2161 634 2199 a
655 2148 768 2201 mortuis
790 2147 938 2201 suscitavit.
948 2150 1078 2210 loannes,
1091 2147 1261 2214 llaguntlnae
1279 2147 1351 2202 dioe-

140 2249 199 2312 esis,
214 2260 363 2314 suspensus
375 2247 484 2314 laqueo,
498 2246 582 2299 tracto
595 2247 660 2300 lune
673 2247 797 2314 patibuli,
811 2247 1013 2301 interventione
1029 2247 1160 2299 liberatur
1172 2247 1267 2314 ipsius.
1278 2248 1350 2300 wes-

140 2346 224 2400 lnum
242 2359 369 2412 puerum,
382 2346 552 2414 llaguntinae
564 2344 708 2409 dioecesis,
720 2346 755 2398 ad
769 2348 861 2400 matris
881 2350 975 2400 votum
992 2351 1020 2399 et
1040 2346 1167 2399 lacrimas
1179 2347 1318 2401 suscitavit
1334 2360 1350 2400 a

140 2452 218 2499 rorte.
233 2445 360 2498 tierricus
372 2458 451 2510 puer,
471 2448 594 2498 mortuus
611 2445 738 2499 inventus
758 2446 787 2497 in
806 2445 928 2513 humine,
942 2445 1027 2512 ipsius
1049 2446 1220 2499 invocatione
1241 2444 1349 2499 revixit.

139 2543 305 2598 urchardum
326 2545 489 2609 scholarem,
501 2543 675 2598 submersum
689 2545 717 2597 in
729 2557 799 2612 aqua
820 2558 883 2598 oum
902 2545 937 2598 ad
950 2543 1112 2610 piscandum
1132 2524 1266 2613 pergeret,
1280 2558 1350 2599 mor·

140 2659 196 2700 rum
217 2646 365 2699 suscitavit.
379 2648 448 2698 Puer
463 2645 584 2713 quidam,
598 2650 721 2698 mortuus
740 2646 775 2699 de
788 2646 881 2699 matris
896 2651 976 2699 utero
988 2651 1046 2699 arte
1058 2644 1213 2699 obstetricis
1224 2645 1348 2711 eductus,

140 2743 225 2810 lejus
252 2744 450 2796 invocationem
472 2744 595 2810 spiritum
617 2744 687 2798 vitae
708 2745 835 2811 suscepit.
849 2744 1016 2798 Gotetridum
1036 2757 1162 2811 puerum,
1180 2745 1351 2799 coloniensis

139 2845 266 2910 ioeoesis,
280 2845 453 2898 submersum
464 2846 492 2897 in
501 2851 582 2912 puteo
592 2843 658 2898 dum
671 2857 770 2912 aquam
783 2845 913 2908 hauriret,
922 2846 978 2912 jam
991 2849 1128 2901 mortuum
1141 2844 1210 2899 vitae
1224 2844 1351 2898 restituit.

140 2941 280 3010 edericus,
289 2943 461 3010 llaguntinae
472 2942 613 3005 dioecesis,
626 2942 746 2996 existens
767 2943 795 2995 in
812 2943 920 3012 balneo,
933 2942 1000 2996 dum
1017 2942 1119 2996 ibidem
1131 2955 1279 3010 pauperem
1296 2943 1352 2996 bal-

141 3047 263 3106 eantem,
279 3054 361 3108 quem
382 3042 461 3095 beata
481 3042 617 3095 Elisabeth
640 3042 851 3103 illuminaverat,
865 3042 955 3096 verbis
968 3046 995 3096 et
1010 3042 1171 3096 verberibus
1183 3039 1350 3108 offendisset,

140 3142 227 3208 dejus
247 3146 358 3195 sanctae
378 3140 589 3206 invocationem,
603 3154 672 3208 quae
694 3143 723 3194 in
744 3154 864 3209 paupere
873 3141 1036 3196 credebatur
1056 3140 1169 3208 offensa,
1183 3141 1272 3196 subito
1285 3142 1348 3196 sub·

140 3252 229 3294 tersus
241 3246 283 3293 est
295 3246 322 3293 et
333 3241 503 3306 praefocatus
516 3242 544 3293 in
562 3254 633 3309 aqua
646 3260 653 3308 ;
669 3242 738 3296 iacto
751 3246 842 3295 tamen
854 3246 916 3296 voto
929 3255 944 3295 a
956 3243 1117 3307 parentibus
1128 3247 1156 3296 et
1171 3255 1266 3306 uxore,
1280 3254 1351 3296 rnor-

140 3353 185 3393 1us
206 3341 346 3394 restitutus
366 3346 406 3393 est
425 3342 505 3395 vitae.
527 3341 679 3407 herricum,
692 3342 863 3410 llaguntinae
875 3342 1018 3407 dioecesis,
1037 3342 1114 3408 cujus
1136 3342 1255 3394 animam
1275 3345 1353 3394 acuta

140 3439 207 3493 chris
227 3445 385 3507 extorserat,
400 3445 537 3494 mortuum
557 3440 705 3494 suscitavit.
723 3442 870 3496 llonachus
891 3440 1012 3508 quidam,
1026 3441 1158 3494 ilenricus
1180 3441 1301 3507 nomine,
1318 3439 1354 3494 de

139 3538 256 3592 exoniae
268 3538 398 3605 partibus,
408 3540 503 3592 morbo
515 3539 656 3606 epileptico
669 3539 802 3608 fatigatus,
815 3540 843 3592 in
856 3539 960 3593 somnis
972 3538 1127 3593 admonitus
1140 3538 1276 3592 Elisabeth
1287 3539 1353 3592 bea-

140 3638 243 3691 ssimae
255 3651 285 3691 se
297 3637 413 3699 devovit,
426 3644 453 3691 et
474 3640 612 3692 restitutus
633 3645 674 3692 est
694 3640 821 3706 sanitati;
835 3640 888 3693 voti
908 3639 1069 3693 executione
1091 3639 1183 3703 dilata,
1197 3638 1353 3693 recidivavit

140 3750 152 3789 v
174 3735 266 3801 idern3
280 3737 390 3791 tandem
411 3738 499 3791 soluto
521 3744 582 3792 voto
604 3738 768 3792 benellcium
790 3741 912 3807 integrae
932 3739 1056 3793 sanitatis
1076 3740 1189 3805 accepit.
1211 3737 1352 3793 Ebcreldis

140 3836 232 3902 mlier,
245 3837 416 3903 llaguntinac
428 3837 570 3903 dioecesis,
585 3839 719 3892 luminum
733 3840 862 3893 caecitate
874 3852 1011 3906 pereussa,
1022 3840 1109 3893 soluto
1122 3846 1184 3892 voto
1196 3838 1270 3906 quod
1283 3838 1354 3891 iece-

140 3940 174 4004 at,
184 3938 262 4003 juxta
275 3936 360 4002 ipsius
381 3937 537 4003 sepulcrum
558 3938 677 3992 officium
698 3938 808 3992 videndi
833 3939 988 4005 resumpsit.
1002 3939 1143 3991 Gertrudis
1164 3939 1254 4004 puella
1273 3937 1354 3991 unius

140 4035 194 4089 culi
206 4037 305 4099 visum,
319 4048 374 4102 quo
387 4049 436 4103 per
449 4036 597 4090 triennium
610 4039 714 4104 privata
726 4040 823 4102 tuerat,
837 4038 895 4105 ipsa
908 4038 1070 4104 implorante
1083 4038 1189 4106 recipit,
1201 4037 1261 4090 visu
1271 4050 1354 4104 quam

141 4134 246 4187 turibus
258 4134 346 4186 caecis
367 4136 427 4200 ejus
448 4136 553 4188 meritis
576 4137 709 4190 restituto.
724 4137 840 4191 Gibbosa
862 4137 961 4190 mulier
974 4136 1126 4200 Gerdruda,
1139 4136 1173 4189 ad
1193 4137 1251 4203 ejus
1264 4135 1353 4188 delata

140 4233 288 4298 epulorum,
299 4237 339 4283 est
352 4234 475 4284 restituta
488 4234 577 4286 saluti.
601 4236 719 4302 Benigne
738 4235 844 4301 mulier,
869 4236 1041 4301 llaguntinae
1062 4234 1204 4297 dioecesis,
1218 4246 1233 4285 a
1245 4232 1353 4285 daemo-

140 4333 169 4384 .io
179 4331 297 4397 graviter
309 4331 429 4393 obsessa,
444 4338 564 4385 curatur.
578 4336 648 4385 llaec
667 4333 801 4399 siquidem
825 4339 901 4385 curat
923 4333 1094 4399 hydropicos
1105 4333 1233 4385 obsessos
1245 4332 1352 4397 liberat,

140 4431 212 4483 accis
234 4431 333 4489 visum,
347 4430 437 4482 surdis
459 4431 592 4498 auditum,
606 4432 710 4485 claudis
730 4446 864 4499 gressum,
879 4433 961 4484 mutis
982 4432 1117 4498 loquelam
1138 4431 1354 4498 interpellatione

140 4531 261 4595 oncedit,
276 4531 357 4582 variis
375 4530 493 4584 detentis
506 4532 683 4600 languoribus
696 4538 803 4598 optatae
817 4533 911 4586 salutis
922 4532 1087 4586 beneficium
1100 4533 1250 4602 largiendo.

159 4631 190 4683 7.
204 4630 250 4683 llis
265 4636 356 4684 autern
370 4631 524 4696 praedictus
535 4633 709 4686 venerandus
727 4633 839 4686 antistes
852 4632 904 4687 tide
923 4632 1067 4700 dignorum
1085 4633 1193 4687 testium
1206 4631 1355 4687 assertione
