3136 5482
182 336 249 401 420
525 348 649 400 curru.
669 348 771 398 oouu.
790 348 963 400 usercen.
982 348 1064 400 mr.

187 519 330 572 Videbam
353 521 469 584 autem,
482 517 528 583 uit,
541 529 636 584 super
653 519 749 584 caput
770 530 872 570 nisum
892 517 993 571 tribus
1012 517 1107 585 qsrasi
1120 517 1270 585 motibus
1286 516 1380 586 inferni

97 609 100 614 ’
175 619 288 684 patere
300 616 445 682 abyssum
464 617 493 668 et
514 614 614 668 tribus
631 626 763 668 rursum
772 613 924 682 pratibus
941 614 1148 682 flanomarum
1157 614 1260 683 plobos
1270 627 1379 671 actm

179 717 362 784 aereusque
374 715 417 770 acl
428 716 561 770 caelum.
575 715 653 769 inae
663 713 744 783 fetor
757 714 977 785 intolerabilis,
989 714 1184 783 sulphureus
1195 715 1276 784 ipnic
1285 715 1378 786 sunus

179 828 238 883 que
253 815 445 882 niperrimus
451 813 660 881 procedebant
671 826 709 868 ac
716 813 908 881 peccatrices
920 812 1046 868 animas
1057 813 1240 884 indisereta,
1253 814 1333 869 imno
1342 813 1377 866 in·

177 915 291 968 ondita
302 914 432 968 miseria
444 913 639 968 cruciabant.
652 914 739 966 inter
746 913 893 980 plurima
904 912 1024 967 diuersi
1038 915 1164 981 ueneris
1180 913 1327 984 supplicio
1338 912 1398 979 epot

177 1015 244 1081 ipse
257 1013 489 1078 aivinojuaieio
501 1014 682 1082 damnatus,
693 1013 753 1067 beu
759 1025 821 1081 pro
832 1014 943 1069 dolor!
955 1014 1065 1082 locum,
1078 1014 1183 1069 sedem
1194 1027 1232 1071 ac
1242 1013 1376 1069 statim

177 1126 367 1181 acceperam.
381 1113 505 1168 Flebam
525 1125 597 1181 erpo
614 1111 879 1167 vebernmtissime
891 1116 922 1168 et
940 1112 979 1167 ab
996 1113 1098 1168 oculis
1118 1114 1197 1169 meis
1212 1110 1376 1182 ttuebuttin

174 1214 333 1266 cessanter
355 1212 515 1267 lacrimae.
532 1212 665 1279 Cumque
686 1211 736 1265 lits
756 1211 896 1280 undique
911 1211 1070 1278 anqustiis
1081 1208 1375 1281 concludemnbito

175 1312 326 1379 apparuit
337 1312 439 1365 mirae
450 1312 611 1366 claritatis
623 1313 763 1379 angulus,
782 1311 838 1379 qui
849 1324 897 1365 me
907 1311 993 1366 aierit
1004 1323 1070 1366 esse
1079 1323 1140 1379 pro
1151 1324 1212 1379 quo
1222 1312 1318 1366 oraret
1327 1308 1374 1363 boo·

175 1413 226 1464 tus
237 1410 394 1480 Amulius
407 1410 518 1465 laicus.
532 1412 571 1463 ln
591 1411 656 1465 ictu
668 1423 740 1465 oero
751 1410 837 1465 oculi
847 1422 976 1464 sursum
994 1423 1044 1464 me
1062 1410 1181 1465 entulit
1191 1414 1222 1465 et
1232 1411 1273 1466 orl
1288 1419 1375 1477 corpu
1384 1403 1404 1456 ¹⁸

172 1509 241 1564 sine
256 1522 345 1563 mora
365 1509 504 1563 reducit.
522 1509 615 1576 Cetius
636 1509 685 1563 rei
696 1508 772 1563 baec
793 1523 858 1563 una
881 1521 981 1564 causa
993 1509 1172 1565 testimonio
1193 1513 1248 1580 est,
1260 1509 1329 1579 quoi
1340 1519 1375 1562 m

172 1608 277 1662 viuum
289 1621 327 1663 ac
333 1587 492 1676 pristinae
504 1589 717 1663 incolumitati
728 1609 886 1662 redditum
891 1621 953 1677 per
960 1609 1168 1677 redemptoris
1176 1611 1238 1666 mei
1245 1609 1371 1677 nemun

172 1707 259 1762 beate
264 1706 421 1776 pontisera,
435 1708 530 1762 vides.

204 1805 254 1860 10.
273 1808 417 1872 Postquam
440 1806 521 1873 igitur
543 1806 633 1858 verbis
657 1805 741 1859 tinem
763 1806 862 1872 posuit,
884 1806 979 1860 beatus
1002 1807 1043 1860 vir
1063 1807 1230 1874 apostolicus
1251 1806 1371 1875 nenipn.

174 1904 290 1958 nimium
303 1918 385 1972 super
406 1907 472 1958 haec
484 1905 594 1973 gavisus
615 1919 646 1959 ac
666 1905 713 1958 bei
732 1904 949 1960 misericordiam
961 1907 990 1958 in
1003 1919 1112 1960 servum
1125 1920 1205 1960 suum
1219 1913 1270 1961 tum
1281 1904 1401 1962 amitit

172 2006 273 2058 indicio
295 2003 419 2059 diffusam
440 2005 617 2058 vehementer
641 2005 768 2071 miratus,
787 2018 934 2060 conversus
958 2005 991 2058 aii
1012 2006 1123 2060 beatum
1145 2006 1284 2061 Amulium
1299 2006 1370 2060 dixit:

173 2104 270 2171 Disce,
286 2103 449 2158 carissime
468 2103 528 2171 fili,
543 2105 576 2156 in
591 2103 783 2159 humilitatis
800 2117 921 2172 semper
941 2105 1085 2161 crrstootta
1102 2106 1204 2160 teneri
1213 2109 1243 2161 et
1262 2105 1369 2161 intentet

169 2204 309 2272 pratiam
325 2216 431 2259 coram
443 2203 618 2258 bominibus
629 2207 659 2259 et
671 2205 791 2273 anpelis
803 2205 868 2259 Dei.
887 2205 1038 2261 Timorem
1053 2205 1172 2261 Christi
1181 2215 1369 2276 seruperprot

165 2301 323 2370 ponetibi,
336 2303 412 2371 quia
431 2302 559 2357 initium
579 2303 754 2370 sapientiae
774 2302 868 2358 timor
886 2304 1019 2358 Domini.
1037 2303 1185 2360 Gratiam
1204 2318 1293 2374 quam
1308 2313 1369 2359 ocor

167 2402 247 2469 pisti
265 2403 332 2456 noli
350 2405 518 2471 nepuoeru
531 2405 561 2457 et
583 2406 619 2457 nt
637 2403 672 2457 in
688 2403 801 2457 melius
822 2403 874 2457 elie
892 2416 930 2458 ac
949 2407 1038 2459 nocte
1052 2405 1208 2474 proficias
1228 2398 1399 2460 virbium!

170 2501 256 2556 omni
267 2502 420 2557 instantia
432 2503 694 2572 catapenmicam
706 2503 833 2557 uirtutis
839 2507 1061 2572 paupertatem
1072 2506 1171 2575 diltpe
1181 2519 1219 2563 ac
1224 2515 1368 2575 pam

165 2612 226 2666 pro
237 2599 325 2654 nobis
340 2599 494 2656 christum
502 2615 629 2669 pauper
641 2603 707 2670 ipse
719 2616 757 2658 ac
774 2603 879 2658 nuans
890 2617 1027 2672 sequere.
1042 2605 1212 2661 considero
1222 2618 1290 2661 ocro
1298 2612 1369 2673 oum

169 2699 253 2753 nihil
275 2700 317 2753 sit
334 2701 415 2767 quoa
436 2701 551 2755 transit
570 2705 712 2771 siquam
733 2702 822 2758 breue
837 2716 875 2758 ac
894 2703 1013 2773 frapile
1031 2706 1114 2774 quoa
1133 2708 1282 2763 monterio
1296 2701 1368 2758 uniit

169 2798 265 2853 borae
275 2797 401 2866 auferri
406 2800 518 2867 possit.
532 2802 706 2856 Recordare
726 2803 803 2870 quid
819 2803 928 2871 fideles
943 2803 1060 2859 obruti
1073 2806 1225 2860 maceriis
1236 2800 1368 2860 interimi

168 2900 225 2951 aut
237 2896 312 2962 quid
332 2900 554 2964 contemptores
566 2899 632 2964 seius
643 2901 795 2968 supplicii
813 2903 993 2970 adquirant.
1008 2903 1065 2958 llli
1082 2904 1235 2973 enimpro
1247 2892 1400 2970 terrim!

168 2995 248 3049 libus
268 2996 457 3063 sempiterno
478 2997 556 3051 bona
577 3002 778 3065 mercantur‚·
798 3000 852 3054 isti
872 3004 977 3054 autem
993 3013 1055 3068 pro
1076 3002 1224 3070 supernis
1243 3006 1367 3054 mensuit

163 3094 232 3146 sine
254 3095 317 3162 fine
340 3098 426 3150 mala
445 3098 677 3165 adipiscuntur.
699 3101 776 3155 illos
793 3101 944 3155 Dominus
965 3101 1000 3155 in
1017 3101 1181 3167 jolaicium
1201 3100 1368 3164 uenierunt!

162 3194 416 3246 mansuetndinis
437 3196 596 3250 lenitatem
617 3197 876 3265 temonem-istos
891 3212 952 3266 per
973 3198 1243 3266 districtijuclicii
1262 3203 1366 3253 evum

163 3292 265 3343 terret.
285 3292 327 3344 Tu
348 3292 462 3360 itaque,
475 3295 575 3350 amice
595 3297 767 3363 carissime,
786 3311 906 3366 semper
927 3299 960 3352 in
982 3299 1089 3354 animo
1109 3298 1255 3354 caelestia
1273 3291 1365 3351 teneti

161 3391 285 3442 terrena
297 3392 382 3445 uelut
393 3394 513 3448 cadurca
526 3396 695 3462 vilipemle.
709 3397 777 3451 Non
790 3401 819 3452 te
835 3401 956 3453 occulta
969 3399 1064 3466 limus
1082 3398 1165 3468 facti
1183 3397 1308 3466 decipiat
1316 3383 1398 3445 nti-⁹

162 3486 244 3555 bitio,
257 3491 311 3542 secl
323 3491 364 3545 clo
374 3493 512 3558 pluriam
528 3497 558 3547 et
574 3494 720 3550 bonorem
733 3498 792 3551 Deo
804 3499 977 3552 secundum
988 3499 1070 3567 quod
1083 3499 1262 3567 Scripturas
1272 3491 1365 3549 licitur

164 3588 337 3644 testimonio
351 3609 359 3645 :
374 3609 384 3640 i
400 3593 468 3646 Non
480 3593 575 3662 nobis,
589 3596 643 3649 sed
655 3596 776 3650 nomini
789 3599 841 3651 tuo
853 3598 896 3651 cla
905 3598 1053 3665 pluriam.
1070 3615 1080 3647 i

196 3690 241 3741 11.
256 3691 302 3742 llis
313 3691 349 3742 ita
361 3692 480 3744 dimissis
501 3693 644 3749 instruitur
664 3696 767 3764 grande
789 3697 953 3763 convivium,
969 3697 1128 3763 temporalis
1146 3696 1255 3764 quidem
1274 3687 1361 3745 reiecti

161 3800 316 3854 corporum,
331 3789 378 3842 soti
392 3791 539 3856 spiritualis
558 3796 648 3860 potius
661 3797 738 3848 cibus
759 3797 922 3849 animarum.
936 3796 1091 3850 invocatur
1110 3808 1210 3864 sponsa
1227 3784 1362 3847 venerabilii

159 3887 209 3939 viri
223 3900 253 3940 ac
262 3888 392 3954 jucundis
409 3891 541 3944 interesse
555 3893 666 3958 jubetur
678 3895 765 3960 epuiis
779 3909 786 3945 ε
800 3895 873 3961 quod
892 3901 919 3948 et
939 3895 1039 3948 iactum
1053 3902 1104 3949 est.
1118 3898 1181 3949 Post
1197 3893 1276 3947 finem
1291 3876 1393 3952 quque&

161 3986 276 4050 prandii,
290 3986 361 4040 dicto
381 4001 461 4041 versu
475 3991 637 4058 prophetali,
650 3993 736 4060 surgit
755 4008 771 4046 a
793 4008 887 4048 mensa
909 3994 1004 4047 beatus
1026 3995 1174 4062 Remigius,
1187 3998 1215 4047 et
1231 3986 1359 4044 uteie&

159 4085 296 4149 omnibus,
310 4085 452 4138 coielesium
473 4093 581 4142 sunctae
600 4092 647 4143 bei
660 4091 802 4158 genitricis
824 4108 988 4162 semperque
1000 4093 1114 4162 virginis
1128 4095 1224 4148 Manae
1235 4091 1359 4144 intratori-

159 4186 245 4234 turus.
258 4184 406 4236 Consilium
421 4187 552 4252 perquirit
571 4190 605 4241 ab
625 4193 812 4257 omnipotente
830 4196 884 4246 beo
904 4191 971 4260 quid
993 4193 1075 4246 iaciat
1095 4205 1180 4259 super
1195 4192 1244 4244 hoc
1263 4182 1357 4250 stiffi·

160 4295 247 4347 quove
260 4283 344 4334 artius
365 4285 445 4337 irratio
466 4291 590 4339 sanctum
611 4291 754 4344 Amulium
779 4292 899 4358 implicet
910 4292 1022 4345 caelesti
1045 4293 1183 4359 mysterio.
1196 4290 1241 4343 cui
1256 4281 1358 4340 titinius

158 4378 307 4429 revelatum
321 4382 445 4446 estquod
458 4381 556 4450 dignus
568 4391 639 4438 esset
651 4387 794 4441 clericatus
809 4388 898 4442 officio
910 4403 941 4442 uo
954 4402 1004 4443 suo
1018 4390 1118 4444 merito
1130 4389 1283 4443 clericomm
1292 4365 1390 4433 tuni-⁸⁰

158 4478 256 4528 merari
274 4479 463 4534 contubernio.
477 4485 596 4548 surgens
607 4497 672 4552 ergo
685 4486 849 4538 venerabilis
862 4487 977 4539 antistes
990 4488 1025 4541 ab
1038 4488 1171 4547 oratioue.
1184 4496 1262 4540 omne
1272 4482 1296 4533 iu
1305 4485 1354 4543 im·

160 4571 259 4625 titirntu
277 4589 325 4628 suo
347 4576 507 4631 clericorum
528 4582 675 4634 conscilium
695 4585 852 4650 congregari
873 4585 937 4638 iecit
957 4586 1084 4652 sequenti
1102 4584 1204 4639 sabbati
1217 4582 1267 4634 ilie.
1279 4573 1357 4631 tubos
