3136 5482
370 336 463 386 rinc.
483 337 567 386 uir.
586 335 704 386 enters.
723 357 768 366 -
784 336 937 386 cernuo.
957 336 1005 385 nn
1021 334 1099 384 coo.
1119 331 1177 383 mo.
1347 318 1393 383 45

192 504 254 557 toric
262 505 332 557 Silue
341 507 372 557 et
383 504 490 558 oeulos
500 505 570 556 letor
580 503 663 555 Ιαυα.
674 501 840 554 Adolescens
849 505 940 553 autem
954 499 1018 552 lecit
1029 499 1101 553 slcut
1115 498 1286 566 praecepitei
1298 502 1390 553 lesus.

191 605 249 655 lenit
264 602 292 656 ad
307 604 409 656 lontem
428 602 511 667 siloe,
524 602 597 665 lavit,
611 601 737 667 primitus
748 600 815 652 vidit
825 603 937 665 lesum3
958 600 1087 665 impletus
1107 597 1209 665 Spiritu
1233 606 1337 659 sancto,
1360 598 1390 652 in

192 698 230 752 ide
242 701 324 753 Christi
341 699 521 753 confirmatus
542 706 592 752 est.
615 702 744 753 vocatum
758 702 799 750 est
811 709 913 752 nomen
925 699 987 763 ejus
1008 696 1169 750 llestitutus.
1192 696 1353 751 Gloriticans
1364 704 1393 751 ct

192 799 278 851 laudam
294 803 384 867 boum,
397 805 508 851 secutus
527 803 569 850 est
587 799 742 850 bominum.
762 800 825 851 Post
842 797 1011 863 haererent,
1026 796 1114 850 lactus
1125 802 1167 849 est
1178 795 1297 850 clericus
1310 798 1387 850 omni

164 897 289 963 obertate,
301 896 438 962 pudicitia,
457 895 563 963 justitia
576 903 602 949 et
613 897 727 949 veritate
740 894 847 962 plenus,
861 900 943 962 atquc
953 893 1061 948 terrens
1079 894 1186 948 terrore
1197 895 1302 955 dirimo.
1319 897 1383 948 nul-

191 992 233 1044 lum
241 995 375 1060 respiciens
387 993 442 1047 nisi
458 995 547 1048 solum
560 997 664 1047 lesum.

213 1091 364 1144 Latiam.
377 1094 629 1160 -lnterrogabamt
641 1105 704 1145 eum
726 1092 774 1159 qui
794 1092 919 1145 viderant
940 1105 1002 1144 eum
1023 1105 1145 1158 caecum,
1164 1093 1309 1146 dicentes:
1328 1094 1388 1152 Orci

190 1187 245 1255 fecit
260 1191 307 1245 tibi
324 1193 432 1247 oculos
443 1194 456 1246 t
467 1191 619 1258 Respondit
639 1191 700 1246 eis:
722 1193 812 1245 Jeeue
824 1191 1022 1259 Nazarenum,
1036 1192 1091 1258 qni
1107 1190 1196 1245 babel
1203 1195 1389 1259 potestatem.

190 1290 335 1344 domatum
347 1291 494 1345 dominus
506 1294 561 1359 est,
575 1304 634 1344 rem
651 1304 769 1359 reprom,
782 1290 929 1343 dontinus
946 1290 1186 1359 dominantium,
1200 1305 1290 1359 quem
1308 1293 1390 1346 oide-

151 1389 180 1439 ld
192 1385 244 1439 lem
248 1389 426 1456 priusquam
442 1388 522 1442 mibi
533 1391 638 1444 oculos
650 1389 797 1456 aperiret.
815 1388 889 1440 llulti
912 1389 1118 1456 interrogabant
1138 1403 1210 1450 eum.
1224 1391 1327 1456 quibus
1350 1405 1391 1443 rc·

190 1486 292 1549 spondere
301 1487 697 1542 minimecnrabat.scdamore
707 1488 802 1541 divino
813 1488 1119 1554 inflammatus‚semper
1130 1491 1213 1541 lterum
1226 1489 1387 1563 inspiciens,

191 1584 268 1637 nullam
278 1585 378 1641 babens
390 1600 485 1640 curam
505 1586 541 1640 de
561 1587 695 1651 terrenis;
709 1586 756 1640 sed
770 1586 845 1639 tlcxis
865 1586 982 1652 genibus
999 1587 1130 1639 continue
1142 1588 1274 1640 adorabat
1285 1590 1390 1645 lesum·

191 1680 261 1735 dicem
270 1685 334 1738 intra
349 1699 380 1738 se
394 1686 460 1752 quia
474 1685 517 1738 bie
538 1691 655 1738 estsere
676 1685 879 1751 prophetandi
901 1685 1017 1739 salvabit
1030 1699 1090 1751 nos,
1104 1687 1143 1740 sic
1155 1700 1204 1754 per
1217 1687 1389 1742 multosdies

193 1794 286 1850 manens,
302 1800 355 1840 non
378 1786 527 1840 comedens
546 1800 637 1853 neque
658 1786 766 1840 bibens.
779 1785 831 1838 sed
851 1787 938 1853 gratia
958 1787 1087 1838 altissimi
1110 1787 1219 1840 fouebat
1233 1802 1295 1841 eum
1315 1794 1392 1841 tanto

154 1878 182 1927 lt
194 1876 274 1935 terrore
283 1868 352 1950 quod
372 1884 456 1938 iacies
473 1886 534 1950 ejus
555 1883 676 1952 fulgebat
697 1885 767 1936 sicut
787 1897 895 1949 aurum,
917 1885 989 1937 oculi
1010 1885 1070 1952 elus
1091 1892 1167 1940 tanto
1188 1887 1293 1955 fulgore
1315 1887 1389 1954 quod

193 1986 264 2032 omnes
275 1981 449 2048 mirabantur,
463 1983 587 2037 dicentes
600 2000 606 2035 ε
620 1982 796 2049 Elefantum
814 1983 924 2035 solome
944 1985 989 2035 erl
1002 1983 1035 2035 in
1048 1983 1111 2051 fide
1125 1983 1249 2039 Christi.
1265 1989 1391 2039 Perseve-

193 2085 242 2128 mns
250 2078 328 2136 divino
341 2083 433 2136 studio
445 2083 606 2149 llestitutus,
618 2083 708 2148 coepit
720 2083 869 2148 scripturas
881 2083 1007 2149 aperire;
1027 2081 1130 2148 Spiritu
1147 2089 1241 2138 sancto
1259 2083 1392 2150 imbutus,

195 2177 273 2229 eunctis
283 2179 387 2247 populis
397 2182 491 2234 lesum
503 2195 566 2235 esse
577 2181 663 2234 tilium
676 2181 722 2233 bel
735 2179 920 2246 praedicabat.
931 2183 1017 2234 Tanto
1028 2181 1122 2235 divino
1141 2185 1216 2248 operi
1229 2184 1391 2250 applicatus,

195 2269 304 2343 lartcmue
315 2279 348 2332 de
360 2292 477 2333 numero
489 2279 687 2346 discipulorum
706 2278 823 2342 bomini,
843 2283 944 2331 tantam
957 2279 1072 2346 gratiam
1090 2287 1253 2334 consecutus
1265 2287 1307 2334 est
1318 2282 1390 2348 apud
1450 2329 1455 2336 .

151 2367 181 2420 ἱ]
193 2369 328 2443 brummod
341 2379 435 2447 populi
448 2381 617 2433 inclinabant
628 2379 663 2432 ad
676 2379 852 2432 beatitudinis
862 2391 928 2431 suae
940 2377 1033 2445 pedes.
1044 2378 1088 2431 Sic
1102 2392 1225 2439 manens,
1234 2381 1326 2433 omnia
1340 2388 1391 2434 ter·

196 2480 245 2525 rena
254 2476 380 2543 deserens,
394 2492 450 2533 non
464 2479 551 2533 lessus
571 2478 739 2546 acquirendo
762 2479 900 2544 caelestia,
913 2479 1011 2546 largire
1032 2479 1198 2545 pauperibus
1212 2493 1268 2533 non
1281 2494 1390 2535 avarus.

195 2565 284 2637 Ptolom
300 2576 405 2629 bomini
425 2577 615 2628 ascensionem
636 2575 775 2641 praetatus
795 2575 891 2628 beatus
912 2576 1064 2630 llestitutus
1084 2589 1139 2629 una
1160 2590 1222 2630 cum
1236 2579 1317 2632 beato
1329 2581 1392 2632 Tro·

195 2663 272 2734 pbimn,
282 2672 354 2727 beato
367 2674 505 2740 Eutropio,
519 2674 599 2726 beato
611 2673 735 2739 Maximo,
748 2674 827 2726 beata
840 2674 952 2739 Martha,
966 2674 1045 2727 beata
1055 2674 1212 2743 magdalena
1233 2681 1260 2728 et
1272 2689 1392 2742 quorun·

194 2761 349 2825 danallorum
362 2777 520 2826 sanctorum
529 2772 800 2839 societate,ascenrlit
809 2773 962 2826 naviculam
975 2787 1057 2839 super
1067 2786 1142 2827 mare
1152 2775 1256 2842 absque
1269 2774 1391 2830 humano

150 2857 182 2911 Ἃ
194 2862 303 2936 leonine,
312 2872 364 2924 sub
377 2873 422 2923 bel
435 2884 484 2937 spe
495 2870 628 2923 divinitus
638 2871 846 2924 transtretantes
858 2872 918 2924 sine
931 2874 1014 2926 remis
1026 2879 1108 2941 atque
1119 2874 1264 2931 velamine.
1278 2876 1317 2928 ild
1331 2889 1390 2942 por·

194 2962 237 3010 ltu
245 2963 399 3021 declinantes
419 2969 526 3021 dralate
539 2974 728 3036 perrexerunt.
740 2970 941 3035 venientesque
961 2983 1046 3037 prope
1057 2973 1155 3025 urbem
1167 2973 1275 3026 Arelate
1287 2974 1315 3025 in
1328 2974 1388 3028 loco

194 3065 263 3114 roam
275 3065 392 3133 Quoquo
403 3066 497 3134 repro,
512 3066 550 3119 ibi
569 3067 638 3119 lacta
651 3067 702 3119 luit
713 3067 813 3120 divisio
826 3068 897 3120 inter
915 3082 962 3121 eos
975 3083 1024 3136 pro
1037 3070 1205 3137 paenitentia
1217 3071 1289 3138 apud
1303 3075 1387 3126 iteum

194 3153 295 3219 delenda.
306 3170 384 3220 Beata
394 3169 497 3219 llartba
506 3179 569 3219 cum
579 3169 725 3233 Trophimo
735 3173 817 3234 atquc
827 3167 957 3233 Eutropio
969 3167 1014 3219 hic
1025 3166 1168 3220 remansit.
1182 3169 1279 3222 ilerum
1294 3170 1389 3223 beatus

195 3253 309 3316 destitutus
328 3279 390 3317 cum
412 3265 491 3318 beata
518 3265 675 3332 magdalena
696 3271 779 3332 atque
803 3266 882 3319 beato
903 3265 1017 3317 Maximo
1041 3267 1196 3331 lonensem
1219 3266 1387 3332 provinciam

150 3351 313 3431 urbiorum,
332 3366 361 3416 in
385 3363 496 3416 deserto
517 3363 596 3417 ratde
616 3377 723 3428 aspero.
746 3365 784 3417 lbi
806 3377 870 3417 rero
892 3365 988 3417 beatus
1008 3366 1166 3430 llestitutus,
1188 3366 1388 3433 omnipotentis

192 3456 406 3528 tutamboratus
419 3463 580 3528 permultos
592 3475 680 3516 annos
694 3463 722 3515 in
743 3463 898 3516 habitaculo
918 3462 1069 3515 Saxinatlm
1079 3464 1231 3530 jejunando
1244 3469 1272 3517 et
1282 3467 1387 3519 orando

193 3557 348 3616 metiendam
369 3575 464 3630 agens.
477 3561 649 3628 saeperisus
670 3559 772 3615 chorus
793 3561 964 3628 angelorum.
977 3562 1045 3613 dves
1066 3559 1138 3613 aeris
1158 3561 1210 3613 sibl
1232 3564 1386 3615 necessaria

193 3648 361 3714 ministrabant.

217 3748 299 3813 betto
310 3765 441 3825 quarta.
455 3788 488 3797 -
498 3759 602 3813 Accidit
613 3765 705 3813 autern
720 3760 748 3810 in
761 3757 948 3826 octuagesimo
960 3759 1019 3812 iere
1028 3759 1124 3812 aetatis
1136 3772 1211 3824 suae,
1225 3773 1287 3813 cum
1301 3762 1387 3815 eccle·

149 3839 181 3890 5
192 3844 288 3911 abarum
297 3860 464 3912 Tricastinae
481 3860 537 3925 jam
552 3865 660 3922 pastore
679 3863 794 3921 careret,
808 3862 960 3912 conventus
971 3858 1107 3924 praelatae
1116 3860 1194 3912 urbis
1205 3869 1387 3928 congregatus

191 3940 355 4018 adeligendum
368 3962 515 4023 pastorem,
529 3969 591 4008 curn
613 3957 692 4021 pauci
710 3961 811 4020 essent,
825 3958 900 4008 venit
920 3958 960 4009 eis
981 3958 1010 4010 in
1031 3958 1136 4010 somnis
1156 3959 1282 4012 caelestis
1294 3960 1384 4013 visio:

191 4039 326 4108 bitumen
343 4054 575 4121 vocabiturque·
592 4055 687 4109 dolus
706 4058 751 4109 est
768 4055 855 4109 randis
871 4055 905 4109 irc
916 4059 1087 4123 pastorem.
1101 4060 1249 4126 surgentes
1260 4060 1295 4113 de
1307 4061 1385 4113 cellis

192 4137 430 4209 discumbentem
443 4155 639 4206 matutinarum
652 4155 798 4220 completo,
812 4157 932 4207 narravit
943 4169 1018 4210 onus
1038 4157 1047 4175 ⁶
1067 4156 1147 4210 alleri
1159 4158 1292 4212 visionem
1313 4173 1385 4226 quae
1403 4162 1409 4178 ·
1474 4198 1480 4210 .

192 4238 379 4317 ‘'lllmmeran
389 4253 574 4321 glorificantes
593 4253 736 4307 laudantes
753 4252 908 4320 bominum,
921 4256 969 4321 riui
983 4260 1083 4308 tantam
1105 4257 1219 4324 gratiam
1231 4258 1272 4311 eis
1284 4260 1386 4326 impen-

149 4330 180 4381 ω
192 4334 357 4416 delllllgnatus
369 4359 421 4418 est,
438 4353 600 4413 electionem
622 4359 648 4407 et
666 4353 850 4419 provisionem
869 4353 909 4406 eis
928 4353 1028 4405 iaceret
1039 4353 1073 4405 de
1090 4358 1208 4419 pastore.
1222 4358 1254 4408 Et
1264 4358 1344 4424 proni
1358 4358 1387 4410 in

189 4438 314 4519 orationem,
327 4454 460 4521 rogabant
471 4452 574 4506 diutius
586 4453 730 4506 bominum
744 4457 868 4506 nostrum
880 4454 973 4504 lesum
986 4451 1123 4504 Christum
1135 4458 1165 4506 ut
1177 4455 1254 4507 daret
1265 4457 1306 4508 eis
1319 4456 1387 4510 noti·

188 4530 236 4588 fiili
244 4545 280 4600 tbi
289 4552 455 4620 reperiretur
467 4565 515 4618 pro
528 4553 654 4618 praesule
665 4552 826 4604 llestitutus.
840 4549 928 4604 Finita
937 4552 1071 4618 oratione,
1082 4563 1195 4605 unusex
1207 4554 1256 4620 eis,
1268 4555 1384 4608 saluber
