3156 5452
256 290 300 358 86
602 303 727 353 aaran.
747 301 848 352 oonn.
868 303 1142 355 sacrosanta.

256 477 389 544 sanguine
401 480 428 529 ct
445 476 525 544 longa
538 476 663 543 prosapia
675 475 830 528 christianis
841 474 1001 541 parentibus
1013 479 1095 527 natus
1107 478 1156 528 est.
1169 475 1220 540 Qui
1232 476 1281 529 ubi
1292 477 1385 545 eregit
1396 477 1457 531 luia

254 578 307 630 tiae
319 591 417 640 annos,
430 577 526 630 litteris
544 577 642 630 divinis
663 589 740 628 more
760 575 970 627 christianorum
992 574 1126 641 eruditus,
1143 576 1200 642 lam
1224 576 1303 642 quasi
1322 591 1418 640 senex,
1432 592 1457 631 rr

253 677 331 742 quasi
344 675 506 740 infantulus,
520 675 548 728 in
568 676 768 739 scripturarum
781 671 977 725 exercitamina
995 671 1146 725 delectatus
1157 676 1199 725 est
1212 672 1358 738 probrare,
1373 680 1401 727 et
1412 673 1457 728 vel

255 775 367 833 nomine
379 786 428 826 suo
440 773 549 839 dignus,
562 771 652 824 valido
663 771 755 824 animo
768 768 886 835 pueriles
899 767 1110 822 transcendebat
1121 782 1209 824 annos
1222 774 1248 823 et
1261 771 1362 825 robore
1370 772 1457 839 juven

257 872 368 925 fortiora
380 873 476 924 diatim
490 871 652 937 spiritaliter
658 868 814 936 arripiebat.
830 869 884 920 lloe
894 867 997 920 etenim
1010 868 1144 921 vocabulo
1163 874 1242 921 sonat
1253 869 1405 936 t'alericus,
1419 876 1457 924 tar

253 973 367 1038 quamsi
381 971 489 1025 dicatur
509 972 619 1023 Valens
631 968 809 1022 virtutibus.
826 967 937 1020 interim
950 968 1020 1020 sicut
1032 967 1079 1020 illa
1091 968 1239 1021 tenerrima
1251 974 1329 1022 aetas
1342 968 1457 1023 lectione

254 1070 363 1123 taedere
375 1070 484 1136 assolet,
498 1071 536 1123 sic
546 1070 596 1122 iste
609 1082 624 1122 e
636 1069 753 1127 diverso.
768 1067 831 1119 ticet
841 1078 955 1133 corpore
965 1065 1126 1132 infantulus,
1135 1067 1269 1137 mellitum
1275 1073 1389 1136 gustum
1400 1072 1457 1137 pala

253 1169 343 1221 cordis
363 1170 492 1222 divinitus
513 1169 542 1221 in
561 1168 659 1221 litteris
671 1168 803 1232 sentiens,
818 1167 948 1219 lectiones
967 1165 1057 1232 epulis
1078 1165 1257 1232 praeferebat.
1269 1168 1391 1234 iamque
1415 1169 1445 1221 in

254 1267 347 1321 divina
364 1268 449 1336 gratia
470 1267 625 1334 apparebat,
644 1266 709 1333 qula
726 1262 871 1331 pueritiam
890 1277 968 1317 suam
985 1263 1060 1317 omni
1077 1264 1220 1317 bonestate
1243 1264 1348 1319 claram
1367 1265 1456 1320 redde

255 1380 351 1433 puram
364 1369 419 1420 beo
437 1379 486 1433 per
503 1365 596 1420 omnia
608 1365 742 1426 exhibuit,
755 1377 787 1417 ac
805 1376 911 1416 morum
932 1375 1046 1415 suorum
1066 1363 1255 1417 dulcoratione
1272 1377 1323 1430 per
1339 1365 1418 1431 ipsos
1437 1365 1457 1432 jr

255 1465 396 1518 infantiles
418 1469 495 1518 actus
519 1443 654 1532 probitate
675 1463 804 1531 gliscens,
827 1461 927 1515 indolis
950 1474 1081 1529 praesaga
1116 1461 1253 1515 dexterior
1275 1462 1457 1529 praevidebat

255 1565 374 1618 futurus.

288 1664 320 1717 8.
334 1666 363 1717 ln
375 1665 491 1730 pueritia
504 1676 622 1729 namque
633 1675 683 1715 sua
694 1665 806 1715 sanctus
814 1660 952 1714 Valerio-us
961 1660 1097 1729 gratiosus
1106 1665 1164 1713 erat
1176 1661 1316 1728 omnibus,
1325 1663 1392 1730 quia
1404 1677 1456 1732 gra

255 1764 301 1816 bei
314 1762 343 1815 in
361 1776 393 1816 eo
414 1760 568 1815 refulserat.
588 1760 692 1814 beinde
707 1762 764 1827 jam
781 1759 985 1813 adolescentiae
1000 1772 1090 1814 annos
1107 1760 1258 1827 ingressus,
1272 1761 1301 1814 in
1323 1762 1431 1829 quibus
1445 1763 1455 1814 i

159 1837 162 1842 ¹
254 1868 328 1915 aetas
346 1860 440 1914 mundi
457 1862 514 1914 rias
537 1860 608 1913 solet
630 1860 747 1928 ingredi,
774 1858 920 1926 prudentia
938 1858 1066 1926 pruvidus
1095 1866 1207 1913 sanctus
1225 1859 1366 1914 valericus
1383 1862 1457 1916 bivio

251 1960 317 2013 illud
330 1961 480 2012 bumanum
499 1970 555 2011 non
568 1959 658 2024 inepte
670 1957 829 2011 discernere
843 1957 984 2024 judicavit.
994 1960 1060 2010 Nam
1074 1959 1256 2026 Pythagoreae
1268 1959 1379 2013 litterae
1394 1973 1457 2014 ram

252 2059 373 2126 vigilanti
391 2057 480 2111 cordis
497 2057 576 2111 oculo
594 2057 804 2123 contemplatus,
817 2057 912 2110 dextro
924 2057 1011 2109 limite
1023 2056 1121 2123 pedem
1136 2057 1262 2123 apposuit
1274 2058 1344 2111 ealle
1357 2064 1457 2128 angust

250 2157 299 2210 sed
316 2157 351 2209 ad
369 2158 450 2208 vitam
468 2156 625 2221 ducentem,
640 2156 781 2208 sinistrum
796 2168 902 2207 ramum
915 2162 945 2208 ut
965 2160 1083 2208 mortem
1100 2155 1217 2222 fugiens,
1237 2155 1301 2209 licet
1321 2157 1457 2223 ampliore

254 2261 282 2308 et
299 2255 459 2321 longiorem,
473 2254 603 2320 quoniam
616 2252 650 2306 ad
663 2250 845 2319 perditionem
858 2251 943 2305 ducit.
958 2254 1032 2304 llane
1045 2251 1162 2304 litteram
1175 2253 1267 2321 itaque
1278 2253 1313 2306 ad
1326 2255 1457 2321 exemplu

254 2354 325 2406 vitae
337 2354 471 2406 humanae
478 2354 631 2416 formatam,
644 2352 673 2404 in
685 2351 755 2404 libro
767 2350 969 2418 evangeliorum
981 2350 1088 2403 cautius
1098 2351 1257 2405 observavit
1269 2368 1277 2404 r
1294 2352 1457 2409 Oontmodit

253 2453 350 2518 inquit,
373 2451 496 2504 intrare
502 2463 563 2518 per
575 2451 745 2516 angustam
754 2451 889 2516 portam,
903 2447 978 2515 quta
992 2449 1060 2501 lota
1075 2450 1106 2502 et
1117 2449 1258 2516 spatiosa
1270 2451 1324 2504 via
1343 2455 1457 2522 catgur

249 2550 337 2603 ducit
348 2548 391 2601 od
398 2548 617 2615 perditionem,
630 2549 660 2600 et
672 2546 852 2599 multisunt
864 2545 919 2612 qai
930 2546 1054 2598 intrant
1061 2559 1122 2613 per
1134 2559 1213 2615 eam,
1226 2550 1256 2601 et
1267 2553 1344 2604 arta
1363 2552 1419 2607 oia
1440 2567 1457 2608 e

247 2660 318 2701 pere
329 2660 409 2714 quoe
426 2647 513 2699 ducit
524 2645 567 2699 ad
578 2645 666 2698 utria
679 2644 770 2709 vitae,
784 2645 813 2697 et
820 2643 922 2710 pauci
933 2647 1008 2697 erent
1024 2643 1081 2711 qui
1087 2657 1147 2712 per
1159 2658 1230 2699 eam
1244 2647 1456 2715 ingrediuntor

280 2749 312 2799 4.
326 2749 441 2800 Sanctus
453 2747 528 2798 enim
548 2746 687 2798 valeriena
707 2745 827 2809 seipsum
849 2745 947 2796 virtute
971 2744 1101 2796 castitatis
1113 2745 1260 2810 praebebat
1273 2760 1329 2799 non
1343 2748 1456 2816 dispare

247 2846 369 2913 angells;
382 2846 460 2911 cujus
473 2845 642 2897 conversatio
664 2844 691 2895 ln
714 2843 798 2895 caelis
813 2844 869 2908 jam
882 2845 950 2896 erat.
964 2845 1019 2895 beo
1031 2843 1123 2908 itaque
1142 2845 1312 2898 consecravit
1323 2846 1455 2904 adolesce

248 2945 313 2997 tiam
336 2958 422 3010 suam,
436 2946 505 2996 sieut
526 2943 672 2997 devoverat
692 2948 719 2996 et
740 2943 894 3008 pueritiam,
908 2946 937 2992 ut
954 2942 1070 3008 juvenili
1092 2942 1172 2995 simul
1193 2948 1221 2995 et
1239 2945 1318 2996 senili
1341 2953 1432 3002 aetate
1454 2953 1457 3002 t

248 3043 353 3095 Christo
365 3042 502 3108 perfectus
514 3042 630 3093 existere
642 3045 803 3093 mereretur.
817 3039 970 3093 itenidebnt
986 3040 1184 3107 misericordia,
1198 3041 1351 3110 refulgebat
1373 3048 1457 3116 virgin

248 3146 302 3192 tato
316 3140 446 3205 corporis,
460 3139 538 3190 fortis
549 3139 690 3204 patientia,
704 3152 819 3204 magnus
830 3138 994 3204 bumilitate,
1008 3140 1129 3207 linguam
1152 3153 1167 3192 a
1187 3141 1358 3197 detractione
1372 3147 1457 3201 cobib

248 3238 303 3295 bat.
317 3236 417 3289 timens
435 3236 579 3288 detrahere
593 3236 644 3303 legi
657 3236 680 3287 si
698 3235 855 3287 detraheret
867 3235 942 3288 fratri
955 3254 962 3301 ;
976 3250 1027 3287 nec
1048 3237 1138 3290 solum
1157 3239 1214 3304 ipse
1233 3252 1290 3292 non
1308 3240 1457 3298 detrabeba

248 3347 342 3388 rerum
365 3348 380 3386 a
402 3333 601 3386 detractoribus
622 3347 703 3386 aures
722 3346 785 3385 suas
806 3332 968 3385 excludebat
983 3351 989 3385 :
1004 3335 1056 3386 lroc
1076 3336 1151 3386 enirn
1170 3350 1307 3390 venenum
1328 3354 1380 3406 per
1401 3355 1457 3396 aun

247 3433 366 3485 beluinis
389 3432 547 3483 subintrans
572 3431 702 3496 paulatim
726 3432 859 3484 interimit
882 3431 969 3483 bonos
993 3445 1092 3485 mores.
1116 3435 1146 3486 ln
1170 3434 1398 3492 tribulationibus
1417 3455 1457 3495 rer

249 3535 377 3583 constans
397 3535 455 3582 erat
476 3535 585 3581 sanctus
605 3528 743 3581 valericus
766 3534 794 3580 ot
818 3527 937 3579 tolerans
961 3529 989 3579 in
1014 3529 1144 3598 adversis,
1168 3545 1220 3585 nec
1239 3533 1320 3586 dabat
1341 3537 1457 3592 tristitia]

250 3631 356 3681 animae
368 3642 444 3693 suao,
458 3629 522 3694 quia
532 3627 688 3695 iucunditas
701 3627 790 3680 cordis
802 3627 869 3679 baec
887 3635 928 3679 est
941 3629 993 3680 vita
1006 3630 1135 3696 bominis,
1149 3637 1175 3684 et
1187 3632 1258 3685 bona
1277 3634 1330 3687 vita
1348 3638 1457 3703 gaudia:

248 3740 357 3792 sempor
377 3727 469 3791 babet,
482 3726 650 3779 conscientia
671 3732 762 3778 autom
784 3727 823 3778 rei
844 3740 953 3792 semper
973 3734 1016 3780 est
1039 3729 1067 3780 in
1085 3742 1184 3795 poena,
1197 3730 1262 3797 quia
1282 3745 1348 3786 reus
1370 3737 1457 3790 animi

248 3841 398 3893 numquam
417 3840 530 3880 securus
551 3831 600 3879 est.
615 3828 644 3877 ln
666 3827 722 3879 risu
741 3840 915 3894 nequaquam
934 3834 993 3881 erat
1014 3829 1110 3895 facilis,
1124 3832 1188 3896 quia
1209 3833 1317 3899 sapiens
1334 3835 1380 3888 vir
1399 3840 1457 3891 taoi‘

248 3925 333 3990 ridot;
345 3940 396 3979 nec
404 3926 545 3978 dissolutis
558 3926 635 3978 labiis
647 3926 732 3977 risum
743 3926 924 3991 praeferebat,
936 3941 999 3979 curn
1010 3929 1044 3979 sit
1053 3931 1168 3981 amentis
1177 3943 1239 3982 cum
1250 3934 1367 3998 strepitu
1378 3936 1457 3990 rider

248 4022 295 4075 sed
309 4023 479 4076 subridendo
492 4027 596 4074 tantum
610 4023 739 4076 laetitiam
753 4025 853 4075 mentis
865 4024 1011 4077 indicabat.
1025 4029 1281 4092 temperamentum
1294 4030 1322 4082 in
1338 4044 1457 4099 prosper

248 4123 373 4187 babebat,
387 4126 412 4174 et
429 4126 549 4174 mentem
563 4135 614 4174 neo
630 4121 730 4189 gaudio
743 4136 794 4174 nec
814 4125 931 4175 maerori
949 4124 1136 4178 submittebat.
1150 4127 1250 4180 otiosis
1261 4129 1354 4180 verbis
1366 4133 1457 4185 minin

247 4218 366 4285 deditus,
380 4220 511 4272 reticebat
523 4220 636 4272 verbum
649 4220 721 4286 quod
735 4222 847 4273 minime
860 4222 1016 4275 aedificaret
1028 4237 1119 4290 aures,
1130 4232 1158 4278 et
1170 4240 1199 4278 se
1212 4226 1325 4280 cavebat
1334 4228 1364 4280 in
1377 4232 1457 4295 parvi

247 4330 282 4370 no
295 4317 483 4382 prolaberetur
503 4319 531 4369 in
556 4320 670 4386 magnis,
684 4325 712 4371 et
732 4320 760 4371 in
782 4321 920 4386 loquendo
942 4328 969 4373 ot
989 4322 1017 4373 in
1039 4323 1155 4376 tacendo
1173 4324 1356 4390 eratperitus,
1370 4329 1457 4394 etqui

156 4478 165 4487 .
244 4416 401 4481 loqueretur
418 4417 518 4483 quidve
530 4423 631 4470 taceret
642 4417 825 4472 discernebat.
839 4421 997 4486 Tranquillo
1016 4435 1124 4486 semper
1141 4421 1233 4475 animo
1250 4426 1277 4475 et
1294 4425 1457 4479 serenissim

242 4514 318 4566 vultu
330 4515 502 4579 procedebat.
516 4517 580 4582 quia
593 4518 704 4570 caritate
719 4518 816 4583 plenus
829 4523 930 4572 erat...
944 4520 1063 4583 (Cetera
1075 4519 1320 4587 decimantur).
