3156 5452
622 313 748 364 cersi„
767 311 869 361 cont).
888 310 1060 362 tremotis.
1079 310 1160 362 LAT.

615 529 824 643 Appendix
853 531 903 618 ed
933 531 1017 619 eod·
1053 529 1175 618 1864.

365 731 368 735 ’
433 750 614 814 Psonoous
638 744 673 812 S.
699 744 897 812 Hieronem
919 743 1000 833 (Cir.
1027 765 1139 830 supra,
1164 765 1200 830 p.
1218 745 1276 822 87,
1299 745 1356 830 1⁰).

332 937 450 1002 inelplt
460 937 613 1001 prologus
623 934 730 989 moti
742 934 929 1001 Hieronymi
940 935 979 988 de
989 934 1165 988 mtlvitete
1175 938 1313 988 mane
1325 935 1454 989 uriae.

313 1038 385 1091 Petis
397 1049 413 1088 a
425 1048 469 1088 me
480 1034 688 1100 petitiunculam
700 1047 783 1100 opere
798 1033 910 1100 quidem
928 1033 1025 1099 levem,
1039 1034 1087 1087 sed
1100 1034 1206 1087 cautela
1226 1034 1354 1088 falsitatis
1366 1033 1454 1089 admod

280 1148 402 1205 gravem.
416 1134 540 1187 Postulas
552 1131 668 1186 enimut
680 1127 743 1186 s'tilo
754 1132 885 1200 digeram,
896 1131 996 1200 siquid
1009 1132 1110 1186 alicubi
1120 1131 1189 1188 torte
1195 1131 1231 1186 de
1244 1134 1389 1187 nativitate
1406 1145 1454 1186 san

280 1248 312 1290 ac
324 1232 499 1288 beatissimae
509 1232 623 1299 virginis
643 1231 742 1284 llariae
761 1244 850 1298 usque
869 1232 904 1283 ad
923 1231 1165 1297 incomparabilem
1186 1232 1248 1298 ejus
1260 1236 1370 1298 partum
1383 1236 1409 1285 et
1424 1232 1454 1299 pn'

282 1333 383 1387 christi
396 1332 551 1385 rudimenta
572 1332 674 1385 inveni.
688 1334 741 1385 iles
753 1332 864 1398 quidem
885 1339 947 1385 actu
968 1345 1024 1385 non
1044 1329 1172 1395 dificilis,
1186 1331 1234 1385 sed
1255 1331 1390 1398 periculo,
1403 1329 1454 1386 utd

283 1434 406 1487 veritatis
418 1430 566 1485 admodum
586 1435 823 1497 praesumptuosa.
835 1434 902 1485 llam
915 1433 967 1486 boe
979 1430 1053 1499 quod
1065 1445 1081 1484 a
1093 1444 1138 1484 me
1150 1444 1225 1484 nunc
1236 1443 1307 1485 cano
1319 1432 1410 1499 capite
1421 1443 1454 1495 ex]

283 1533 333 1596 cis,
346 1529 584 1584 adulescentulum
604 1543 648 1582 me
669 1530 697 1581 ln
717 1528 836 1595 quodam
854 1530 956 1596 libello,
970 1531 1017 1597 qui
1036 1530 1066 1583 iu
1084 1543 1183 1582 manus
1203 1543 1279 1583 meas
1296 1530 1405 1597 incidit,
1417 1530 1454 1598 leg

284 1629 360 1683 noris
371 1641 379 1691 ;
392 1633 419 1680 et
428 1639 492 1680 ecce
504 1627 573 1679 tanti
585 1628 716 1692 temporis
728 1626 880 1681 intercessu
892 1633 920 1681 et
929 1627 1046 1681 aliarum
1065 1640 1120 1681 non
1139 1627 1240 1681 ledum
1252 1641 1347 1681 rerum
1360 1629 1454 1682 tutem

285 1726 365 1781 facile
376 1724 471 1792 aliqua
485 1725 615 1777 memoria
628 1724 699 1777 elabi
711 1730 868 1790 potuerunt.
879 1724 956 1778 Unde
968 1738 1025 1778 non
1038 1726 1139 1791 injuste
1151 1725 1227 1793 argui
1240 1738 1366 1792 possum,
1380 1725 1454 1793 aliqu

285 1832 348 1878 tuae
360 1825 485 1890 petitioni
497 1822 730 1889 obtemperavero,
743 1829 790 1876 aut
801 1824 1018 1888 praetermittere
1029 1828 1076 1876 aut
1086 1824 1188 1877 addere
1199 1829 1246 1877 aut
1258 1830 1379 1879 moure.
1392 1825 1454 1889 Quo

287 1923 346 1976 deri
358 1936 440 1989 posse
460 1935 516 1975 non
528 1934 608 1990 nego,
621 1922 660 1975 sic
683 1935 727 1975 me
740 1936 774 1975 ex
786 1923 925 1977 voluntate
945 1923 1035 1976 facere
1047 1936 1104 1976 nou
1123 1921 1255 1978 concedo.
1271 1925 1368 1991 ltaqum
1389 1930 1448 1978 tam

287 2021 357 2076 votis
368 2021 538 2074 satisfaciens
550 2033 632 2087 quam
654 2021 800 2089 legentium
821 2022 973 2075 curiositati
993 2022 1150 2088 consulens,
1163 2027 1219 2076 tam
1232 2028 1356 2090 tequam
1368 2036 1454 2091 quem

287 2120 416 2172 lectorem
432 2131 531 2172 moneo
544 2124 724 2171 memoratum
736 2118 870 2184 libellum,
884 2120 908 2171 si
920 2119 992 2172 bene
1003 2119 1126 2184 memini,
1142 2124 1276 2186 quantum
1289 2118 1327 2172 ad
1339 2132 1454 2173 sensum

289 2218 369 2283 tinet,
383 2218 537 2285 hujusmodi
546 2216 744 2285 praefationem
757 2218 894 2272 babuisse.

575 2389 626 2454 Da
651 2389 685 2456 S.
712 2387 877 2455 Anserem
901 2386 985 2475 (Cir.
1010 2408 1043 2474 p.
1069 2388 1127 2468 al,
1152 2386 1236 2477 40⁰).
1331 2468 1332 2472 Ἰ

315 2574 433 2640 Incipit
448 2576 599 2641 prologos
608 2576 642 2627 ln
654 2575 726 2630 vite.
737 2575 827 2629 beati
837 2577 981 2629 Anselml
994 2575 1237 2630 &amoriensis
1248 2577 1454 2643 arehiepleoo

323 2675 367 2727 Vir
379 2674 425 2727 bei
437 2675 601 2727 venerabilis
620 2676 763 2728 anselmus
784 2689 848 2729 cum
868 2675 958 2728 adbuc
978 2681 1050 2729 esset
1069 2676 1212 2741 puerulus,
1223 2679 1255 2729 ut
1274 2675 1336 2741 ipse
1347 2683 1454 2742 postme

290 2775 394 2828 referre
415 2773 511 2826 solitus
531 2779 598 2839 erat,
620 2774 718 2828 litteris
735 2773 822 2828 imbui
840 2774 1119 2840 valdedesiderabat,
1142 2779 1325 2842 parentesque
1347 2788 1417 2830 suos
1438 2790 1454 2829 u

290 2872 410 2926 scbolam
423 2873 575 2925 mitteretur
587 2871 715 2926 assiduus
728 2873 866 2927 exorabat.
880 2873 958 2926 Unde
965 2872 1058 2926 divina
1070 2873 1239 2939 pmvidentia
1247 2871 1418 2940 disponente
1426 2875 1454 2928 ad

290 2971 415 3038 pervenit
425 2971 499 3038 quod
512 2976 586 3024 tanto
599 2973 698 3025 mentis
710 2984 803 3025 amore
823 2972 945 3039 rogabat.
959 2973 1081 3039 benique
1094 2971 1209 3025 traditus
1229 2978 1271 3026 est
1283 2972 1395 3027 cuidam
1408 2987 1454 3028 cor

289 3069 392 3139 guineo
404 3083 454 3124 suo
465 3076 495 3123 ut
507 3083 570 3123 eum
582 3073 710 3124 attentius
722 3071 841 3125 doceret.
853 3072 976 3135 Quicum
989 3072 1018 3123 ln
1027 3071 1109 3125 domo
1121 3084 1171 3124 sua
1181 3071 1301 3138 reclusit,
1311 3070 1360 3125 nbi
1371 3072 1454 3126 studii

290 3170 435 3223 doceretur
446 3175 473 3222 et
486 3183 521 3223 ne
533 3171 662 3238 evagandi
675 3172 747 3225 foras
760 3171 869 3224 lieentia
880 3184 895 3223 a
908 3170 998 3224 studio
1015 3170 1139 3224 discendi
1160 3171 1377 3236 praepediretur.
1392 3170 1444 3224 tibi

289 3270 392 3323 diutius
404 3271 513 3323 clausus
522 3271 678 3335 haberetur,
691 3285 778 3337 paene
790 3273 819 3324 in
839 3269 988 3324 amentiam
1005 3284 1101 3324 versus
1114 3273 1165 3323 est.
1180 3273 1243 3324 Post
1263 3269 1438 3336 aliquantum

289 3370 420 3434 temporis
437 3369 548 3423 domum
570 3371 708 3423 reducitur
720 3371 854 3436 matn'que
875 3369 1007 3422 redditur.
1020 3372 1101 3433 Puer,
1115 3371 1282 3436 inexpertam
1304 3370 1357 3422 sibi
1377 3370 1453 3423 elien

211 3460 216 3469 '
288 3468 385 3521 videns
405 3468 599 3536 frequentiam,
612 3469 719 3535 expavit
738 3474 766 3522 et
776 3467 900 3523 omnium
921 3468 1058 3522 consortia
1079 3467 1199 3536 fugiebat
1223 3481 1254 3521 ac
1275 3468 1358 3521 etiam
1378 3480 1454 3536 asper

290 3567 453 3631 declinabat,
472 3572 555 3634 atque
572 3568 755 3634 interrogatus
776 3580 939 3633 responsum
961 3580 1016 3621 non
1038 3566 1129 3620 dabat.
1151 3566 1255 3619 Videns
1275 3567 1327 3620 boc
1346 3570 1444 3632 mater,

291 3667 411 3720 lacrimis
431 3667 609 3720 exclamavit:
631 3668 700 3720 Heu
723 3666 949 3732 membrorum,
971 3667 1075 3735 fitium
1098 3679 1200 3719 meum
1221 3664 1326 3718 omisi.
1349 3668 1454 3719 Pertrar

291 3770 381 3818 autem
408 3772 435 3818 et
455 3767 607 3833 recogitans
627 3766 698 3831 apud
720 3766 893 3831 semetipsam
913 3765 979 3832 quid
1000 3765 1072 3818 facto
1091 3777 1161 3830 opus
1177 3769 1260 3831 essct,
1279 3763 1391 3817 tandem
1412 3764 1454 3817 sal

292 3865 411 3931 repperit
423 3864 577 3918 consilium.
591 3864 734 3930 Praecepit
751 3865 842 3930 itaque
853 3865 983 3917 omnibus
999 3864 1097 3917 domus
1118 3876 1183 3918 suae
1200 3863 1310 3917 famulis
1328 3868 1356 3916 et
1367 3861 1451 3916 ancill

292 3976 355 4017 eum
368 3964 555 4031 permitterent
573 3964 661 4017 facere
677 3962 808 4031 quicquid
828 3963 910 4016 uellet
928 3962 1076 4030 nullusque
1097 3963 1122 4015 ei
1142 3963 1304 4028 obsisteret;
1319 3962 1414 4026 immo,
1433 3960 1454 4014 si

290 4060 394 4128 aliquid
414 4061 571 4128 imperaret,
585 4061 674 4114 facere
686 4074 741 4115 non
762 4058 895 4114 differret.
908 4062 1007 4128 Sicque
1023 4060 1057 4113 ad
1077 4061 1206 4127 priorem,
1229 4062 1284 4112 beo
1299 4059 1421 4121 volente,
1440 4072 1454 4111 r

293 4160 460 4227 sospitatem.
484 4162 607 4227 Cumque
630 4160 664 4213 ad
688 4159 794 4213 virilem
826 4160 994 4226 pervenisset
1024 4165 1141 4213 aetatem
1165 4162 1212 4224 [et]
1231 4160 1372 4228 religionis
1396 4159 1454 4212 bab:

292 4258 465 4326 suscepisset,
487 4263 562 4311 tanta
579 4259 744 4312 discretione
765 4272 828 4325 erga
848 4271 944 4312 omnes
964 4258 1068 4311 studuit
1087 4272 1118 4311 se
1139 4259 1249 4324 babere,
1262 4263 1289 4312 et
1300 4271 1371 4325 quos
1389 4268 1454 4324 regei

293 4363 459 4424 susceperat,
473 4358 591 4411 maxime
599 4359 726 4425 juvenes,
738 4363 812 4411 tanta
833 4359 944 4412 lenitate
963 4361 992 4411 in
1012 4371 1119 4412 morum
1132 4358 1276 4410 honestate
1287 4357 1437 4411 informare
1452 4377 1454 4404 2

293 4456 323 4509 in
333 4468 364 4511 se
376 4456 440 4511 ollm
452 4455 584 4510 didicerat
595 4455 659 4509 buic
670 4456 751 4509 aetati
763 4459 919 4510 convenire.
932 4459 981 4510 cui
1003 4458 1049 4510 bei
1061 4458 1147 4525 gratia
1159 4455 1197 4510 ita
1210 4469 1319 4522 semper
1330 4454 1406 4509 affuit
1417 4459 1448 4508 ut

292 4554 337 4609 ios
352 4559 445 4609 nostra
457 4559 545 4610 aetate
562 4554 644 4609 fuerit
654 4553 702 4622 qui
724 4560 829 4609 tantum
843 4558 871 4609 in
889 4558 970 4625 liujus
987 4557 1197 4624 dispensatione
1214 4557 1370 4624 profecerit.
1384 4558 1448 4609 Nam
