3156 5452
290 315 398 373 nior..
417 315 500 366 aar.
518 316 636 366 ranis.
654 335 700 345 -
715 315 869 365 neruum
888 315 936 365 ao
952 315 1031 366 con.
1050 314 1113 364 asoa
1129 319 1163 365 a.
1286 297 1348 366 351

132 484 199 538 rabat
209 468 339 551 inanitas,
352 484 400 537 dat
422 485 450 538 in
470 485 538 537 mari
562 485 822 552 praecipitemllico
843 490 944 551 autem,
957 488 1012 538 beo
1033 489 1198 551 procurante
1210 483 1351 550 indicium,

132 597 221 637 uanus
234 585 293 652 ejus
314 584 349 637 ad
361 585 501 653 cingulum
522 584 616 638 beatae
636 585 760 652 martyris
777 584 945 651 applicatum
963 585 1192 652 apprehensoque
1209 584 1352 649 cadavere,

132 682 196 751 ruod
208 684 245 736 ita
266 683 383 736 liberum
394 685 501 750 jacebat
519 688 551 736 ut
570 684 649 736 facile
669 688 764 750 posset
780 684 937 747 amoveri,e
958 684 1047 738 medio
1069 684 1138 736 mari
1156 687 1237 750 caput
1249 683 1353 752 extulit,

132 787 239 836 inustus
264 783 441 836 mercimonio
469 784 636 847 sanctitatis,
662 784 808 849 pretiosam
839 784 937 836 christi
962 797 996 836 ex
1023 784 1172 837 visceribus
1196 784 1243 836 imi
1270 785 1353 837 maris

131 881 245 936 cumeris
259 883 393 936 revehens
406 884 586 950 margaritam.
601 885 719 949 Repente
733 883 814 952 igitur
825 887 856 936 ut
873 896 973 949 corpus
987 885 1046 948 jam
1058 887 1194 936 sacratum
1211 896 1258 936 aer
1278 897 1352 950 aspe-

132 982 172 1050 rit,
195 982 300 1049 qrrievit
320 995 403 1045 mare,
429 982 502 1034 venti
524 987 675 1048 cesserunt,
696 982 794 1035 fluctus
815 983 876 1036 elisi
896 987 968 1050 sunt,
982 995 1105 1049 spumae
1123 989 1302 1049 evanuerunt,
1327 988 1354 1037 et

132 1086 269 1149 empestas
281 1082 354 1134 stetit
367 1082 394 1133 in
415 1095 481 1134 aura
501 1087 528 1134 et
544 1081 680 1136 siluerunt
692 1080 790 1134 lluctus
802 1083 871 1148 ejus.
882 1085 950 1134 Tum
964 1082 999 1135 ab
1011 1083 1140 1136 omnibus
1152 1094 1252 1149 corpus
1264 1084 1356 1136 evehi·

132 1196 169 1234 ,ur
179 1187 207 1235 et
218 1194 340 1250 congruo
354 1183 526 1236 veneramine
544 1184 704 1249 martyrium
721 1186 896 1236 consecratur
912 1182 1003 1249 potius
1020 1196 1102 1249 quam
1114 1184 1254 1248 humatur,
1266 1183 1354 1238 brevi·

132 1295 178 1350 pre
200 1281 350 1336 admodum
372 1283 566 1346 tabernaculo,
588 1283 621 1335 ad
643 1282 794 1336 custodiam
818 1288 973 1349 temporum
994 1282 1216 1351 propagandam,
1238 1284 1356 1339 colenda

132 1382 212 1435 totius
224 1394 308 1448 quam
329 1380 472 1436 condenda
493 1382 633 1449 sepelitur,
654 1382 773 1448 duplicia
794 1382 940 1435 Saturnino
962 1396 1026 1435 cum
1047 1383 1136 1436 nautis
1153 1387 1207 1438 beo
1225 1389 1286 1438 vota
1304 1385 1357 1438 sol·

132 1481 260 1546 rentibus,
270 1482 327 1534 sive
339 1482 402 1548 quia
414 1481 531 1536 evadere
543 1482 712 1534 imminentis
722 1482 817 1534 mortis
829 1480 930 1535 meruit
942 1482 1062 1549 pericula
1077 1470 1133 1536 si've
1145 1483 1209 1551 quia
1222 1497 1272 1549 per
1290 1498 1354 1539 eum

132 1583 234 1633 anche
243 1580 336 1634 salsae
348 1581 437 1634 latens
448 1581 538 1635 iuerat
550 1580 708 1648 martyrium
721 1580 899 1646 publicatum.

157 1678 206 1732 18.
220 1681 321 1732 verum
333 1693 403 1746 quae
414 1679 588 1747 postmodum
600 1680 724 1733 miraculi
737 1679 896 1748 magnitudo
914 1683 1040 1747 martyris
1053 1683 1149 1735 merito
1163 1684 1244 1736 ruerit
1256 1685 1346 1737 subse·

132 1783 218 1830 autum
239 1780 257 1844 ⁶,
271 1779 401 1833 attonitus
418 1779 503 1831 lector
523 1782 551 1831 et
569 1778 678 1831 auditor
698 1783 793 1832 cautus
814 1779 937 1832 ausculta
955 1779 1031 1832 :illic
1054 1779 1177 1846 reperies
1199 1781 1352 1848 probatum,
1414 1779 1490 1832 'sie

132 1877 199 1944 ruod
217 1882 256 1930 tot
276 1891 359 1944 supra
380 1878 462 1931 rebus
481 1879 565 1945 gestis
585 1879 693 1932 videtur
714 1879 877 1943 expositum.
897 1878 953 1932 lllis
974 1879 1047 1931 enim
1066 1880 1237 1946 temporibus
1257 1881 1357 1948 quibus

132 1976 293 2030 irovinciam
304 1978 474 2031 Antiochiam
495 1977 597 2030 Arabes
619 1977 771 2044 tyrannidis
792 1977 989 2041 devastaverat,
1004 1979 1126 2031 incensis
1148 1966 1271 2032 finitimis
1293 1981 1356 2033 civi·

132 2076 235 2143 atibus,
265 2089 281 2129 a
305 2090 421 2143 quarum
442 2089 554 2144 aggeres
576 2075 718 2129 ruinarum
747 2076 862 2130 dabatur
880 2078 1025 2130 aestimare
1047 2077 1196 2144 cineribus,
1220 2078 1357 2146 velletque

132 2175 175 2227 ribi
196 2175 303 2241 imperii
324 2174 494 2229 dominatum
513 2179 608 2229 contra
626 2176 672 2241 jus
689 2176 807 2244 'fasque
827 2175 948 2244 degener
968 2174 1108 2230 vindicare
1126 2177 1244 2249 gentilis,
1259 2177 1354 2232 absur·
1370 2175 1450 2230 'corb
1461 2176 1555 2242 hujus.

132 2273 245 2341 lamque
267 2279 348 2333 essct.
361 2280 392 2327 ut
413 2276 448 2328 ita
469 2275 595 2340 dixerim,
613 2274 748 2328 crudam'
772 2275 883 2328 feralem
907 2276 1046 2329 nationem
1067 2276 1278 2343 prosapiamque
1297 2277 1356 2332 bar
1410 2275 1498 2329 'cort

132 2373 246 2427 caricam
258 2373 267 2392 ⁶
279 2373 313 2426 ad
336 2374 483 2441 imperialis
499 2374 582 2440 apicis
604 2387 684 2440 posse
696 2373 836 2440 adspirare
853 2374 999 2442 fastigium,
1013 2388 1103 2442 neque
1121 2375 1177 2430 ulia
1190 2376 1277 2430 fraudi
1295 2379 1355 2444 ejus
1395 2341 1520 2461 qucffim

132 2470 159 2524 id
171 2472 319 2525 evertenda
332 2473 438 2525 romani
452 2472 571 2527 nominis
589 2472 707 2541 insignia
720 2472 849 2538 patuisset
868 2473 984 2536 occasio,
1003 2473 1141 2528 cintatem
1158 2474 1350 2544 Tipasitanam,
1365 2473 1547 2527 barbaricum.

132 2582 208 2638 poam
229 2571 305 2625 nullo
326 2572 414 2638 potuit
430 2571 493 2626 dolo
513 2572 651 2638 decipere,
674 2577 784 2639 apertus
803 2573 860 2638 jam
881 2577 909 2626 et
929 2572 1056 2638 publicus
1082 2574 1168 2628 hostis
1188 2573 1354 2644 aggreditur.

132 2671 243 2724 tinxere
255 2673 393 2725 turmatim
406 2684 499 2727 muros
512 2679 634 2725 catervae
645 2672 833 2738 praedonum
847 2671 932 2725 hostis
950 2685 1114 2726 numerosus
1132 2685 1243 2740 campos
1257 2674 1354 2740 imple·

132 2769 170 2836 rit,
183 2770 268 2824 valles
288 2771 400 2837 obtexit,
414 2771 497 2824 colles
518 2771 634 2837 operuit,
648 2769 762 2824 ilumina
783 2770 925 2837 proclusit,
944 2772 1033 2825 fontes
1055 2773 1194 2839 abstinuit,
1219 2775 1354 2826 montium

132 2881 248 2924 wocara
259 2873 286 2923 et
298 2876 443 2937 praerupta
455 2871 571 2924 vestivit.
585 2870 658 2924 Totis
681 2884 728 2936 per
747 2874 808 2924 octo
820 2871 878 2923 dies
896 2875 1046 2938 pugnatum
1065 2876 1105 2925 cst
1117 2873 1242 2925 cominus
1260 2874 1355 2939 armis,

132 2969 257 3037 vdpositis
270 2969 414 3036 machinis,
429 2969 549 3022 turribus
562 2969 689 3022 adhibitis
700 2974 726 3022 et
739 2969 819 3022 scalis
833 2968 969 3036 admotis;
984 2970 1017 3023 ad
1030 2969 1197 3024 desiderium
1211 2983 1278 3025 suae
1287 2971 1356 3036 sitis,

132 3080 194 3136 [uae
211 3067 311 3121 civium
335 3069 495 3136 sanguinem
517 3066 666 3121 crudeliter
686 3069 803 3134 sitiebat,
819 3070 963 3137 pervenire
984 3084 1040 3124 non
1062 3072 1159 3138 potuit.
1173 3071 1237 3125 iniit
1256 3072 1356 3139 impius

132 3168 202 3236 [nasi
223 3167 275 3235 sub
295 3165 439 3221 devotione
453 3173 649 3233 commentum,
663 3173 693 3221 ut
714 3168 795 3235 hujus
817 3172 941 3235 martyris
962 3170 1172 3224 tabernaculum
1195 3171 1278 3224 veluti
1296 3176 1357 3225 vota

132 3267 264 3322 olutnrus
275 3266 390 3320 intraret
401 3272 429 3320 et
447 3272 542 3320 contra
556 3273 736 3320 romanamet
754 3268 931 3322 christianam
950 3269 1059 3335 plebem
1074 3274 1181 3336 putaret
1189 3283 1218 3323 se
1231 3271 1358 3338 martyris

132 3365 258 3421 lumbum
270 3379 320 3432 pro
333 3366 456 3419 barbaris
475 3379 555 3431 posse
572 3365 736 3419 conducere.
751 3368 850 3421 cereos
865 3368 988 3421 incendit
1003 3385 1010 3422 :
1030 3368 1141 3422 extincti
1154 3373 1219 3422 sunt
1231 3381 1281 3422 nec
1295 3369 1357 3421 mis·

132 3468 243 3519 :uerunt
263 3462 404 3532 sacrilegio
425 3463 550 3517 flammae
571 3477 757 3529 consensum;
778 3465 901 3532 calicem,
915 3479 1014 3532 panem
1035 3479 1066 3520 ac
1088 3467 1220 3520 morum*
1242 3466 1354 3520 libavit:

132 3562 229 3618 ebusus
241 3567 282 3616 est
294 3576 346 3617 nec
366 3576 445 3629 passa
465 3563 608 3630 utriusque
626 3569 767 3617 creaturae
789 3565 941 3618 substantia
962 3578 1010 3631 per
1027 3579 1057 3618 se
1078 3566 1129 3620 sub
1142 3565 1234 3619 colore
1247 3565 1355 3631 pietatis

132 3669 184 3719 ota
203 3663 349 3729 impietatis
369 3663 536 3730 impieri3et
555 3662 685 3730 quicquid
705 3665 829 3730 repetitis
849 3665 978 3731 precibus
999 3669 1179 3731 temptaverat
1197 3665 1352 3718 inexilium

132 3764 250 3823 dulcatis,
271 3762 385 3816 adverso
406 3765 459 3816 beo
481 3766 507 3816 et
531 3769 648 3830 martyre
669 3763 823 3829 resistente,
838 3762 963 3817 inefficax
983 3766 1150 3818 remansisse
1172 3765 1308 3831 persensit
1330 3771 1356 3819 et

132 3862 219 3916 loluit.
235 3862 339 3915 Putavit
351 3866 442 3915 autem
457 3875 521 3915 casu
535 3861 665 3915 accidisse
680 3861 754 3929 quod
767 3863 852 3916 semel
871 3876 927 3916 non
940 3867 1067 3930 potuerat
1079 3865 1225 3930 impetrare
1238 3883 1245 3931 ;
1264 3869 1290 3919 at
1307 3865 1355 3919 ubi

133 3967 223 4014 terum
236 3973 269 4014 ac
281 3961 360 4014 tertio
373 3962 458 4015 sensit
478 3975 506 4014 se
520 3975 575 4014 non
600 3968 734 4028 proventu
758 3962 805 4015 sed
825 3965 879 4016 beo
904 3962 1064 4029 repudiante
1079 3964 1247 4029 frustratum,
1260 3964 1355 4030 arripit

133 4074 238 4114 usanus
262 4073 312 4127 pro
324 4061 469 4114 devotione
482 4061 689 4128 blasphemiam.
703 4063 798 4115 Statim
811 4075 939 4130 namque,
953 4063 1032 4131 quasi
1046 4063 1176 4117 vindicari
1195 4078 1224 4118 se
1247 4063 1282 4117 de
1300 4067 1355 4117 beo

132 4161 258 4227 crederet,
283 4163 330 4228 qui
352 4168 406 4214 lam
431 4162 533 4215 nefaria
553 4176 609 4215 nou
632 4163 784 4229 patiebatur
805 4164 923 4229 impleri,
948 4164 1103 4218 confricatis
1121 4165 1226 4217 duriter
1248 4164 1353 4232 capillis

132 4265 298 4328 'rontemque
320 4262 410 4326 palma
432 4262 642 4325 converberans,
658 4264 773 4328 percutit
794 4263 879 4315 iratus
903 4276 1010 4316 scenam
1035 4263 1152 4329 sepulcri
1177 4263 1353 4329 cuspidibus,

132 4361 236 4415 taribus
249 4361 393 4426 strepitum
412 4361 479 4413 loris
497 4363 640 4427 emittens;
655 4367 764 4429 totoque
782 4374 830 4414 ore
847 4361 965 4427 pallidus
983 4368 1011 4415 ct
1028 4374 1143 4428 corpore
1157 4362 1354 4415 tremebundus

132 4464 203 4526 ‚tque
224 4459 312 4513 oculis
333 4459 398 4513 selle
421 4461 505 4513 nimio
524 4461 750 4528 auriginantibus,
764 4460 896 4513 confusus
916 4461 1064 4529 egreditur,
1083 4461 1236 4527 maledicta,
1251 4473 1306 4514 nou
1325 4461 1353 4513 in

132 4564 269 4624 aartyrem
293 4556 341 4611 sed
363 4559 392 4610 iu
405 4561 501 4626 beum,
514 4564 540 4611 et
560 4560 682 4614 convicia
703 4559 833 4624 profanus
852 4558 1066 4624 immurmurans,
1088 4560 1165 4625 quasi
1186 4571 1251 4612 vero
1273 4570 1346 4612 vesa-
