3136 5482
290 338 354 405 108
627 352 752 403 curru.
772 352 873 402 cono.
893 351 1069 402 unomen.
1088 350 1171 401 unu.

320 527 357 577 lte
370 521 487 576 concilio
499 521 630 574 Toletano
643 520 732 583 tertio.
746 521 794 572 ubi
807 519 841 573 de
854 518 985 573 mandato
996 518 1092 573 domni
1102 516 1222 587 Gregorii
1233 531 1321 586 papae
1332 525 1530 574 conuenerunt

286 636 323 677 ux
336 620 456 689 episcopi
468 625 495 673 et
515 621 544 673 in
565 633 620 687 quo
640 619 758 673 concilio
780 620 831 672 luit
843 620 976 685 extirpata
989 619 1098 671 arriana
1109 617 1232 671 haeresis
1250 618 1433 685 praesidente
1447 621 1530 674 ltere

286 722 366 789 redo,
379 727 405 775 et
417 719 469 774 luit
481 720 517 773 ini
531 720 634 774 electus
647 720 771 773 Breulius
783 720 811 773 in
824 720 981 785 episcopum
996 720 1279 787 caesaraugustanum
1292 719 1353 785 (iol.
1369 720 1464 783 6⁸:1²).

319 822 414 874 Sermo
427 820 499 873 beati
512 819 610 873 liraulii
622 818 651 870 in
663 818 779 872 concilio
794 819 935 881 Toletano,
949 818 979 871 iu
1002 831 1058 886 quo
1076 820 1137 885 ipse
1148 819 1200 872 luit
1211 819 1337 885 electus;
1352 820 1384 873 in
1397 833 1456 887 quo
1467 833 1530 874 ooo·

285 918 350 973 eilio
362 918 486 971 Braulius
498 920 764 984 caesaraugustanus
784 916 930 983 episcopus
948 918 1062 970 veroum
1075 917 1199 971 diuinum
1212 919 1363 985 proposuit
1375 918 1413 971 ad
1426 917 1558 972 instari-i

285 1016 351 1070 tiam
362 1017 479 1070 aliorum
492 1015 685 1082 episcopomm
698 1017 726 1068 in
739 1016 826 1070 forma
841 1029 912 1082 quae
924 1017 1049 1083 sequitur
1061 1016 1118 1076 (iol.
1132 1018 1234 1080 initu).

321 1120 352 1169 lit
364 1122 474 1184 peracto
486 1129 612 1170 sermone
623 1117 741 1171 surrexit
753 1116 864 1183 quidam
877 1117 1017 1170 liebraeus
1030 1118 1059 1169 iu
1071 1117 1199 1183 arrianis,
1209 1117 1360 1183 disputans
1370 1130 1437 1171 cum
1450 1119 1531 1170 Brau-

288 1216 363 1270 lioue
375 1217 410 1270 de
421 1216 555 1270 Trinitate
566 1216 624 1281 (sol.
643 1218 758 1281 lov-lif).

322 1319 359 1369 lte
371 1315 580 1371 circumcisione
592 1317 683 1370 earnis
701 1329 758 1369 nou
772 1315 898 1369 iacienda
909 1316 966 1382 (iol.
982 1317 1098 1381 lif-liv).

322 1418 358 1469 lie
370 1416 483 1470 sabbato
493 1429 570 1469 more
580 1415 694 1469 ludaico
707 1428 764 1469 non
777 1416 836 1469 iore
848 1415 1016 1469 celebrando
1027 1416 1084 1480 (iol.
1101 1418 1223 1481 ἰδ’-Μ’).

321 1518 358 1568 lie
369 1516 488 1568 adventu
500 1515 598 1567 Christi
611 1519 638 1567 et
651 1528 720 1569 noua
733 1515 791 1581 lege
804 1514 860 1580 (iol.
877 1516 993 1581 liv-liis).

320 1612 398 1676 Quod
410 1614 521 1666 llessias
530 1614 604 1665 veuit
616 1617 644 1665 et
655 1625 712 1666 non
724 1613 758 1665 sit
771 1613 870 1665 iterum
884 1613 1041 1666 nasciturus
1052 1612 1108 1677 (iol.
1124 1614 1241 1675 liis-li').

320 1715 357 1765 lie
367 1711 510 1778 vituperiis
521 1712 639 1765 illiorum
653 1712 735 1764 lsrael
747 1717 881 1765 eteorum
895 1710 1036 1764 sacrificiis
1049 1709 1189 1764 cessandls
1200 1709 1257 1773 (iol.
1274 1712 1408 1771 liv-lor).

320 1815 358 1865 lie
369 1811 519 1865 mutatione
532 1824 683 1879 synagogae
695 1825 744 1877 per
756 1812 917 1876 sanguinem
930 1812 1028 1864 Christi
1042 1810 1098 1865 tiol.
1114 1810 1233 1873 Μὶν).
1270 1823 1273 1828 ·

320 1914 357 1964 lie
368 1911 510 1977 probando
518 1920 550 1963 ιιο
561 1910 677 1963 adventu
691 1911 790 1962 curisti
802 1915 829 1962 et
840 1910 958 1976 qualiter
969 1915 1011 1963 est
1022 1913 1156 1962 venturus
1166 1908 1224 1974 (iol.
1237 1910 1358 1974 air-222).

319 2012 407 2073 Quare
417 2009 548 2062 llominus
559 2010 594 2062 ab
606 2009 691 2062 adam
703 2009 840 2074 praecepit
851 2021 949 2061 carnes
962 2008 1107 2061 comedere
1119 2012 1146 2061 ei
1158 2021 1214 2061 nou
1226 2008 1375 2074 praecepit
1385 2008 1533 2063 comedere

286 2121 375 2175 usque
387 2107 422 2160 ad
434 2111 498 2166 lloe.
512 2112 539 2159 et
556 2107 592 2160 de
603 2110 659 2160 Noe
671 2106 705 2160 ad
719 2109 837 2172 lloysen,
851 2112 878 2160 et
893 2120 924 2159 ea
937 2119 1008 2173 quae
1021 2108 1124 2171 llopses
1137 2104 1276 2159 mandavit
1291 2106 1320 2158 iu
1334 2104 1404 2174 iege
1421 2108 1533 2161 ruerunt

285 2207 359 2262 dicta
379 2207 519 2275 figurative
538 2212 566 2260 et
586 2207 722 2260 debebant
743 2207 805 2259 duci
818 2206 853 2260 ad
872 2205 1016 2273 figuratum
1030 2219 1077 2271 per
1096 2206 1191 2258 lilium
1204 2206 1249 2259 liei
1268 2210 1297 2259 et
1308 2206 1459 2272 apostolos
1471 2218 1533 2261 suos

291 2307 349 2371 (iol.
362 2308 480 2371 iis-23¹).

324 2408 361 2457 lie
372 2405 501 2459 carnibus
513 2403 635 2471 porcinis
647 2403 825 2459 comedendis
837 2405 895 2466 (iol.
908 2404 1028 2468 iis-23¹).

320 2504 440 2568 Qualiter
450 2503 545 2556 ludaei
559 2503 660 2556 debent
671 2501 802 2569 baptizari
816 2501 951 2568 baptismo
964 2502 1097 2555 catholico
1109 2502 1166 2566 (iol.
1179 2503 1245 2566 π’).

319 2605 413 2671 Arguit
434 2603 556 2656 liraulius
575 2601 694 2655 ludaeos
714 2602 832 2668 qualiter
852 2601 1021 2654 Eucharistia
1043 2601 1166 2667 corporis
1186 2598 1288 2654 christi
1304 2600 1428 2669 iiguraia
1440 2602 1534 2658 iuitiu

287 2703 347 2770 lege
359 2704 473 2755 llosaica
485 2702 542 2767 (iol.
555 2703 675 2765 iii-w).

318 2799 459 2853 celebrata
471 2798 575 2866 synodo
587 2798 682 2859 Toleti
696 2799 886 2864 unusquisque
898 2797 933 2851 ad
945 2798 1054 2864 propria
1066 2802 1108 2850 est
1120 2811 1253 2851 reuersus.
1288 2798 1444 2853 Residente
1454 2803 1536 2853 urm·

285 2899 359 2952 lione
380 2899 409 2951 lu
430 2899 495 2951 sede
514 2900 765 2965 caesaraugustana
783 2898 811 2949 iu
824 2897 939 2951 eeclesia
951 2904 1062 2950 sanctae
1080 2897 1189 2959 llariae.
1207 2900 1273 2949 tune
1286 2901 1367 2950 secta
1386 2899 1533 2952 lahometi

287 3002 348 3050 orta
359 3003 402 3049 est
414 2997 472 3060 (iol.
484 2997 547 3055 ilii.

318 3098 355 3150 lie
366 3098 480 3150 scientia
492 3102 519 3148 et
531 3095 659 3149 facundia
672 3095 745 3148 beati
759 3095 910 3147 Braulionis
922 3095 996 3147 etde
1008 3094 1155 3147 uirlutilius
1168 3099 1195 3147 et
1205 3092 1269 3146 aliis
1281 3093 1436 3148 beneflciis
1448 3100 1532 3149 natu·

285 3195 387 3248 ralibus
399 3195 499 3261 quilius
512 3196 601 3260 ipsum
615 3194 746 3246 liomiuus
759 3193 904 3246 illustravit
914 3194 972 3258 (iol.
985 3194 1104 3258 ils-26¹).

319 3295 355 3344 lie
367 3295 482 3345 transitu
495 3292 639 3359 fulgentii,
652 3292 700 3358 qui
713 3293 783 3344 rexit
795 3290 890 3344 sedem
900 3293 1144 3359 carthaginensem
1153 3303 1230 3344 xxuu
1239 3292 1323 3345 aunis
1332 3291 1530 3357 (foleus-iuvi.

316 3392 427 3457 sepulto
441 3391 591 3459 impertio,
603 3389 728 3442 Leander
742 3396 768 3441 et
789 3390 914 3442 Braulius
928 3390 961 3442 ad
980 3391 1089 3455 propria
1101 3394 1280 3453 revertentes,
1293 3391 1427 3445 Leander
1444 3392 1474 3445 in
1486 3392 1528 3445 ria
1555 3402 1558 3413 ⁴

284 3491 411 3557 spiritum
424 3494 479 3544 lieo
492 3492 519 3542 in
533 3491 661 3543 maninus
673 3491 825 3543 Braulionis
839 3490 929 3542 fratris
947 3489 1066 3542 reddidit
1082 3495 1110 3542 et
1129 3489 1259 3555 llispalim
1274 3503 1290 3541 a
1305 3490 1462 3545 ursulione
1486 3504 1534 3545 suo

286 3590 369 3644 tratre
382 3591 506 3656 sepultus
520 3595 560 3642 est
571 3589 628 3653 (iol.
642 3590 764 3655 itit-2¹1¹).

319 3690 450 3742 lieluncto
461 3688 595 3752 Leandro,
608 3688 741 3740 suecessit
752 3688 804 3739 sibi
825 3689 853 3739 in
871 3688 1107 3753 archiepiscopatu
1127 3687 1280 3752 llispaleusi
1299 3688 1432 3743 isidorus
1451 3689 1535 3743 inter

284 3790 353 3855 ejus,
363 3789 410 3855 qui
424 3788 524 3840 multos
535 3786 622 3839 edidit
633 3787 718 3839 libros
730 3786 759 3837 in
771 3786 922 3839 catholicae
934 3786 997 3838 ildei
1010 3786 1166 3841 eruditione
1176 3785 1235 3851 (iol.
1248 3787 1376 3851 uir-w).

316 3885 449 3948 Leandro,
464 3884 613 3951 unigentio,
629 3883 743 3947 isidoro,
756 3884 892 3936 llecaredo
903 3884 1050 3943 defunctis,
1064 3896 1161 3936 omnes
1173 3883 1298 3935 defuncti
1312 3887 1426 3939 suntin
1442 3886 1528 3939 maui-
1555 3895 1565 3916 ⁴1

282 3986 334 4037 lius
346 3985 513 4049 Braulionis;
528 3983 638 4037 taudem
657 3984 728 4035 idem
746 3984 780 4035 au
800 3982 935 4035 civitatem
954 3985 1236 4048 caesaraugustanam
1255 3994 1394 4037 reuersus
1414 3987 1447 4039 in
1465 3986 1531 4039 sede

282 4096 333 4137 sua
346 4082 376 4135 in
389 4083 502 4137 ecclesia
514 4087 623 4135 sanctae
635 4083 734 4135 llariae
746 4084 862 4148 llajoris‚
875 4083 1102 4150 congregatisque
1121 4081 1247 4147 pluribus
1258 4082 1417 4151 episcopis,
1433 4087 1464 4140 in
1478 4099 1532 4139 ma·

285 4181 368 4235 nibus
381 4181 497 4234 ludaeis
519 4182 731 4233 Terraconensis
752 4181 949 4247 archicpiscopi
971 4180 1085 4234 ielicitcr
1106 4180 1231 4246 spiritum
1251 4182 1309 4235 lieo
1328 4183 1462 4238 reddidit
1474 4183 1531 4252 (iol.

287 4283 415 4343 aiv-³0³).

763 4448 1051 4463 --

761 4469 1050 4490 —
