3156 5452
349 311 394 377 38
694 318 824 368 obtat.
843 318 945 367 CODD.
965 318 1139 369 HAGIOGR.
1159 318 1239 367 LAT.

348 493 448 552 crucis,
462 502 543 556 quem
556 488 652 540 heatus
665 487 722 552 ipse
745 487 772 537 in
793 485 999 550 archipiscopaii
1013 486 1144 553 dignitate
1164 485 1274 538 deterre
1292 490 1334 538 cst
1352 491 1488 549 assuetus,
1500 488 1521 538 ti

348 609 364 648 e
386 597 482 645 eontra
502 589 592 640 locum
611 588 639 637 in
658 600 712 652 quo
733 588 790 652 ipse
808 590 955 638 veneratur
973 590 1082 639 sanctus
1101 587 1226 640 lticliaris
1241 588 1260 639 ·.
1274 588 1377 650 Quibus
1398 586 1520 640 mediant

348 693 441 761 signis,
463 689 546 740 irater
565 687 622 751 ipse
644 686 772 751 patientis
793 690 912 736 mentem
933 686 1072 741 reseravit.
1093 692 1120 737 ct
1138 687 1290 738 successise
1311 688 1419 752 patiens
1438 685 1474 738 ad
1492 688 1519 752 ip

349 795 439 846 locum
453 790 641 841 cucurrentcs.
655 783 719 836 dato
732 783 833 849 pedum
846 784 931 835 saneti
944 784 1048 842 osculo,
1061 798 1137 836 suam
1156 790 1274 850 optatam
1292 786 1438 850 comperiit
1449 785 1521 851 eloqr

348 886 608 953 tten1‚gratiasheo
627 888 655 934 et
667 883 746 934 heato
765 881 877 934 Claudio
896 888 924 933 et
942 882 1080 948 praedicta
1099 897 1161 935 cum
1177 884 1334 949 iuramento
1354 884 1382 934 in
1400 883 1521 935 eademi

348 988 434 1042 rcndo
447 983 573 1036 eeclesia.
587 982 707 1047 Septima
719 980 764 1031 die
778 982 881 1032 mensis
902 981 1058 1033 novembris
1073 984 1129 1048 jam
1142 981 1215 1034 ‹lirto
1228 995 1312 1040 anno.
1326 983 1439 1034 testium
1451 983 1521 1048 pluri

348 1102 407 1141 rum
421 1087 449 1137 in
463 1081 617 1150 praesentia
630 1086 658 1132 ct
670 1081 723 1131 mci
738 1081 845 1132 notarii.
860 1083 888 1133 P.
902 1081 1041 1133 Gaillardi.

347 1178 676 1251 [LX111.]Demuliere
682 1179 818 1242 pedihus
826 1179 945 1243 grandi
954 1177 1144 1232 infirmitate
1153 1180 1521 1246 perdtttmeptemqutn

415 1281 530 1333 diebus
543 1277 612 1330 eine
625 1275 697 1328 otho
709 1280 743 1327 et
755 1279 844 1340 potu.
856 1276 982 1329 meritis
995 1277 1085 1330 beati
1097 1278 1224 1331 claudii
1234 1285 1458 1345 praeservata,
1468 1279 1520 1347 (1).

381 1385 460 1435 Anno
474 1378 579 1430 Domini
593 1376 739 1427 millesimo
752 1381 849 1441 quater
861 1378 1011 1429 centesimo
1023 1379 1223 1444 septuagesimo
1235 1380 1334 1444 primo,
1348 1381 1439 1431 martii
1452 1379 1498 1432 die
1512 1394 1521 1430 r

350 1481 417 1535 curii
438 1476 568 1531 vicesima
581 1474 705 1539 septima.
721 1475 749 1525 in
772 1474 831 1525 loco
850 1469 995 1539 parochiae
1017 1477 1167 1543 llegcnetc‚
1179 1476 1291 1542 Alpibus
1308 1478 1460 1530 sabaudiae
1483 1485 1510 1530 ct

350 1579 420 1631 cesis
432 1573 610 1636 (lehonensis,
624 1571 677 1623 tale
691 1576 717 1624 ct
730 1571 882 1623 inauditum
894 1577 976 1638 atque
989 1548 1141 1638 peremnia
1154 1574 1354 1637 admirandum,
1369 1576 1520 1629 credamini

350 1676 531 1745 approbatum
544 1671 716 1729 miraculum,
729 1673 844 1737 sumptis
857 1671 920 1724 inde
933 1672 1060 1725 veridicis
1073 1674 1311 1727 informationibus
1328 1690 1379 1741 per
1400 1689 1521 1729 reserem

351 1779 379 1828 in
391 1774 496 1827 christo
510 1770 594 1835 patris
606 1768 738 1820 domnum
751 1770 949 1834 liammertum,
960 1772 1118 1836 episcopum
1131 1772 1307 1829 Ehronensis.
1321 1786 1416 1826 sacrae
1429 1775 1521 1826 thcolo

350 1875 501 1933 (lectorem,
515 1874 580 1920 tunc
593 1868 680 1932 ipsam
698 1866 814 1919 diocesis
832 1868 988 1933 parochiam
1007 1870 1171 1929 visitantem,
1184 1872 1310 1936 praebuit
1330 1875 1402 1924 heus
1419 1873 1449 1923 in
1462 1885 1521 1940 quar

350 1972 458 2026 Petrina
472 1967 593 2029 nomine,
605 1965 752 2030 juvencula
769 1978 904 2018 annorum
923 1966 1008 2019 termo
1022 1966 1206 2035 duodeuiginti
1222 1985 1228 2020 z
1242 1983 1313 2035 quae
1325 1970 1360 2022 ah
1378 1972 1437 2037 ipsa
1455 1971 1521 2023 dict

351 2073 420 2124 sima
433 2067 548 2132 septima
561 2065 649 2116 martii
662 2077 749 2129 usque
763 2064 797 2115 ad
810 2065 872 2116 maii
886 2066 1009 2130 quintam
1022 2066 1073 2117 luit
1093 2067 1196 2133 absque
1215 2070 1290 2121 omni
1309 2070 1371 2122 cibo
1389 2074 1457 2135 potu
1475 2082 1521 2122 son

351 2181 406 2237 que
419 2167 448 2218 in
460 2162 579 2230 quodam
592 2163 723 2214 altissimo
736 2168 828 2215 monte
841 2164 913 2215 inter
930 2163 985 2217 duo
1003 2177 1075 2229 saxa,
1089 2166 1134 2217 uhi
1157 2166 1212 2218 illic
1232 2173 1324 2220 manat
1337 2174 1445 2220 torrens
1457 2182 1490 2221 ex
1503 2180 1521 2220 a

354 2281 414 2321 rum
439 2260 646 2321 inabundantia,
666 2260 754 2312 delata
777 2275 827 2327 per
850 2261 987 2328 quendam
1006 2263 1173 2316 haereticum
1192 2278 1241 2317 seu
1260 2265 1400 2319 diabolum
1423 2267 1475 2319 sub
1494 2280 1521 2331 sp

157 2380 233 2435 upa.
242 2375 339 2443 postet.
352 2365 428 2417 canis
439 2359 587 2423 horrendi;
600 2363 628 2411 ct
639 2359 714 2411 illam
732 2358 896 2413 discalciarit
914 2362 1089 2423 sotularibus,
1102 2366 1130 2414 et
1147 2364 1240 2415 emisa
1257 2364 1329 2430 pelle
1349 2364 1479 2429 posthaec
1496 2366 1506 2383 '
1518 2366 1521 2415 i

79 4938 82 4947 .

71 4992 305 5138 -

355 2463 440 2531 pedes
458 2474 520 2511 cum
539 2458 635 2525 grandi
654 2458 781 2523 passione
800 2458 927 2524 perdidit.
947 2462 1019 2523 Quae
1038 2474 1098 2513 sese
1117 2474 1132 2513 a
1151 2463 1285 2528 principio
1304 2464 1476 2515 beatissimae
1489 2464 1521 2514 rit

354 2560 453 2615 llariae
466 2562 493 2608 et
505 2555 675 2608 sanctissimo
688 2562 768 2620 atquc
781 2556 975 2623 gloriosissimo
985 2557 1096 2610 Claudio
1107 2559 1302 2626 protegendam
1312 2559 1430 2624 ‹icvot'it
1439 2566 1467 2613 et
1476 2566 1521 2612 tan

353 2666 473 2726 reperta,
486 2656 562 2722 prius
574 2654 699 2706 contessa
712 2661 739 2706 et
751 2667 850 2720 eorpus
868 2656 965 2707 Christi
987 2657 1043 2709 illie
1065 2656 1162 2710 clereto
1178 2659 1285 2724 recipit,
1299 2664 1326 2711 et
1338 2672 1371 2711 ex
1383 2658 1482 2712 ordine
1494 2672 1521 2711 or

352 2764 428 2827 gesta
441 2755 543 2812 retulit,
556 2754 716 2819 visitataque
730 2754 758 2805 in
777 2753 823 2805 illa
844 2767 933 2819 poena
952 2769 1001 2821 pcr
1022 2756 1171 2819 diabolum,
1185 2763 1212 2809 et
1233 2758 1321 2810 adhue
1333 2759 1397 2811 vivit
1411 2757 1521 2811 devotis

354 2865 381 2911 et
393 2856 548 2911 continens.
561 2854 684 2918 quamvis
697 2853 829 2905 maritata.
844 2854 881 2905 bc
893 2855 971 2920 cujus
988 2855 1099 2920 quidem
1117 2856 1240 2907 miraculi
1259 2858 1416 2910 testimonio
1434 2856 1493 2922 ipsc
1512 2870 1521 2907 r

353 2954 457 3009 roudus
474 2953 619 3017 episcopus
635 2951 800 3002 libronensis
820 2964 870 3016 per
887 2952 1080 3016 amplissimam
1099 2967 1162 3005 cum
1179 2954 1386 3019 quaestionibus
1403 2953 1521 3021 quadrap

352 3054 499 3106 dubiorum
512 3050 634 3102 miraculi
647 3049 756 3102 solitum
769 3049 803 3101 ad
816 3063 954 3102 summum
966 3050 1122 3117 pontiiiccm
1135 3051 1289 3104 destinarit.

522 3146 655 3216 [mm]
669 3150 715 3199 De
726 3147 849 3201 iurante
861 3151 1068 3213 strangulato
1080 3149 1183 3202 vitam
1196 3154 1420 3214 recuperante.

387 3252 458 3302 liuor
471 3248 576 3299 bonesti
590 3247 639 3300 riri
654 3247 786 3313 liuguclin
800 3246 903 3304 Gaude.
911 3247 945 3298 de
958 3248 1020 3299 villa
1033 3247 1067 3299 dc
1080 3251 1151 3301 Pois.
1160 3248 1276 3300 diocesis
1288 3249 1431 3313 Educnsis
1440 3248 1521 3301 dumi

353 3350 416 3401 riam
429 3347 484 3409 ilie,
497 3350 527 3397 ut
538 3347 579 3397 sui
593 3346 677 3398 moris
688 3350 756 3407 erat,
770 3345 804 3398 ad
816 3347 960 3397 eeclesiam
972 3360 1053 3399 causa
1073 3345 1226 3399 ‹let-'ottonis
1238 3348 1339 3407 ivisset,
1353 3348 1466 3412 partulo
1481 3348 1519 3398 iili

353 3460 424 3499 cuna
436 3450 554 3511 qtratuor
565 3444 694 3497 cornibus
706 3444 844 3510 pendente
857 3445 980 3508 dimisso,
994 3447 1115 3513 contigit.
1129 3445 1201 3497 (licta
1222 3459 1293 3498 cuna
1305 3458 1320 3496 a
1341 3458 1406 3497 casu
1419 3450 1521 3497 transui

353 3548 388 3600 ita
402 3543 476 3611 quod
491 3555 573 3608 supra
587 3549 646 3595 crat
658 3544 753 3596 subtus
765 3545 906 3597 inventum
920 3543 987 3607 lore,
1001 3544 1103 3596 dietum
1114 3545 1257 3609 parvulum
1267 3545 1381 3611 ligatura
1390 3550 1514 3609 quaerat

353 3652 410 3697 tum
423 3643 595 3710 strangulari.
608 3644 693 3694 llater
704 3643 739 3695 ah
749 3643 865 3695 ccclesia
878 3648 1029 3697 revertens.
1039 3644 1078 3695 sie.
1092 3643 1225 3694 infantem
1239 3643 1392 3701 inveniens,
1406 3644 1521 3696 semime

352 3741 512 3809 aliquandiu
525 3754 680 3802 remanens,
694 3741 760 3794 dum
771 3742 843 3794 vires
855 3743 1010 3808 resumpsit,
1023 3741 1156 3794 ululando
1169 3742 1258 3807 eoepit
1278 3741 1396 3793 claruere
1412 3742 1521 3794 elamor

355 3854 470 3907 pingens
480 3841 630 3906 planctum,
644 3842 680 3892 ita
692 3847 722 3892 ut
734 3840 827 3893 famuli
841 3847 868 3892 et
881 3845 935 3892 tota
955 3841 1054 3893 ricinia
1067 3840 1100 3892 ad
1123 3847 1177 3892 tam
1198 3839 1371 3891 lamentabile
1393 3847 1521 3904 spectaeu

354 3940 543 3991 mrneutrerrt.
556 3941 610 3991 Nec
622 3938 770 3991 defuerunt
782 3940 832 3991 riri
843 3939 1026 4004 justitiarum3
1041 3941 1086 4005 qui
1100 3944 1127 3990 ct
1139 3938 1227 3991 adbuc
1248 3939 1286 3989 sic
1300 3936 1469 4002 pendentem
1490 3953 1521 4004 pa

355 4042 411 4093 lum
431 4038 572 4090 inventum
590 4037 788 4103 deposuerunt.
808 4039 913 4103 ltaptim
932 4044 1059 4103 parentes
1079 4050 1178 4102 corpus
1197 4036 1231 4088 ad
1250 4036 1392 4088 ecelesiam
1418 4038 1521 4089 sanctis

353 4137 458 4189 tilaudii
475 4137 650 4189 devotissime
671 4136 885 4202 deportaverunt
899 4153 905 4188 :
919 4138 955 4189 ita
972 4142 1011 4202 ut,
1024 4136 1090 4188 dum
1102 4136 1136 4187 ab
1149 4137 1271 4187 oratione
1285 4139 1413 4200 parentes
1424 4147 1521 4202 surget

354 4240 456 4307 pariter
467 4245 495 4290 et
507 4250 576 4303 pucr
588 4237 623 4290 ad
635 4239 727 4290 vitam.

410 4335 528 4405 [bxv]
539 4339 586 4389 De
597 4336 721 4390 homine
732 4350 827 4389 usum
839 4350 933 4400 quem
944 4334 1134 4400 perdiderat
1145 4333 1292 4398 loquendi
1303 4337 1521 4396 recuperante

385 4442 464 4491 Anno
476 4438 582 4489 homini
596 4436 741 4489 millesimo
758 4435 1029 4502 quadringentesimo
1047 4435 1224 4501 nonagesimo
1242 4434 1340 4498 primo,
1353 4432 1486 4485 uicesima
1507 4440 1521 4485 n

387 4605 423 4667 ii)
438 4602 493 4655 Gir.
508 4601 585 4667 itud,
599 4617 626 4667 p.
638 4602 696 4661 hilii,
711 4614 740 4653 n.
752 4601 837 4653 osto.
