3136 5482
502 319 629 370 CATAL.
648 321 749 399 (ΞΟΙΗ).Ι
769 321 942 372 unomen.
962 324 1044 376 LAT.

312 489 516 591 nectensis]
535 497 573 568 et
602 489 835 567 confessoris
866 490 1023 588 Christi,
1048 516 1150 595 quae
1176 496 1368 578 celebratur

313 638 417 693 nono
437 613 690 692 kalendarum
710 613 802 689 maii
819 612 896 712 (fol.
921 613 1075 717 idi-idi
1092 618 1147 718 (1).

199 751 313 804 Auctore
327 749 487 813 Caelestino,
500 748 534 800 de
546 760 600 813 qua
615 747 680 800 Act.
692 747 749 813 SS.,
763 745 798 799 ad
811 745 838 798 d.
852 748 885 799 30
895 749 982 811 liant,
996 756 1064 801 tom.
1078 752 1124 811 lll,
1137 766 1163 817 p.
1177 753 1238 817 816,
1251 767 1277 807 n.
1287 756 1308 807 l.

264 848 305 925 2⁰
322 849 406 931 Vita
423 847 483 925 vel
503 855 609 924 actus
626 845 730 924 beati
749 845 934 925 Honorati
954 847 1130 949 episcopi
1145 850 1363 936 Arelatensis.

314 1003 432 1081 quam
463 979 588 1057 edidit
618 977 856 1056 clarissimus
886 978 1067 1071 Hilarius,
1088 983 1158 1084 qui
1190 984 1225 1062 ei
1253 984 1365 1064 merito

316 1104 501 1183 successit
518 1102 594 1202 (sol.
614 1100 778 1202 hdr-Alfi.

202 1240 250 1293 Ed.
263 1241 328 1293 Act.
341 1238 398 1305 SS,
411 1236 445 1290 ad
458 1236 485 1288 d.
499 1237 597 1302 dian,
610 1240 676 1289 tom.
691 1237 723 1301 ΙΙ,
737 1250 763 1302 p.
779 1237 864 1289 17-24.

268 1337 307 1414 3⁰
324 1337 408 1414 Vita
438 1335 560 1414 sancti
589 1333 724 1410 llilarii
742 1333 916 1435 episcopi
935 1334 1170 1415 Arelatensis
1196 1337 1366 1423 ecclesiae,

316 1482 435 1562 quam
468 1459 592 1538 edidit
623 1458 792 1537 domnus
818 1457 1070 1539 Reverentius
1096 1463 1180 1563 ejus
1198 1484 1369 1541 successor

318 1585 357 1661 in
376 1584 602 1687 episcopatu
619 1581 696 1682 (fol.
717 1581 884 1683 Alf-ddi).

203 1718 252 1771 Ed.
265 1719 294 1770 P.
306 1719 348 1781 ln,
361 1722 427 1770 tom.
440 1717 470 1779 L,
484 1716 638 1781 pratulo

269 1815 309 1893 l⁰
329 1815 579 1916 Epitaphium
598 1813 774 1914 ejusdem
792 1813 869 1916 (fol.
890 1813 1054 1915 dd'dl‘).

205 1949 386 2015 ru.ni‹1.,1›.
402 1950 520 2002 iaus-n.

269 2047 309 2125 5⁰
327 2047 410 2126 Vita
440 2046 561 2125 sancti
593 2045 774 2144 Caesarii,
795 2067 913 2147 quam
940 2046 1111 2125 domnus
1129 2047 1333 2149 Cyprianus
1346 2056 1374 2122 et

320 2172 456 2249 heatus
498 2171 694 2249 Firminus
720 2179 758 2249 et
787 2179 943 2248 sanctus
977 2171 1178 2250 Viventius
1208 2169 1374 2273 episcopi,

319 2318 470 2374 necnon
500 2294 707 2396 presbyter
736 2294 946 2372 llessianus
964 2303 1002 2373 et
1021 2294 1210 2374 diaconus
1241 2295 1377 2395 Stepha-

319 2445 391 2500 nus
409 2420 647 2522 scripserunt
664 2418 741 2519 (fol.
763 2418 929 2519 dli-llil).

205 2557 254 2609 Ed.
267 2556 331 2609 Act.
344 2555 401 2621 SS,
414 2553 448 2606 ad
461 2552 489 2606 d.
503 2556 534 2606 27
547 2555 626 2620 Aug„
639 2557 705 2606 tom.
719 2553 760 2616 Vl,
774 2567 802 2620 p.
815 2554 902 2606 6485.

272 2652 311 2729 6⁰
329 2653 413 2731 Vite
443 2651 546 2729 beati
576 2649 726 2751 Virgilii
758 2650 1042 2753 archiepiscopi
1075 2651 1316 2747 Arelatensis,
1336 2671 1376 2726 u1

321 2775 409 2852 idus
427 2773 600 2852 octobris
617 2773 694 2874 (fol.
716 2773 908 2871 93s-100ll.

204 2909 252 2962 Ed.
267 2909 332 2961 ibid.
357 2909 389 2960 ad
403 2908 429 2959 d.
442 2911 458 2960 5
470 2911 558 2972 liant,
573 2913 637 2960 lom.
653 2909 673 2971 l,
688 2922 714 2972 p.
730 2909 814 2959 loos.

646 3120 934 3140 —h—

640 3150 934 3170 —

358 3412 571 3500 oonxxn.
596 3410 721 3498 Codex
742 3411 929 3520 signatus
950 3436 1062 3500 num.
1089 3412 1214 3502 5296.

206 3654 274 3704 Olim
287 3651 460 3704 Colhorhnus
471 3653 514 3712 55,
527 3650 627 3702 ‹leinde
640 3650 738 3717 llegius
751 3652 778 3700 C.
793 3651 895 3701 stoan.

206 3751 342 3805 Foliorum
355 3752 413 3812 213,
427 3751 489 3815 maij.
502 3750 720 3814 (0¹¹¹,lss><0,338),
735 3748 871 3801 columnis
885 3749 967 3813 binis,
982 3754 1108 3802 exaratus
1122 3762 1196 3802 saec.
1211 3753 1276 3803 xiil.

33 3874 109 3929 etc.
274 3851 311 3924 l⁰
329 3850 476 3925 Eodem
509 3847 573 3924 die
591 3849 618 3942 *,
640 3847 770 3947 passio
797 3847 900 3925 beati
932 3847 1097 3925 Andeoli
1118 3849 1295 3949 martyris
1311 3843 1372 3946 (fol.

323 3972 433 4069 r-au.

205 4107 253 4158 Ed.
266 4107 331 4159 Act.
346 4105 403 4171 SS,
418 4105 450 4156 nd
466 4103 493 4156 d.
509 4107 519 4155 l
535 4105 606 4168 Maii,
620 4110 685 4157 tom.
699 4106 720 4167 l,
734 4119 760 4170 p.
780 4106 864 4158 5555.
877 4104 1014 4158 Nonnulla
1032 4105 1060 4157 in
1080 4105 1172 4159 media
1189 4106 1311 4159 passione
1322 4101 1375 4155 desi·

172 4206 314 4270 derantur,
328 4205 399 4258 soliis
412 4204 575 4256 dilaceratis.

202 4406 237 4468 (i)
255 4405 324 4454 Ante
347 4403 418 4454 hanc
439 4403 522 4453 vitain
550 4402 677 4468 leguntur
697 4402 753 4461 (iol.
778 4405 852 4465 ppt)
874 4401 1022 4455 homiliae
1043 4403 1077 4455 de
1098 4406 1125 4455 S.
1150 4407 1291 4470 Trophimo
1311 4401 1376 4466 prino

168 4485 296 4550 episcopo
318 4483 478 4543 Arelatensi,
491 4483 565 4535 uunde
587 4484 719 4535 nonnulla
742 4484 838 4535 recitat
859 4484 972 4546 l'aillon,
987 4483 1193 4552 diouunzeuts,
1209 4494 1270 4548 etc,
1288 4493 1340 4536 lon.
1351 4479 1374 4530 ll·

171 4583 197 4633 p.
210 4569 270 4631 555,
284 4572 341 4619 not.
