3136 5482
185 101 247 169 154
526 123 651 175 onnon.
672 127 773 175 cono.
794 126 967 176 nemone.
987 126 1066 176 nm.

179 290 303 358 quidem
309 304 402 359 posse
413 293 448 346 in
459 293 565 361 aliquo
571 294 739 362 prodesse;
752 295 853 363 manis
863 299 969 350 autem
981 308 1002 351 a
1014 296 1069 350 aia
1086 296 1230 353 veritatis
1246 297 1438 371 mons„

177 391 326 461 quicquid
346 392 428 447 illud
443 396 499 461 est,
517 396 561 449 ad
582 397 708 449 tartara
725 408 797 449 suos
817 399 986 452 sectatores
1004 396 1188 465 perducere.
1203 399 1283 453 Deus
1303 400 1438 461 armet

178 496 283 548 reoster
295 508 351 549 nec
369 496 403 549 in
421 495 615 564 manufactis
635 497 828 565 imape'nitees
845 497 1053 565 concluditur,
1066 508 1123 553 nec
1133 496 1295 565 aliquidem
1307 500 1438 566 peda.—

179 594 267 649 toriis
284 595 322 648 de
340 596 405 650 loco
425 597 467 650 ad
487 598 589 650 locum
611 575 854 652 incediturssst
870 596 952 651 enim
973 597 1168 665 amnipotens
1187 598 1218 651 et
1229 597 1432 670 immanet,

179 697 208 747 et
220 694 335 749 idcirco
347 694 461 762 noe'qeee
477 696 638 750 inuenitur
650 699 742 759 totns,
754 698 839 751 unde
849 710 905 752 nec
917 699 964 752 est
974 696 1030 765 qui
1040 710 1074 750 se
1084 695 1255 751 abscondat
1265 710 1287 751 a
1301 697 1430 754 meare

178 794 255 859 ejua
277 795 397 849 dicente
413 796 517 850 eodem
530 796 685 864 propheta
704 814 713 851 .·
730 816 746 845 e
766 798 798 851 Si
809 797 977 852 ascendero
989 797 1025 850 in
1036 798 1169 863 caelum,
1183 798 1218 849 tu
1230 795 1298 851 illic
1308 809 1353 861 es,·
1364 798 1427 850 σε·

178 894 361 948 descendero
374 894 408 947 in
418 894 589 963 infernum,
597 896 724 960 ades,·si
735 908 896 963 sumpsero
901 908 1027 963 pereeeas
1038 908 1125 949 meas
1134 895 1276 950 dituculo
1284 893 1422 949 eildi-

179 995 284 1056 tarero
298 993 333 1046 in
352 994 500 1047 extremis
511 995 621 1062 maris,
632 994 747 1049 etenim
757 995 837 1049 illuc
847 1008 962 1048 mames
977 996 1034 1048 tua
1047 994 1178 1051 deducet
1190 998 1280 1049 meet
1293 992 1423 1048 tenebit

177 1105 226 1145 me
242 1092 374 1147 deutera
390 1096 456 1146 tua.
477 1113 492 1141 »
510 1094 591 1161 Erpa
609 1107 706 1162 neque
727 1093 766 1148 ab
783 1095 905 1149 oriente
928 1106 1026 1162 neque
1043 1093 1082 1147 ab
1099 1092 1257 1149 occidente
1271 1104 1357 1161 neom
1373 1104 1422 1145 α

177 1192 331 1258 nereidae
352 1206 450 1262 neque
465 1208 486 1247 a
500 1194 708 1262 septentrione
721 1197 767 1248 est
777 1193 995 1262 praesentiam
1014 1192 1239 1261 omnipotentis
1254 1192 1382 1247 madae
1410 1206 1424 1245 .·

178 1293 285 1346 omnia
296 1294 379 1346 enim
392 1293 508 1362 implet,
521 1294 627 1347 omnia
639 1293 824 1361 circumdat,
838 1294 945 1348 omnia
955 1293 1149 1355 moderatur,
1163 1291 1300 1360 disponit
1307 1290 1422 1360 procot

177 1393 246 1445 cult
257 1394 286 1445 et
295 1392 432 1461 ordinat,
446 1393 568 1460 faciens
580 1394 615 1446 in
626 1395 713 1449 caelo
724 1397 753 1448 et
762 1394 797 1446 in
807 1396 895 1448 terra
903 1405 1114 1461 quaecumque
1122 1394 1198 1446 sunt
1205 1393 1237 1446 ei
1239 1390 1352 1460 placita
1360 1388 1424 1441 in

179 1492 337 1559 aequitate
346 1492 491 1546 veritatis
503 1493 678 1560 ctjustitia.
696 1493 755 1553 Qeei
765 1493 862 1547 etiam
874 1492 1028 1547 hominem
1040 1493 1084 1546 ad
1094 1505 1190 1547 suam
1207 1490 1282 1561 fecit
1296 1488 1420 1559 inadi-

89 1595 94 1605 ·
113 1635 120 1648 ,
182 1602 250 1643 nem
262 1592 291 1643 et
299 1590 551 1657 similitudinem,
565 1591 701 1645 rationis
714 1591 834 1646 scilicet
850 1603 997 1659 capacem
1013 1593 1042 1644 et
1054 1592 1216 1645 naturae·
1234 1583 1421 1645 immutabi-

182 1691 239 1743 tem
250 1690 324 1757 :qni
330 1690 466 1757 proinde
477 1691 636 1745 claritatis
647 1692 714 1757 ejus
725 1688 968 1759 ploriaperfeui
975 1690 1074 1745 simul
1084 1702 1155 1745 cum
1169 1689 1291 1758 anaelis
1296 1696 1418 1758 perpe·
1431 1678 1438 1729 ¹

179 1791 232 1841 tuo
243 1788 408 1857 deiecisset,
421 1789 486 1842 nisi
500 1790 674 1844 Conditoris
681 1789 853 1859 praecepti,
862 1790 1015 1843 suadente
1023 1787 1157 1856 diabolo,
1170 1800 1261 1855 aecem
1275 1800 1322 1842 oos
1333 1794 1417 1839 τισι·

178 1888 296 1941 cienler
306 1891 335 1941 et
353 1889 539 1956 ipnoranter
556 1890 698 1943 adoratis
710 1892 739 1943 et
756 1889 871 1956 colitis,
879 1888 1124 1957 praevaricator
1139 1886 1301 1943 eutitisset.
1320 1879 1416 1940 Unde

178 1988 342 2055 siquidem,
357 2002 428 2043 cnm
447 2004 468 2043 a
488 1991 548 2043 Deo
568 1993 737 2058 separatus
758 1988 879 2057 inferni
896 1992 925 2043 et
942 1988 1053 2043 mortis
1069 1987 1256 2042 subderetur
1277 1984 1415 2055 nadre&

179 2091 253 2147 teneo
267 2090 373 2143 eeutlus
381 2092 511 2156 praeter
522 2104 592 2143 eum
604 2091 660 2157 qui
670 2089 810 2144 condidit
820 2092 866 2143 cst
878 2089 1023 2143 inventus
1033 2102 1054 2143 a
1070 2101 1131 2157 auo
1142 2101 1236 2143 verae
1251 2078 1415 2143 tenneli-⁸

179 2189 392 2243 necessariam
411 2190 532 2244 cerrectis
555 2189 732 2257 perciperet
752 2202 839 2256 opus.
863 2189 996 2256 ideoque
1015 2188 1167 2243 Dominus
1186 2191 1290 2244 noster
1309 2166 1438 2240 law

182 2287 323 2342 Christus
331 2288 487 2356 piamenti
497 2302 554 2342 sno
566 2290 732 2343 clementer
743 2301 932 2356 compassus,
944 2288 978 2341 in
988 2287 1232 2357 redemptionem
1241 2287 1306 2355 <jus
1314 2270 1419 2341 ch‘

179 2390 288 2454 sponte
300 2401 361 2442 non
372 2391 475 2442 coacte
486 2392 531 2442 est
540 2387 666 2455 adimes,
679 2388 781 2455 ibe'qae
791 2387 978 2455 sanquinem
988 2401 1082 2441 suum
1090 2386 1230 2456 fundens
1238 2374 1419 2456 munite

180 2490 209 2541 et
222 2490 392 2556 omnesqui
404 2491 439 2543 in
449 2488 574 2557 inferno
582 2490 698 2555 ienuste
709 2489 938 2550 detinebantur,
944 2466 1089 2557 potenter
1100 2482 1422 2553 mesmicorditertffl

182 2587 325 2643 literana
337 2592 431 2658 atqne
442 2590 485 2644 ad
497 2576 645 2643 aetereeae
650 2602 776 2657 pascua
788 2589 872 2643 ritae
882 2588 1091 2657 pandentibus
1102 2590 1263 2643 caelorum
1274 2570 1423 2656 nemini*

180 2687 234 2741 bns
248 2689 366 2755 inperii
377 2689 500 2756 alariae
508 2688 666 2756 triumpho
675 2689 812 2742 reducit.
825 2688 959 2756 Insuper
968 2689 1063 2761 etiam
1072 2688 1272 2756 semetipsum
1283 2662 1438 2741 Decimi!

182 2789 226 2840 tri
237 2789 487 2842 seeoadoocatum
499 2790 531 2841 e'ee
542 2789 777 2856 spiritnsaneto
786 2788 956 2851 coeestiteeit,
967 2789 1003 2841 ut
1011 2787 1041 2840 si
1052 2788 1124 2855 anis
1131 2778 1423 2857 scruposltapie's·

180 2902 266 2942 mune
277 2889 403 2956 aliquid
415 2889 523 2942 delicti
540 2889 736 2955 incurrisset,
749 2887 851 2954 ipsum
854 2887 1101 2955 propitiatorem
1115 2886 1257 2940 omnium
1269 2884 1421 2955 peccat&

181 3005 254 3044 rnen
265 2991 359 3046 sciret
369 3004 425 3045 nce
436 2994 599 3058 suspectas
611 2990 770 3057 etdifflsns
782 2992 859 3042 esset
868 2989 906 3042 de
915 2989 1110 3042 remissionis
1120 2989 1241 3058 pratia,
1253 2989 1307 3058 aui
1313 2984 1419 3057 prae·

181 3092 279 3144 missa
293 3093 415 3144 tantum
427 3089 631 3156 confessionis
643 3089 1009 3158 tnecrnajeestificandus
1021 3092 1099 3143 esset
1111 3090 1146 3143 in
1157 3090 1228 3145 sola
1239 3078 1414 3145 menri!

178 3191 230 3243 sui
252 3189 492 3243 miserationum
513 3192 607 3256 atone
623 3189 916 3243 misericordiarum
934 3189 1111 3242 multarum
1125 3188 1292 3243 clementia
1308 3158 1438 3255 :affl

178 3288 264 3341 niam
275 3288 371 3342 etiam
383 3288 468 3341 dedit
482 3288 568 3341 nobis
576 3289 697 3355 pinnas
712 3289 764 3341 sui
773 3289 893 3342 amoris
909 3290 945 3341 ut
960 3290 1088 3342 neaemat
1098 3300 1222 3356 semper
1233 3287 1270 3341 in
1280 3274 1403 3342 monet

176 3402 231 3441 aas
240 3389 274 3439 in
286 3400 329 3453 eo,
334 3401 394 3455 pro
403 3388 476 3440 nisu
488 3390 611 3441 tantum
618 3388 730 3441 mentis
736 3390 766 3440 et
777 3386 978 3441 rationabilis
988 3386 1110 3441 actione
1111 3386 1255 3456 precans,
1266 3390 1396 3441 armenes

177 3488 312 3542 connecti
323 3487 357 3540 in
376 3487 507 3541 invicem
523 3486 649 3541 vineato
667 3487 831 3554 fraternae
845 3487 991 3541 caritatis
1009 3489 1198 3565 mutuaeque
1214 3483 1397 3543 dilectionis·

178 3589 252 3642 Ecce
263 3587 401 3654 qualiter
413 3588 493 3639 Deus
505 3590 612 3639 noster
623 3599 697 3652 erpa
707 3599 757 3640 eos
770 3599 844 3652 aeros
856 3586 996 3640 condedit
1004 3585 1161 3640 sollicitas
1172 3583 1249 3655 fnit,
1261 3588 1337 3641 dum
1346 3600 1397 3641 oen·
1434 3598 1438 3603 ·

178 3700 230 3740 nes
242 3685 752 3754 frater-neocoreneeeosamoreJ'uieet
761 3687 804 3740 ad
812 3689 960 3740 aeternae
968 3685 1339 3753 beatitudinispaudium
1348 3606 1438 3757 1ωᾶ

178 3786 343 3853 titiumque
349 3784 475 3852 pariter
486 3798 672 3852 properare,
685 3786 835 3851 quatinus
852 3785 965 3839 ibidem
983 3799 1055 3840 ouen
1070 3799 1105 3840 ec
1122 3785 1193 3841 sine
1209 3787 1278 3854 fine
1292 3787 1401 3856 queant

177 3884 355 3938 exultantes
365 3883 511 3949 peredere.
524 3884 603 3949 Erpa
611 3897 682 3937 cum
692 3883 761 3936 nihi
763 3886 774 3937 l
783 3885 848 3938 talc
857 3885 868 3935 i
870 3898 890 3937 n
903 3884 996 3938 idolis
1009 3885 1083 3953 fleri
1091 3885 1302 3955 connascitur,
1312 3888 1407 3942 mid

177 3986 212 4035 nt
226 3996 287 4037 non
303 3984 405 4036 solean
417 3982 508 4035 nulla
521 3983 683 4048 divinitas,
695 3984 749 4037 sed
762 3984 857 4038 etiam
872 3985 1036 4038 daemones
1051 3984 1131 4037 inibi
1138 3985 1285 4053 pleeeiter
1299 3988 1410 4043 adan·

174 4098 245 4138 reem
252 4085 345 4151 fidem
355 4083 860 4151 vennerecomprobemurropulus
869 4091 961 4138 aulem
970 4084 1085 4139 audiens
1095 4087 1263 4141 exoretanti
1272 4088 1411 4155 pontificis

175 4183 289 4235 verbum
303 4196 437 4250 supernae
450 4183 553 4247 salutis,
567 4183 656 4235 statim
668 4183 760 4249 agnilo
774 4181 873 4236 delicto
886 4184 929 4235 sui
942 4184 1043 4237 erroris
1054 4184 1253 4250 compungitur
1265 4186 1302 4240 ab
1314 4188 1412 4242 intimo
1425 4184 1438 4241 t

176 4281 276 4349 cordis,
297 4288 323 4335 et
345 4295 477 4349 respuens
498 4282 707 4335 daemoniorum
727 4282 872 4340 culturam,
883 4284 1017 4336 convertit
1034 4283 1062 4335 in
1080 4283 1195 4338 herbam
1209 4283 1289 4339 florei
1299 4287 1417 4355 cespitis

175 4382 287 4448 vestigia
299 4396 347 4447 ner
359 4387 450 4436 sentes
462 4382 569 4435 dumosi
591 4382 663 4434 ruris
684 4379 761 4446 prius
782 4382 914 4447 errantia,
931 4379 1051 4435 dicando
1063 4382 1174 4437 Christo
1184 4383 1244 4448 jam
1258 4384 1351 4441 nitida
1362 4399 1419 4454 per
