3136 5482
166 294 211 363 42
506 310 633 361 cirin.
652 310 754 360 cono.
773 308 947 360 enoiosa.
966 308 1048 358 aar.

164 479 380 544 intermissione,
393 481 522 546 quatinus
535 478 684 533 ineffabilis
703 478 804 533 Christi
823 479 931 533 bonitas
951 475 1055 529 relictis
1075 475 1157 529 idolis
1171 472 1314 527 reduceret

166 577 200 631 ad
213 592 291 631 suam
304 577 485 646 agnitionem.

197 676 229 729 8.
244 680 324 729 Beata
344 688 410 729 iero
431 678 505 745 rii-go
525 678 631 731 valeria
652 676 758 729 sedenti
778 675 807 729 in
830 676 929 728 throno
949 686 1032 727 aureo
1045 671 1109 725 duci
1123 670 1243 725 occurrit
1255 671 1320 736 inpi

163 790 226 829 cuni
238 789 344 828 sumnia
355 776 545 839 benevolentia
557 783 585 829 et
597 776 732 842 intrepida
745 774 839 828 eorde.
853 778 939 840 Quam
959 773 1088 839 princeps
1101 770 1262 823 terribiliter
1274 771 1320 822 inti

165 887 230 927 roeo
243 874 342 927 minaci
355 880 547 940 percunctatur
559 882 651 928 utrum
669 876 731 941 plus
742 875 826 928 alium
844 887 975 940 sponsum
993 885 1075 938 quam
1088 883 1118 923 so
1131 869 1268 937 diligeret,
1283 873 1314 920 ut

164 974 304 1025 retulerat.
316 974 363 1025 Cui
377 973 477 1026 litando
487 975 606 1041 alloquio
619 979 646 1026 el
658 975 733 1027 vultu
743 973 880 1026 submisso
890 970 1073 1037 imperterrita
1083 968 1159 1035 uirgo
1170 969 1217 1021 ilci
1231 980 1320 1033 respoi

163 1071 232 1124 Mem
244 1070 493 1138 tibi‘,elai·iasiiite
499 1072 659 1141 princeps,
671 1071 757 1140 facio
770 1070 932 1136 truttmunt,
941 1069 1079 1135 aliquem
1095 1067 1260 1120 mortalem
1266 1046 1320 1131 pri

165 1181 259 1235 neiis‚·
279 1170 333 1222 sed
353 1170 446 1223 illam
466 1170 564 1238 dilipo
585 1173 682 1224 Deum
700 1184 721 1223 a
741 1182 800 1236 aito
820 1168 921 1223 creati
939 1180 1047 1220 sumus
1070 1164 1168 1233 attilio,
1187 1163 1244 1231 qui
1267 1176 1320 1217 cae

164 1269 268 1320 terrae
288 1268 456 1335 iiitpcrlitm
476 1271 620 1337 eontinet,
640 1282 730 1336 quein
759 1268 886 1335 capuaci
900 1280 961 1335 per
985 1264 1222 1319 solutissimum
1240 1264 1270 1315 ct
1291 1275 1320 1315 ae

161 1378 286 1419 ‚tertam
306 1367 372 1432 eius
390 1368 579 1422 Martialem.
599 1369 656 1421 illi
675 1368 812 1422 creatori
827 1380 887 1434 per
901 1364 1173 1433 praedicationem
1193 1360 1316 1415 domitii

162 1454 326 1531 apostolici
338 1466 400 1518 riri
411 1466 572 1520 Martialis
584 1480 685 1520 meam
698 1466 766 1520 oooi
785 1466 1008 1533 virplititatein,
1016 1475 1078 1530 pro
1090 1462 1181 1528 citius
1192 1472 1303 1513 artiore

164 1566 224 1616 terit
244 1577 307 1617 iton
326 1565 473 1618 recusabo
493 1565 606 1618 stibiic.
620 1566 740 1619 ltieiti‘m
759 1566 840 1618 Deiis
861 1576 948 1616 nicus
965 1563 1056 1615 lestis
1071 1560 1222 1626 Christus,
1234 1558 1321 1627 filiai

164 1661 271 1714 Patris
283 1663 511 1732 multipartitis,
524 1667 598 1718 ante
619 1668 757 1731 tenuiora
769 1678 790 1717 a
802 1664 900 1717 Patre
908 1662 1033 1729 penitas
1051 1660 1120 1712 sine
1137 1660 1248 1725 uiuite,
1263 1660 1321 1710 tetii

162 1762 266 1813 autem
278 1765 384 1815 nostro
396 1762 434 1814 dc
453 1763 574 1829 ot'rpine
593 1766 698 1830 italiis,
706 1776 768 1830 per
779 1776 869 1830 qiteiit
889 1761 1027 1814 ricaudus
1039 1761 1085 1812 est
1099 1757 1215 1824 sactus,
1229 1768 1320 1823 quem

157 1860 404 1925 perpessionem
418 1862 519 1927 pitulo
540 1864 613 1914 (title
633 1860 687 1916 lios
705 1874 804 1915 citinas
821 1861 961 1926 redeunt,
974 1862 1003 1911 et
1016 1857 1102 1911 nobis
1114 1855 1290 1909 antistitem
1301 1868 1321 1906 s

162 1958 342 2011 Martialem
355 1959 440 2012 iitisi't
457 1960 512 2026 qiti
522 1974 578 2014 iios
591 1961 602 2011 i
605 1961 789 2014 llitint‘itaret
800 1961 838 2013 de
851 1959 997 2025 mysterio
1009 1954 1198 2010 diuinitatis.
1212 1954 1305 2006 Idola
1318 1976 1321 2001 i

160 2055 334 2110 colebamus
345 2060 434 2111 tituta
446 2061 475 2112 ct
486 2060 586 2112 surda
604 2064 687 2128 sitiit,
701 2063 730 2113 et
737 2061 837 2126 pietat
858 2057 1004 2125 pallaciis
1024 2056 1221 2108 dacrion-unt.
1238 2050 1321 2111 Ottt'bi

162 2153 387 2209 ‹ilreituitti'are
399 2160 458 2211 toto
479 2160 571 2211 corde
590 2159 727 2212 colueris
747 2161 776 2211 et
791 2157 906 2212 Citristi
922 2154 1129 2210 sacramentis
1141 2166 1163 2205 a
1175 2151 1232 2204 Dei
1246 2162 1321 2217 porti

163 2254 312 2308 ,Martiale
327 2258 357 2308 tc
379 2256 505 2310 i’iiltiart'
511 2259 706 2325 permiseris,
721 2271 817 2324 iisqite
837 2257 872 2309 iit
892 2258 987 2326 fittein
1005 2267 1092 2307 meas
1110 2264 1200 2305 antor
1218 2253 1318 2303 tecum

164 2353 307 2422 iiutncbit,
320 2357 349 2407 et
371 2357 499 2422 nuptias
518 2370 645 2423 spernes
666 2360 696 2409 et
713 2370 766 2423 epo
787 2355 1000 2423 vt'rpiiti'tatein
1020 2366 1084 2406 iton
1104 2351 1271 2416 amiitaiit3
1283 2350 1313 2401 et

164 2455 291 2504 mortem
301 2455 441 2520 corporis
453 2456 496 2507 ad
508 2456 600 2507 illam
606 2456 825 2522 perveniemus
837 2455 935 2507 vitam
947 2465 1027 2520 quae
1040 2449 1208 2504 terminum
1220 2461 1285 2501 iton
1295 2446 1322 2498 lii

163 2552 220 2613 Quo
230 2551 333 2619 audito,
343 2552 398 2606 iliiit
410 2554 491 2605 nimis
499 2554 628 2606 trendens
636 2569 692 2607 non
702 2568 761 2607 eam
771 2553 875 2607 dlutius
884 2566 977 2605 secum
985 2564 1082 2617 passus
1094 2555 1136 2601 est
1148 2547 1321 2601 contabulari

163 2649 283 2714 repletus
295 2651 388 2703 lurore
399 2651 686 2705 dietaiitseutentiam
700 2655 814 2717 [coram]
823 2652 952 2706 omnibus
962 2651 1071 2703 diceus:
1089 2647 1280 2707 Qiiautocius
1294 2646 1322 2696 di

165 2760 234 2799 cain
248 2751 340 2801 extra
360 2749 526 2818 civilatem,
548 2754 578 2805 et
598 2752 711 2818 capitis
726 2752 876 2818 plexione
896 2749 1180 2804 aitiiitadaertatia·.
1195 2747 1227 2798 ln
1245 2751 1320 2797 orest

165 2859 230 2899 vero
243 2847 398 2912 pontificem
411 2850 455 2901 liei
469 2851 617 2903 ilartialeiu
638 2852 765 2917 cogitarit
786 2850 815 2904 in
837 2862 947 2903 earcere
967 2848 1115 2903 custodire,
1137 2851 1163 2898 et
1184 2856 1233 2910 pro
1249 2857 1282 2896 eo
1296 2844 1322 2895 lit

165 2944 276 2997 Claudio
289 2947 396 2998 Caesari
410 2949 524 3000 ltoinaiu
536 2949 684 3014 destinare,
695 2949 762 3015 quid
774 2951 809 3002 de
821 2962 853 3002 co
871 2948 930 3001 lieri
947 2948 1067 3014 juberet.
1080 2948 1139 2997 Non
1153 2943 1229 2997 enim
1244 2942 1322 2995 interi

166 3058 228 3098 eum
242 3049 423 3112 praesumpsit
435 3049 496 3101 sine
507 3048 677 3116 indulgentia
686 3050 869 3116 imperatoris,
882 3049 945 3115 quia
955 3047 1079 3100 audierat
1089 3058 1152 3098 eum
1163 3044 1272 3096 uenisse
1281 3043 1317 3095 ali

167 3146 262 3198 lloma.

197 3246 229 3295 4.
243 3245 366 3313 armiger
377 3259 441 3300 reio
454 3249 594 3314 Stephani,
608 3260 709 3315 genere
721 3250 869 3309 nonianus,
884 3246 962 3297 miles
974 3242 1109 3311 dignitate
1120 3242 1268 3309 gloriosus,
1285 3252 1322 3292 no

168 3344 303 3407 flotarius,
311 3345 405 3410 iussus
417 3351 459 3397 est
470 3359 485 3397 a
498 3346 567 3399 duee
577 3352 607 3399 ut
617 3359 679 3398 eam
689 3358 771 3398 manu
782 3358 831 3397 sua
841 3345 950 3410 propria
962 3341 1136 3395 interliceret.
1147 3341 1215 3392 caui
1225 3351 1292 3405 ergo
1306 3352 1323 3389 s:

166 3442 271 3496 Valeria
283 3444 358 3511 uirgo
372 3447 407 3498 ad
419 3444 629 3498 decollationem
642 3445 798 3505 duceretur,
812 3444 880 3496 illuit
891 3444 916 3497 ei
932 3459 938 3495 :
951 3443 1058 3508 Stulte,
1072 3439 1131 3493 liac
1140 3440 1228 3492 nocte
1240 3437 1323 3489 mori

166 3542 257 3606 eleae
269 3540 359 3594 ltoalie
376 3543 526 3609 incipiam
538 3545 649 3597 vicere.
660 3547 691 3596 Et
701 3544 829 3610 expansis
843 3543 871 3594 in
890 3542 996 3594 caelum
1019 3539 1156 3601 manilius,
1175 3537 1263 3589 orarit
1281 3535 1323 3588 dic

168 3640 295 3694 Dantiiic
314 3642 387 3694 lesit
411 3642 536 3711 Cltri'ste,
556 3658 645 3711 quem
665 3643 792 3711 captiosi
806 3655 866 3709 pei·
886 3641 1010 3694 deatum
1031 3638 1220 3703 Martialem„
1235 3648 1323 3702 proc

166 3752 273 3793 autore
278 3753 375 3807 perao
387 3742 429 3794 ad
440 3744 685 3812 decollationem,
698 3744 774 3811 quia
786 3744 870 3796 malo
885 3740 966 3794 mori
982 3753 1077 3807 attam
1087 3751 1108 3791 u
1121 3740 1150 3790 tc
1160 3735 1322 3803 separari,

166 3839 234 3906 cipe
245 3841 385 3892 animam
406 3854 507 3895 ineant
531 3846 565 3894 tit
579 3843 717 3911 pluriam
739 3846 835 3896 itiam.
857 3844 888 3894 lit
900 3840 992 3893 auditu
1006 3844 1048 3891 est
1065 3851 1118 3891 vox
1131 3836 1166 3888 de
1178 3835 1265 3900 caelo,
1281 3834 1323 3886 die

166 3938 366 4007 Melitinam,
386 3940 510 3994 Valeria
524 3959 532 3996 :
544 3943 621 4009 quia
640 3956 709 3997 cccc
726 3947 755 3995 te
773 3943 956 4008 exspectant
973 3938 1090 4006 attacti,
1104 3940 1139 3989 ut
1152 3934 1315 4002 reci'piaiit

167 4037 314 4090 claritate
325 4052 405 4105 auae
416 4041 506 4094 trullo
517 4042 581 4110 fine
592 4043 765 4109 clauditur,
776 4044 805 4095 et
820 4040 936 4094 videbis
949 4051 1096 4106 sponsum
1106 4043 1196 4088 tuum
1208 4047 1314 4099 repent

162 4137 324 4203 piterntiiit
335 4140 449 4209 Jcsain,
463 4142 518 4208 atti
525 4155 587 4209 pro
600 4145 629 4194 te
647 4142 760 4209 effudit
781 4142 814 4194 in
832 4153 925 4196 cruce
936 4138 1121 4205 sriiipainem
1135 4149 1240 4187 sttiiiit.
1251 4137 1323 4187 Tuni

167 4236 235 4289 dens
247 4239 321 4307 virgo
334 4240 380 4293 liei
393 4246 420 4293 et
437 4241 573 4307 intrepida
594 4242 628 4294 ad
650 4244 741 4295 locum
759 4243 883 4309 pervenit
903 4246 929 4293 et
942 4241 1013 4292 ultro
1026 4237 1126 4290 collum
1140 4234 1273 4293 extendit,
1287 4249 1323 4287 un

166 4335 220 4388 ictu
241 4337 356 4392 lanistae
376 4340 464 4406 capite
483 4346 608 4394 truncata
628 4348 677 4394 est.
699 4343 782 4408 Cujus
799 4342 920 4393 animam
933 4339 968 4391 dc
986 4349 1101 4402 corpore
1113 4347 1252 4403 egressam
1266 4335 1324 4400 lule,

165 4434 253 4488 instar
264 4438 330 4489 solis
344 4438 470 4492 uiderunt
489 4453 594 4505 onmes,
608 4447 662 4493 tani
681 4441 822 4493 christiani
844 4452 925 4507 quam
940 4436 1048 4503 pagani,
1070 4440 1098 4487 et
1117 4435 1145 4487 in
1165 4434 1244 4500 igneo
1265 4432 1324 4497 glot

165 4534 326 4601 angolorum
339 4538 513 4592 multitudine
526 4539 556 4593 in
566 4540 672 4593 eaelum
687 4539 798 4603 deterri,
811 4544 838 4592 et
850 4542 1015 4591 concentum
1035 4533 1224 4603 hymnidicam
1241 4529 1324 4584 audie
