3156 5452
10 27 37 435 Ι
312 349 405 400 mem
423 348 503 399 usu.
523 348 639 400 rmus.
658 369 702 378 -
719 346 872 397 urrann.
892 347 939 395 nn
956 347 1032 397 ooo.
1052 347 1128 396 aare.
1268 333 1336 399 265

10 521 12 577 ζ
95 513 299 570 oboedientiae
311 518 396 584 gratia
407 517 436 570 in
449 517 547 570 Gallias
567 517 648 580 misit,
661 519 692 569 ut
703 521 815 570 testatur
835 519 947 570 Faustus
968 517 997 569 in
1017 517 1087 571 libro
1105 517 1176 571 vitae
1198 518 1267 584 ejus,
1281 532 1335 585 quo

94 609 308 670 institutionem
321 616 451 685 regularis
469 615 583 682 ordinis,
597 629 678 684 quam
700 621 793 669 sancto
817 615 917 682 Spiritu
938 616 1053 669 docente
1062 614 1204 683 didicerat,
1217 618 1256 669 uti
1278 632 1337 683 pcr-

10 754 14 837 ξ
94 709 198 767 rectus
207 714 356 781 discipulus
368 716 402 769 ab
414 729 446 769 eo
459 715 579 782 perfecte
596 714 718 780 edoctus,
732 714 858 768 fidelibus
869 715 966 769 christi
981 716 1147 779 ostenderet,
1160 716 1336 782 andegaven·

10 822 15 877 ¹,
93 821 165 865 sem
181 817 290 882 expetiit
313 830 430 885 pagum;
450 815 566 883 ibique
559 831 587 868 m
609 815 670 870 loco
689 816 736 883 qui
758 815 960 868 Glannaiolium
981 816 1090 882 dicitur,
1113 818 1167 870 beo
1188 816 1240 870 sibi
1261 818 1335 870 auxi

10 904 17 1007 [
56 905 192 967 δὶίαιιῑε
211 915 362 968 construxit
388 915 561 979 coenobium,
591 914 790 983 collegiumque
819 915 965 968 multorum
999 915 1196 969 monachorum
1221 917 1336 970 bomino

10 1010 17 1093 l
96 1005 318 1067 famulantium
311 1028 339 1066 m
352 1018 444 1067 sancta
462 1014 593 1083 religione
605 1014 656 1068 sibi
669 1014 789 1080 sociavit,
804 1015 839 1068 ita
852 1018 882 1067 ut
901 1019 1011 1066 centum
1025 1014 1203 1082 quadraginta
1221 1015 1336 1067 fratrum

96 1106 305 1179 adimpleretur
317 1126 457 1166 numerus.
471 1116 536 1168 cum
550 1127 614 1182 ergo
631 1113 718 1167 valida
731 1115 821 1167 carnis
841 1113 1011 1167 afflictione
1001 1126 1058 1180 Jam
1076 1118 1200 1167 mortuus
1221 1115 1335 1179 mundo,

10 1102 17 1337 ι
98 1204 287 1266 vimrsaurem
306 1214 371 1278 beo,
383 1212 482 1267 cotidie
503 1213 632 1266 virtutum
644 1213 773 1281 gradibus
794 1212 827 1265 acl
848 1213 973 1266 caelestia
994 1213 1132 1281 migraret,
1145 1217 1256 1280 regente
1271 1219 1336 1267 tunc

98 1308 238 1377 temporis
260 1313 426 1365 Francorum
447 1312 633 1366 monarchiam
653 1312 769 1380 glorioso
793 1327 857 1381 rege
878 1312 1024 1375 Gblotario,
1045 1314 1162 1379 peractis
1180 1312 1222 1366 bis
1233 1312 1337 1366 vicenis

10 1486 12 1491 Ι
43 1400 79 1453 lo
99 1410 188 1464 anuis
210 1410 280 1464 inibi
300 1410 329 1463 in
350 1411 445 1465 christi
467 1412 602 1477 timeinio,
623 1413 730 1465 transiit
749 1412 782 1464 ad
803 1411 948 1465 caelestem
969 1411 1092 1478 gloriam,
1115 1412 1204 1466 socius
1226 1408 1336 1465 ollactus

10 1494 17 1561 Ψ
94 1512 261 1563 sanctorum
282 1510 442 1578 angelorum
454 1515 481 1563 et
501 1511 726 1579 archangelorum
751 1511 929 1578 omniumque
941 1510 1098 1564 caelestium
1111 1511 1210 1564 ciuium
1223 1511 1336 1579 agmini·

10 1594 13 1653 ῗ
95 1599 164 1661 bus.
177 1610 293 1678 sepulto
305 1613 395 1663 autem
409 1623 524 1676 corpore
537 1611 595 1677 ejus
608 1612 636 1663 in
655 1611 765 1663 basilica
777 1611 848 1664 beati
862 1611 977 1675 llartini,
991 1610 1129 1676 sicutipse
1142 1610 1230 1663 adbuc
1243 1611 1336 1665 vivens

93 1714 291 1776 praeceperat,
304 1722 320 1763 a
332 1709 383 1762 sibi
396 1708 503 1763 dilectis
512 1710 649 1777 tratribus,
663 1711 851 1763 maximarum
865 1711 1018 1763 reverentia
1031 1707 1133 1762 ibidem
1146 1714 1335 1763 conservatum

91 1799 160 1872 tuit,
172 1821 321 1876 quousque
334 1810 499 1861 Francorum
521 1821 634 1877 regnum
648 1808 771 1869 iiarolus,
785 1808 919 1875 gloriosae
938 1808 1096 1875 memoriae,
1113 1806 1184 1861 tilius
1196 1806 1335 1861 illudovici

20 1896 78 1951 ’15
96 1900 152 1969 Pii,
166 1907 290 1974 suscepit
301 1907 461 1974 regendum.

134 2002 166 2058 8.
178 2009 211 2060 ln
223 2005 363 2074 jamdicto
375 2008 680 2074 autemcoenobiopost
691 2008 795 2061 obitum
807 2008 877 2060 beati
890 2007 941 2059 viri
951 2021 1000 2074 per
1013 2007 1096 2060 multa
1107 2020 1243 2061 annorum
1251 2008 1333 2060 curri·

93 2102 161 2156 cula
180 2105 355 2159 observantia
378 2106 543 2159 monasticae
565 2106 701 2174 religionis
714 2107 815 2173 optime
827 2106 1057 2170 conservabatur3
1071 2106 1158 2159 honor
1170 2110 1197 2158 et
1208 2105 1334 2173 dignitas,

92 2198 243 2258 allluentia
263 2204 345 2257 etiam
357 2205 480 2258 omnium
501 2219 593 2257 rerum
615 2205 724 2271 copiose
743 2204 925 2269 exuberabat3
940 2217 1071 2258 numerus
1092 2217 1201 2271 quoque
1214 2203 1334 2257 fidelium

94 2304 303 2357 monachorum
316 2307 347 2355 ut
358 2308 474 2357 statutus
486 2317 501 2356 a
514 2304 592 2357 beato
609 2307 701 2357 ltauro
714 2305 801 2357 dierat
812 2305 974 2369 habebatur,
987 2316 1074 2370 usque
1087 2303 1121 2356 acl
1136 2308 1259 2369 tempora
1278 2304 1335 2369 Pip-

27 2392 75 2446 Ν
95 2397 158 2460 bini
174 2406 343 2456 Francorum
355 2403 497 2469 principis,
511 2403 558 2470 qui
571 2402 689 2456 eundem
708 2403 797 2457 locum
810 2417 871 2457 cum
891 2402 1043 2470 integritate
1056 2404 1179 2455 omnium
1192 2403 1336 2468 possessio·

96 2500 171 2551 num
185 2501 287 2554 ibidem
300 2501 505 2568 pertinentium,
521 2502 629 2555 cuidam
643 2503 754 2556 inimico
763 2503 820 2567 liei,
833 2502 944 2555 nomine
953 2501 1086 2566 Gaiduiio,
1097 2501 1181 2555 dedit.
1192 2503 1240 2566 Qui
1253 2515 1335 2568 super

95 2603 187 2654 omne
198 2600 273 2669 quod
286 2606 359 2654 extat
370 2602 523 2655 sanctuario
536 2603 582 2655 liei
596 2602 757 2668 contrarius,
772 2603 919 2656 monaclros
931 2602 1028 2654 curisti
1047 2602 1156 2655 servitio
1169 2602 1335 2667 mancipatos

96 2693 167 2752 odio
181 2700 326 2755 execrabili
340 2714 517 2769 persequens,
530 2715 626 2756 omnes
647 2703 748 2755 ibidem
770 2707 973 2757 commanentes
984 2715 1000 2755 a
1013 2702 1073 2755 loco
1085 2702 1197 2768 expulit,
1211 2702 1335 2768 praedia·

96 2802 156 2855 que
170 2808 281 2855 sanctae
302 2801 433 2855 ecclesiae
453 2816 502 2857 suo
523 2803 673 2856 dominatui
696 2802 825 2856 subdidit.
841 2806 902 2856 Post
914 2803 989 2866 baec,
1003 2815 1018 2854 a
1037 2802 1145 2856 diabolo
1157 2814 1206 2855 suo
1223 2800 1335 2857 domino

26 2882 81 2937 5
97 2884 260 2969 instigatus,
275 2913 358 2954 omne
371 2901 565 2954 monasterium
578 2916 640 2954 cum
661 2902 845 2954 fundamentis
856 2901 995 2954 solotenus
1007 2902 1112 2966 evertit,
1126 2899 1227 2954 deinde
1238 2909 1335 2955 cuncta

95 2991 228 3054 aedificia
242 3000 441 3054 monachorum
453 3000 487 3054 ad
501 3001 615 3054 nibilum
629 3001 741 3069 redegit.
756 3005 926 3054 Testamenta
939 3004 1029 3054 autem
1039 3001 1212 3067 praediorum
1221 3000 1335 3054 sollicite

95 3093 269 3163 Perquirens
281 3104 309 3152 et
326 3100 479 3163 inveniens,
494 3101 592 3167 partim
614 3101 675 3169 igne
687 3102 826 3165 cremavit,
840 3101 938 3167 partim
951 3101 979 3152 in
992 3100 1107 3168 Ligerim
1120 3100 1222 3163 mersit,
1236 3101 1333 3167 parlim

93 3189 167 3245 v‘³¹0
181 3212 235 3266 quo
246 3200 339 3253 animo
352 3199 432 3252 libuit
442 3199 619 3254 custodienda
632 3200 775 3252 commisit.
796 3201 849 3252 Sed
859 3213 920 3252 cum
940 3200 982 3251 iris
1001 3196 1126 3252 nefandis
1138 3195 1243 3251 actibus
1255 3212 1334 3252 occu·

91 3286 214 3350 latetur
226 3304 253 3350 et
265 3298 454 3351 imminentem
464 3299 514 3351 sibi
525 3299 669 3365 pessimam
678 3303 793 3352 mortem
804 3311 975 3365 nequaquam
986 3299 1199 3365 pertimesceret,
1207 3312 1270 3351 cum
1283 3299 1333 3352 sibi

10 3368 65 3421 ³⁰
89 3370 209 3449 dilectis
221 3397 316 3450 amicis
334 3401 361 3450 et
372 3396 499 3451 allinibus
511 3398 635 3464 plurimis
655 3410 805 3463 pransurus
820 3396 947 3462 aduenit3
962 3396 1167 3450 delectabilibus
1179 3397 1248 3449 cibis
1259 3397 1336 3449 satia·

85 3470 136 3531 ‘¹¹⁸
149 3500 237 3562 atque
249 3496 305 3548 vini
319 3496 386 3549 meri
400 3497 537 3562 potatione
559 3496 695 3562 pertusus,
709 3496 877 3564 gloriabatur
889 3497 1007 3563 superbe
1022 3497 1106 3549 servis
1118 3496 1164 3549 llei
1178 3500 1251 3548 tanta
1264 3496 1334 3550 mala

82 3579 118 3624 ⁸⁹
133 3580 267 3649 intulisse
288 3600 315 3649 et
335 3597 447 3663 insuper
467 3596 616 3662 gloriosum
630 3597 715 3648 sancti
735 3597 818 3649 liauri
833 3597 997 3650 coenobium
1015 3596 1138 3649 funditus
1159 3595 1333 3648 destruxisse.

79 3665 145 3733 ⁸01¹
161 3693 249 3747 ultrix
260 3695 306 3747 bei
319 3693 432 3748 dextera
444 3708 500 3748 non
513 3695 615 3747 diutius
628 3696 716 3762 potuit
729 3696 797 3748 baec
811 3697 892 3748 terre.
906 3699 973 3749 Nam
987 3695 1077 3749 subito
1089 3695 1168 3748 beato
1183 3698 1273 3748 llauro
1286 3695 1334 3747 ibi·

77 3762 159 3838 (lem
176 3802 338 3863 apparente,
352 3797 429 3862 cuijus
442 3796 523 3849 iacies
534 3795 624 3849 uelut
618 3797 688 3864 ignis
701 3796 903 3862 resplendebat,
917 3796 1030 3848 canities
1047 3799 1138 3848 autem
1151 3808 1232 3860 super
1245 3795 1333 3848 nivem

10 3855 244 4006 ''candebag
264 3896 348 3949 torvis
367 3895 453 3949 occilis
474 3896 604 3947 miserum
626 3893 773 3960 aspiciens
788 3907 850 3947 cum
871 3896 971 3947 uirtute
991 3893 1079 3947 valida
1101 3894 1215 3946 calcem
1230 3899 1333 3947 ventre

71 3956 273 4055 semissem,
286 4007 367 4062 quam
390 3994 625 4061 manugerebats
619 4007 647 4045 ιιι
668 3994 756 4059 capite
771 3994 914 4060 percussit.
929 3993 976 4056 Qui
1000 4005 1061 4044 mox
1076 3992 1103 4044 ln
1117 3993 1264 4043 amentiam
1277 4006 1334 4044 ier-

68 4065 146 4137 ³⁸¹⁸
165 4092 301 4144 miserum
318 4092 519 4158 caputsacplus
541 4104 622 4156 super
640 4091 764 4155 scapulas
783 4091 920 4156 jactitans,
934 4090 976 4142 bis
994 4089 1112 4142 clamore
1133 4088 1221 4140 ualido
1243 4087 1335 4142 dicere

66 4165 192 4246 130εέΙὶίι
205 4202 221 4242 a
234 4192 326 4242 llauro
349 4191 482 4243 monacho
504 4203 532 4241 sc
554 4190 747 4255 interemptum
768 4201 836 4240 csso
850 4190 973 4254 cumque
994 4189 1060 4240 baec
1079 4187 1237 4253 frequenter
1258 4200 1333 4252 repe·

68 4254 181 4354 ²⁹01,
194 4291 300 4342 cunctis
313 4290 358 4356 qui
372 4289 485 4342 aderant
497 4289 653 4341 videntibus
666 4295 746 4355 atque
760 4288 943 4342 audientibus
939 4288 1134 4353 percussione
1148 4286 1235 4338 valida
1248 4288 1334 4339 oculis

70 4361 230 4506 gemitis,
243 4389 317 4441 velut
337 4388 431 4440 Arrius
449 4387 593 4441 damnatus
615 4388 749 4440 intestinis
770 4385 863 4441 effusis
884 4387 1022 4452 indignam
1044 4387 1124 4438 vitam
1144 4384 1224 4451 digna
1248 4391 1334 4437 morte

99 4473 201 4541 ¹11ng

119 4574 166 4632 ¹·
184 4589 318 4654 Tempore
339 4587 420 4655 igitur
440 4587 545 4655 augusti
566 4586 680 4653 piissimi
703 4585 851 4651 illudovici,
871 4598 932 4637 cum
954 4585 1029 4637 locus
1042 4582 1090 4637 ille
1111 4582 1249 4636 desolatus
1262 4589 1334 4636 esset
