3136 5482
251 329 582 382 massaritias.
602 349 649 361 -
664 328 817 381 tresue.
837 328 883 377 an
900 327 977 378 coo.
998 325 1074 378 sess.
1215 311 1278 378 521

52 498 171 553 totitas
191 498 380 566 mancipari.
402 499 580 566 Respondeas
604 501 716 551 Faustus
737 498 824 551 dixit:
847 497 962 565 Mopso
985 500 1031 550 est
1052 498 1165 552 etemm
1187 511 1280 553 mors.

51 600 169 653 oetroxa
181 599 267 652 dixit:
289 599 368 659 (iaia
387 612 451 653 noa
468 574 579 667 lepisti,
593 600 697 652 tamea
717 600 766 652 vel
786 598 901 652 atsdr're
912 601 1014 652 tenca
1025 598 1196 652 meministi
1207 598 1283 666 qaia

48 697 261 765 scriptumest
274 697 436 751 :Pretiosa
449 697 658 764 incmtspecta
669 696 795 750 Domini
810 709 894 750 mors
905 698 1110 750 sanctorum?
1126 698 1158 748 Et
1170 709 1282 763 respon·

48 795 119 851 dens
131 799 247 849 Faustus
263 795 349 849 dixit:
365 797 401 849 ct
420 795 474 850 abi
485 798 530 849 cst
547 796 729 863 paternitas
741 795 937 862 capitationis
950 797 1034 859 tuae,
1050 798 1086 848 at
1101 794 1181 847 miti
1193 809 1281 849 nam·

21 896 145 964 iqaam
157 910 178 950 a
185 896 372 964 parentibus
390 897 507 951 nostris
518 897 739 964 dissiparetur
759 896 834 963 qaia
842 897 984 964 pretiosa
1005 897 1048 950 sit
1062 908 1146 950 mors
1164 898 1282 950 saacto·

49 996 148 1049 ram?
167 997 282 1049 neiroxa
305 995 393 1048 dixit:
419 997 463 1049 Ta
486 997 590 1050 salute
612 999 667 1063 taa
687 1008 772 1050 nanc
795 996 885 1049 crede
909 996 943 1047 in
964 995 1083 1049 Filiam
1105 995 1169 1064 Dei,
1192 1008 1281 1063 quem

50 1093 203 1149 Julianus
214 1098 316 1162 nepot,
328 1097 358 1148 ct
368 1094 485 1149 videbis
496 1095 680 1161 alienitatem
699 1098 787 1149 taam
798 1097 827 1148 et
844 1093 1032 1161 facultatem
1050 1096 1163 1150 centies
1175 1095 1280 1148 malti·

45 1194 180 1260 plicari.
201 1193 351 1259 Respondit
371 1196 505 1247 Faustus:
527 1194 565 1247 Et
584 1206 665 1261 qaae
684 1193 745 1246 erit
763 1193 823 1247 itta
846 1194 1172 1248 credulitasllietroxa
1193 1195 1279 1247 dixit:

56 1293 90 1347 Ut
101 1291 281 1360 baptizeris,
295 1295 324 1345 et
343 1305 405 1346 aon
428 1295 552 1346 tantam
563 1305 674 1346 nomen
695 1292 841 1346 mortalis
861 1293 1033 1358 claritatis,
1054 1294 1108 1346 sed
1127 1293 1280 1347 mercaris

10 1392 36 1445 ld
49 1403 162 1445 nornen
177 1389 291 1444 &tristi
309 1391 459 1458 accepere,
472 1404 561 1458 qaam
580 1391 732 1445 tatianos
752 1394 853 1459 nepot.
867 1393 937 1445 Jam
960 1395 1034 1445 aate
1046 1392 1212 1446 Dmaiaam
1230 1405 1279 1446 ao

47 1491 152 1543 stram
163 1489 269 1542 lesam
284 1487 440 1543 Christum
452 1491 591 1556 tempora
603 1501 666 1543 noa
677 1492 752 1543 sant
763 1502 819 1544 nec
830 1490 915 1558 fiais,
929 1490 1005 1556 qaia
1020 1491 1102 1557 qood
1114 1493 1160 1544 est
1167 1503 1277 1560 pcipe·

51 1591 142 1644 taum
153 1591 240 1643 estet
251 1592 423 1642 aetermam.

82 1689 307 1755 arenosaque
327 1689 500 1742 tremefactus
516 1688 616 1743 cecidit
637 1688 670 1741 ad
685 1688 768 1754 pedes
793 1691 852 1755 ejus
864 1690 1008 1756 coepitque
1029 1702 1125 1758 rogare
1137 1695 1167 1743 ut
1189 1690 1275 1756 bapti·

52 1793 171 1842 zaretur.
185 1788 295 1841 liesroxa
307 1787 435 1841 videlicet
447 1793 523 1855 rogat
534 1788 568 1841 ad
581 1801 610 1840 se
623 1789 719 1840 venire
738 1789 892 1841 iohannem
906 1789 1104 1855 presbyterum.
1118 1791 1202 1853 Quem
1215 1802 1276 1841 cum

10 1887 35 1942 111
49 1887 171 1940 lacrimis
182 1886 379 1952 deprecabatur
390 1892 421 1939 ut
432 1887 626 1952 paenitentiam
642 1892 778 1954 agentem,
790 1888 894 1953 jejunio
907 1891 1071 1950 recreatum,
1085 1900 1162 1941 more
1181 1893 1275 1941 sancto

48 1985 208 2051 baptizaret.
222 1984 353 2038 indictum
375 1990 416 2038 est
436 1984 539 2052 ergoei
559 1986 694 2051 jejunium
717 1990 820 2052 septem
844 1984 953 2039 dierum
974 1989 1002 2038 et
1022 1987 1115 2039 cinere
1136 1999 1276 2050 aspersum

50 2089 132 2151 caput
151 2084 253 2137 hahere
273 2091 300 2136 et
319 2085 505 2151 eleemosynas
520 2086 614 2149 jussus
626 2083 702 2148 dare,
722 2090 751 2137 ut
769 2089 927 2138 sanctorum
939 2085 1111 2138 orationibus
1123 2087 1276 2138 mereretur

48 2182 183 2251 adjuvari.
197 2184 316 2250 Septimo
329 2185 419 2250 itaque
433 2183 477 2236 die
489 2184 581 2237 omnia
593 2184 703 2237 vendita
717 2197 775 2237 non
787 2189 892 2236 tantum
905 2183 1026 2250 praedia,
1040 2182 1087 2236 sed
1106 2190 1276 2250 ornamenta,

47 2294 147 2336 aurum
160 2288 187 2336 et
196 2288 338 2351 argentum
351 2289 378 2336 et
390 2288 487 2336 cuncta
505 2297 575 2349 quae
588 2283 715 2347 habebat,
728 2283 894 2349 pauperinus
915 2283 1018 2347 tribuit,
1032 2290 1060 2336 et
1072 2283 1223 2349 baptizatus
1235 2290 1277 2336 est

10 2382 35 2436 to
50 2383 78 2436 in
90 2383 205 2437 nomine
216 2383 302 2435 Patris
314 2388 341 2436 et
353 2383 412 2436 Filii
425 2388 452 2436 et
465 2383 580 2450 Spiritus
593 2384 690 2437 sancti.

79 2481 111 2535 8.
125 2481 203 2546 Quod
215 2494 278 2534 cum
295 2483 351 2548 jam
373 2482 473 2534 iactum
496 2486 585 2535 estut
604 2482 703 2534 christi
723 2482 886 2548 baptismate
907 2481 1067 2548 redemptus
1089 2482 1195 2547 luisset,
1211 2488 1275 2548 post

48 2581 159 2649 triginta
170 2593 270 2633 novem
281 2580 340 2633 dies
348 2580 498 2646 requiritur
509 2581 543 2632 ab
554 2581 716 2646 imperatore
726 2581 843 2633 iuliano.
855 2582 887 2632 itt
895 2581 1010 2633 veniens
1022 2584 1086 2633 ante
1097 2585 1273 2644 conspectum

47 2683 115 2748 ejus,
130 2681 312 2747 interrogatus
324 2686 365 2733 est
376 2681 410 2734 ao
423 2694 455 2734 eo
469 2695 476 2732 :
489 2681 552 2734 Per
560 2680 798 2748 penerosttatem
816 2684 914 2749 taam,
927 2680 1029 2735 credis
1041 2682 1070 2734 te
1082 2679 1273 2748 acquisitam

46 2792 180 2834 umorem
199 2777 413 2845 infelicissimi
431 2779 567 2833 Faviaai
585 2792 649 2833 aon
665 2779 867 2847 perdidisse?
889 2779 1040 2845 Respondit
1060 2782 1195 2832 Faustus:
1214 2781 1274 2847 Eoo

10 2881 35 2934 Β
48 2879 174 2949 mtidcm
185 2891 249 2933 noa
269 2881 392 2933 tantam
412 2892 481 2934 eam
493 2880 604 2933 merito
619 2879 825 2946 perdidisset
844 2881 874 2933 ct
893 2877 1035 2945 Defrooca
1046 2891 1068 2931 a
1090 2891 1139 2932 mc
1156 2878 1278 2933 sibimet

48 2977 218 3046 acquisivit
237 2979 273 3030 at
292 2989 429 3031 mererer
448 2991 538 3045 mecm
560 2981 594 3030 ta
613 2990 710 3045 impes
729 2978 846 3045 nidere,
859 2978 950 3043 caius
971 2989 1102 3045 repaam
1120 2975 1278 3030 stabilest

47 3077 272 3146 senpitemum
278 3080 454 3145 permanet.
466 3080 542 3130 lune
553 3077 678 3130 Julianus
689 3076 759 3129 dixit
774 3093 781 3129 :
796 3077 858 3144 ttpo
870 3076 995 3144 quidem
1006 3075 1059 3144 fai
1070 3076 1274 3142 christianas,

48 3179 102 3232 scd
109 3177 174 3231 diis
182 3177 818 3245 deaeqtteseroiendocoaiaactassamJa
829 3176 1278 3240 autenmaateromaaaesedis

49 3276 197 3342 illustris,
211 3275 266 3344 qui
277 3275 415 3329 serviisti
434 3276 497 3328 diis
509 3275 620 3343 qailms
640 3275 830 3329 humiliatas
850 3277 1014 3329 exaltatus
1032 3289 1112 3343 sum,
1126 3275 1276 3342 quomodo

10 3379 33 3433 d
47 3378 195 3434 seductas
214 3377 269 3430 es?
281 3375 431 3442 Respondit
450 3379 563 3428 Faustus
577 3391 583 3427 ε
596 3375 666 3429 Non
685 3375 832 3430 seductas
844 3389 925 3439 sam,
938 3375 992 3428 sed
1012 3375 1174 3441 anpettcae
1185 3375 1276 3429 socie·

49 3477 109 3532 tati
130 3475 341 3543 mancipatas.
363 3475 541 3541 despondens
560 3475 685 3528 Julianus
708 3476 855 3542 imperator
876 3474 969 3527 dixit:
990 3474 1128 3542 Iasonis,
1150 3476 1276 3542 Fausta,

47 3577 189 3632 nescisses
200 3575 276 3642 qaid
290 3574 434 3642 mqmris.
454 3574 501 3627 llle
522 3579 614 3627 autem
636 3575 731 3640 positis
751 3574 868 3642 genilius
888 3572 993 3627 orando
1015 3573 1134 3627 reddidit
1155 3574 1280 3639 spiritum

34 3681 113 3728 -ante
125 3677 301 3741 conspectum
313 3673 494 3738 imperatoris.

82 3773 115 3826 4.
127 3774 205 3826 ‘luno
213 3771 295 3838 lussit
306 3771 391 3838 proici
403 3782 503 3836 corpus
516 3772 576 3837 ejus
588 3775 614 3822 et
627 3783 682 3823 non
696 3769 816 3836 sepeliri,
829 3769 877 3823 sed
889 3770 1004 3823 canibus
1016 3767 1192 3823 inhumatum
1201 3770 1280 3822 dere-

10 3868 34 3924 'd
49 3870 148 3937 linqui.
161 3868 263 3923 Eadem
274 3881 339 3922 sero
351 3872 431 3922 nocte
444 3868 563 3921 veniens
575 3867 690 3921 lieiroxa
714 3868 822 3935 collegit
839 3880 939 3934 corpus
956 3869 1015 3935 ejus
1037 3871 1119 3934 atque
1131 3867 1238 3933 sepeliit
1250 3867 1278 3920 in

49 3968 133 4023 domo
144 3981 194 4022 sua
203 3969 280 4035 juxta
292 3981 406 4034 corpora
415 3967 557 4020 beatorum
568 3973 718 4034 martyrum
729 3966 861 4020 iohannis
869 3973 896 4020 et
908 3966 994 4031 Pauli,
1005 3967 1115 4020 rediens
1127 3968 1155 4020 in
1165 3965 1279 4021 domum

49 4068 101 4122 viri
113 4069 156 4121 sui
169 4068 270 4122 tamam
288 4068 424 4122 laudando
437 4072 464 4120 et
475 4066 651 4135 glorificando
663 4069 757 4121 Deum.
770 4067 906 4120 continuo
921 4072 1010 4121 autem
1022 4068 1052 4119 in
1064 4079 1160 4121 somno
1173 4067 1279 4120 visitata

47 4171 119 4221 esta
139 4167 197 4220 viro
209 4179 269 4231 suo,
283 4165 396 4219 dicens:
418 4165 500 4232 Veni,
513 4163 663 4232 Defessa,
676 4165 747 4218 oeni
766 4169 796 4219 et
814 4152 920 4233 accipe
940 4178 1087 4220 coronam
1107 4178 1203 4233 qaam
1225 4165 1281 4218 tici

39 4266 197 4337 promisit
210 4267 299 4319 Deus.
312 4266 345 4317 lit
357 4268 418 4330 post
429 4264 487 4318 dies
498 4265 622 4331 quinque
635 4265 664 4316 in
676 4264 771 4318 eadem
784 4265 865 4318 domo
877 4265 981 4318 orando
994 4266 1135 4332 requievit.

10 4364 27 4421 ῠ
81 4365 114 4418 5.
128 4367 206 4418 lunc
217 4363 341 4416 lulianus
354 4362 470 4416 audiens
482 4362 545 4429 quia
558 4362 615 4415 suis
635 4364 779 4416 tormentis
799 4364 917 4429 transiit,
933 4363 1024 4416 mirari
1037 4365 1136 4429 coepit,
1150 4368 1177 4415 et
1196 4364 1279 4428 jussit

42 4464 117 4520 duas
140 4462 210 4516 filias
231 4465 291 4530 ejus
310 4461 372 4516 duci
390 4463 424 4515 ad
445 4467 515 4515 sect
534 4475 616 4515 omne
629 4462 823 4527 patrimonium
836 4463 911 4516 eradi
929 4467 1011 4530 atque
1023 4462 1088 4515 fisco
1103 4463 1211 4516 sociari.
1225 4462 1275 4514 td-

37 4567 147 4621 ductae
158 4567 225 4614 sunt
235 4566 326 4614 autem
338 4559 408 4613 duae
430 4559 501 4612 tiliae
515 4561 573 4625 ejus
586 4560 614 4612 in
631 4566 780 4627 conspectu
791 4560 893 4614 iuliani
914 4561 1097 4627 imperatoris.
1110 4563 1142 4614 Ft
1158 4573 1221 4613 oum
1234 4560 1274 4612 in·
