3156 5452
275 323 339 390 lae
618 335 741 393 carni„
761 333 863 383 coen.
883 333 1060 383 neeman.
1080 332 1162 383 ear.

273 510 340 561 haec
351 507 511 559 existimans
522 519 631 558 servum
647 505 691 557 liei
713 503 834 568 pendere
846 503 910 554 l'erri
923 509 950 554 et
967 502 1037 555 ierne
1048 502 1191 567 defecisse,
1204 516 1266 555 cum
1285 505 1444 570 praeposite
1454 517 1484 558 e

271 605 451 658 cruciandum
462 617 526 656 eum
545 603 693 656 tradiderat
707 603 782 655 venit
800 603 834 653 ad
847 600 1011 654 vestibulum
1024 602 1152 661 carceris,
1166 607 1192 654 et
1210 602 1317 656 invenit
1329 603 1484 656 almachiu

273 717 387 770 puerum
400 704 522 770 pondera
541 710 709 763 catenarum,
722 700 822 766 quibus
833 701 996 753 constrictus
1009 703 1067 752 erat
1086 700 1182 753 beatus
1199 702 1385 767 hnthohinus,
1397 709 1484 754 suste

271 813 373 858 tantem
386 810 413 856 et
425 806 453 855 in
466 804 566 870 quibus
579 807 683 868 poterat
701 801 886 867 adjuvantem.
900 802 987 853 iratus
1000 813 1064 853 vero
1077 813 1124 853 rex
1136 801 1228 853 statim
1246 802 1329 866 jussit
1341 815 1405 855 eum
1427 814 1484 855 cot

272 902 403 969 prehendi
416 906 486 955 etex
499 901 554 954 alte
576 900 765 966 praecipitari3
780 898 827 951 sed
849 898 988 959 eominus,
1002 898 1050 963 qui
1072 898 1148 950 nullo
1163 903 1287 963 tempere
1308 904 1421 952 sanctos
1439 912 1484 952 su

271 1001 446 1068 derelinquit,
460 1001 586 1066 angelum
607 1012 688 1051 suum
702 998 775 1050 misit
787 1003 814 1050 et
826 997 991 1050 incolumem
1011 999 1074 1049 euin
1087 997 1122 1049 ab
1144 999 1219 1050 omni
1241 998 1365 1051 laesione
1377 1011 1484 1051 serras

274 1101 373 1153 lisdem
385 1113 448 1153 vere
461 1101 537 1163 hora,
553 1100 661 1166 negotio
673 1105 796 1164 cogente,
810 1108 858 1148 rex
870 1094 1055 1149 Theodericus
1065 1096 1204 1161 pmiectus
1217 1098 1300 1151 estin
1325 1098 1484 1150 Pentheniz

275 1200 422 1262 civitatem,
433 1205 460 1251 et
472 1199 576 1250 invenit
586 1197 755 1249 almachium
769 1197 891 1248 illaesum
904 1201 1004 1247 etcum
1017 1208 1114 1261 magna
1127 1197 1282 1249 constantia
1299 1196 1484 1262 praedicantc

275 1301 388 1354 verbum
405 1300 463 1353 hei.
486 1300 639 1350 ammirans
658 1297 752 1364 itaque
773 1309 819 1348 rcx
841 1301 868 1347 et
888 1296 1064 1349 vehementer
1084 1302 1208 1361 stupens,
1227 1297 1310 1363 jussit
1330 1311 1395 1349 eum
1418 1296 1451 1350 ad

275 1400 384 1463 recari;
398 1404 425 1450 et
437 1398 544 1451 blandis
561 1396 735 1449 sermonibus
746 1409 809 1447 eum
831 1396 1012 1461 interrogans,
1026 1395 1182 1461 requirebat
1199 1396 1341 1462 quemodo
1353 1396 1389 1449 de
1400 1408 1484 1462 prae·

277 1499 343 1565 pitie
354 1496 465 1550 illaesus
479 1497 619 1549 evasisset.
634 1497 703 1548 Puer
714 1500 806 1547 autem
818 1494 969 1559 intrepidus
991 1493 1127 1546 referebat
1146 1492 1219 1559 qued
1241 1493 1368 1547 eratione
1381 1495 1465 1560 meeis
1479 1502 1484 1538 1

276 1599 318 1652 sui
328 1597 402 1651 beati
414 1595 563 1649 anthenini
575 1594 688 1661 angelus
700 1594 805 1646 bomini
827 1593 1024 1665 inpraecipitie
1036 1593 1062 1646 ei
1082 1592 1160 1646 alluit
1170 1600 1197 1646 et
1215 1594 1381 1648 incolumem
1395 1607 1456 1648 eum
1470 1608 1484 1635 =

276 1697 351 1750 omni
364 1696 484 1748 laesione
503 1695 681 1747 conservavit.
696 1693 759 1760 ltegi
778 1706 888 1759 quoque
900 1691 1031 1744 indicavit
1047 1693 1162 1746 dicens:
1176 1692 1278 1760 Prope
1297 1697 1344 1746 est
1356 1695 1390 1745 ut
1403 1694 1484 1746 Dent

276 1808 336 1849 eus
346 1797 452 1846 nester
469 1793 557 1844 lesus
570 1791 710 1844 Christus
730 1790 867 1853 iniurias
879 1790 963 1843 servi
979 1790 1029 1843 sui
1045 1789 1218 1843 ,lutheniei
1234 1790 1372 1843 viridiset
1390 1792 1422 1844 et
1437 1802 1473 1845 cr

277 1894 378 1947 etates
389 1893 455 1957 ejus
466 1891 501 1942 tn
518 1893 548 1942 te
560 1893 745 1956 retorqueat.
760 1890 806 1942 ad
821 1889 983 1956 praelium
1000 1890 1084 1942 enim
1095 1890 1177 1955 qued
1192 1890 1334 1943 imminet
1346 1889 1484 1957 carteiae·

277 2006 336 2059 quo
347 2003 417 2045 cum
429 1989 571 2042 emer-citu
582 1991 634 2040 teo
642 1987 793 2040 interibis.
804 1990 866 2041 l’ost
876 2001 976 2055 paucos
986 1993 1077 2041 autem
1088 1989 1158 2047 dies,
1168 1989 1320 2042 seeundum
1333 1989 1484 2056 prophetin

277 2092 350 2145 beati
363 2089 440 2156 pueri
452 2089 593 2153 hlmachii,
605 2088 723 2154 perrexit
734 2088 918 2141 Theodericus
930 2101 979 2141 rex
990 2088 1023 2140 ad
1037 2089 1140 2141 bellum
1152 2089 1181 2141 in
1194 2089 1414 2155 llagalonensem
1426 2089 1484 2141 insu

276 2194 329 2245 lam
342 2194 436 2243 eontra
449 2188 573 2255 Piplnum
586 2188 776 2252 imperatorem
786 2202 794 2240 τ
804 2188 851 2240 ubi
864 2189 950 2240 victus
962 2194 988 2240 et
1000 2188 1028 2239 in
1037 2187 1126 2255 lugam
1136 2201 1365 2251 conversus‚cum
1375 2189 1484 2241 univers

277 2291 397 2342 exercitu
413 2301 464 2341 sue
476 2292 517 2341 est
528 2288 715 2351 interemptus.
728 2288 783 2339 Rex
804 2291 894 2340 autem
906 2286 1040 2351 (laiseins,
1053 2286 1145 2338 audito
1166 2286 1240 2352 (qued
1253 2287 1442 2339 Theodericus
1455 2299 1484 2338 rc

277 2402 340 2440 cum
352 2386 474 2439 exercitu
492 2398 541 2438 sue
553 2383 701 2447 interisset,
714 2384 792 2436 valde
808 2384 917 2451 gavisus
928 2392 986 2449 est;
1001 2391 1029 2436 et
1046 2385 1159 2449 cupiens
1171 2383 1264 2437 videre
1277 2385 1390 2437 beatum
1401 2384 1484 2437 lnthc

279 2487 394 2551 ninum,
416 2485 535 2551 perrexit
555 2484 588 2537 ad
608 2483 744 2535 civitatem
765 2482 813 2536 ubi
836 2487 894 2535 erat
915 2482 945 2535 in
973 2495 1084 2535 earcere
1103 2483 1236 2535 reclusus.
1261 2484 1346 2547 Quem
1374 2484 1485 2537 eductui

279 2586 343 2639 lecit
360 2584 412 2636 sibi
431 2582 610 2649 praesentari,
631 2586 659 2633 et
675 2580 786 2633 blandis
807 2581 981 2632 sermonibus
1002 2582 1295 2648 promissionibusque,
1317 2580 1404 2634 minis
1414 2583 1484 2635 etiae

279 2685 426 2751 temptabat
436 2695 453 2734 a
465 2682 518 2733 tide
530 2680 627 2732 Christi
648 2692 775 2733 revocare
786 2686 814 2732 et
825 2679 860 2732 ad
875 2681 1010 2732 culturam
1032 2680 1167 2733 idolorum
1181 2681 1331 2735 inllectere.
1345 2682 1391 2735 vir
1411 2689 1484 2734 anter

281 2782 386 2836 homini
398 2788 424 2833 et
437 2781 515 2832 miles
535 2779 698 2832 fortissimus
718 2779 889 2855 lntheninus
912 2778 1060 2831 immobilis
1070 2793 1244 2845 permanens,
1259 2785 1286 2832 et
1303 2780 1484 2845 promissione

279 2885 339 2948 ejus
350 2887 377 2933 et
388 2882 476 2932 minas
488 2879 690 2932 contemnebat.
705 2881 759 2931 Rex
770 2885 861 2930 autem
876 2892 1007 2945 paganus,
1020 2879 1112 2931 lurore
1124 2879 1244 2943 repletus
1253 2885 1280 2932 et
1291 2879 1327 2932 dc
1338 2886 1484 2946 contempti

279 2981 384 3044 delens,
395 2978 476 3044 jussit
487 2990 550 3029 eum
562 2990 624 3030 cum
638 2977 730 3029 mullis
739 2977 863 3042 aliis‚qui
878 2990 925 3041 per
935 2977 1163 3042 praedicationem
1177 2979 1236 3043 ejus
1248 2978 1277 3030 in
1290 2980 1407 3031 llomino
1418 2978 1481 3033 cred

279 3081 385 3139 derant,
394 3078 421 3128 ln
434 3088 543 3128 carcere
563 3076 666 3128 recludi
679 3083 707 3127 et
718 3075 877 3128 verberibus
898 3083 926 3127 et
937 3076 1053 3127 vinculis
1067 3076 1183 3142 l'atlgarl,
1197 3076 1234 3128 ita
1254 3084 1285 3128 ut
1306 3078 1358 3129 sub
1382 3076 1484 3143 ponder

279 3177 342 3228 lerri
354 3175 431 3241 quasi
444 3175 495 3226 sub
513 3175 584 3226 mele
596 3172 756 3226 viderentur
767 3174 1060 3240 comprimilluslodes
1074 3189 1137 3227 sero
1149 3176 1277 3241 carceris,
1290 3176 1417 3229 videntes
1429 3190 1484 3243 que

282 3275 359 3326 miles
370 3275 466 3326 Christi
479 3278 506 3324 et
517 3273 564 3338 qui
585 3286 648 3324 eum
661 3286 694 3325 ee
717 3286 765 3338 pro
785 3274 883 3326 Christi
905 3275 1016 3326 nemine
1029 3274 1120 3325 traditi
1134 3279 1213 3327 crant
1233 3276 1262 3326 in
1274 3275 1394 3327 vinculis
1407 3276 1484 3328 codd,

280 3372 462 3435 sustinebant,
476 3370 558 3423 etiam
570 3376 597 3422 et
610 3371 660 3434 ipsi
673 3384 705 3423 ex
719 3371 895 3424 humanitatis
914 3372 1104 3437 compassione
1116 3372 1218 3425 debant
1228 3377 1256 3425 et
1268 3374 1369 3438 injuste
1383 3380 1484 3440 torque:

281 3470 449 3522 asserebant.
1233 3526 1236 3531 ,

315 3570 346 3620 ’7.
360 3571 406 3619 De
417 3567 605 3619 visitatione
616 3567 687 3632 mus
698 3568 731 3618 in
742 3582 874 3621 carcere
884 3572 929 3622 ab
937 3573 1060 3634 angelo.
1072 3573 1169 3622 Beatus
1179 3579 1269 3625 autem
1282 3578 1309 3624 et
1320 3571 1399 3625 tertis
1409 3573 1484 3626 athle

283 3666 387 3718 deretini
407 3666 596 3723 anthonlnus,
617 3666 716 3730 Spiritu
739 3674 834 3719 sinete
854 3669 1040 3735 eenlhrtatus,
1062 3683 1126 3722 suos
1146 3679 1327 3724 contemnens
1352 3674 1484 3725 cruciatur

281 3764 395 3817 decebat
407 3771 434 3816 et
445 3765 620 3817 artrnnenehat
632 3778 678 3817 eos
690 3770 721 3817 ut
732 3765 804 3818 idola
817 3767 899 3819 surda
918 3774 947 3820 et
958 3775 1031 3820 intuta
1053 3770 1209 3823 desererent
1221 3776 1249 3823 et
1271 3771 1299 3823 in
1313 3773 1399 3824 licum
1417 3773 1484 3825 sirm

282 3870 309 3917 ct
321 3876 415 3914 verum
436 3863 588 3921 crederent.
602 3864 648 3928 qul
670 3864 751 3917 habet
764 3871 924 3930 potestatem
945 3874 1082 3932 corpuset
1101 3870 1221 3921 animam
1241 3869 1350 3922 mittere
1362 3871 1392 3921 in
1413 3871 1484 3936 ignei

260 3960 433 4013 'aeternum
455 3963 536 4026 liujus
554 3962 695 4015 doetrinae
710 3969 739 4014 ut
759 3966 864 4017 thtiilius
884 3967 1099 4031 acquiescerent,
1118 3969 1231 4034 angelus
1249 3969 1356 4020 llomini
1379 3967 1457 4021 alluit
1478 3984 1484 4019 t

283 4061 468 4119 simulatam
489 4061 548 4125 eius
566 4074 647 4126 quam
665 4074 760 4113 eorum
781 4064 907 4127 quicum
928 4078 961 4115 ce
981 4065 1256 4127 tenebanturaillietl,
1278 4066 1415 4120 disselrit.
1429 4069 1484 4130 Quo

283 4160 405 4212 sidentes
418 4162 554 4221 custodes,
567 4161 601 4212 ad
615 4162 698 4225 pedes
718 4164 767 4214 riri
782 4166 826 4215 liei
847 4165 1015 4227 ceciderunt,
1029 4171 1055 4217 et
1074 4170 1197 4229 petentes
1218 4172 1245 4218 et
1259 4173 1372 4220 orantes
1384 4171 1414 4221 ut
1425 4168 1484 4220 abe

285 4261 494 4324 baptizarentur,
510 4260 634 4325 baptizati
656 4267 721 4313 sunt
738 4275 834 4314 omnes
845 4265 873 4314 iu
887 4265 998 4320 nemine
1018 4270 1129 4316 sanetae
1140 4270 1168 4316 et
1187 4264 1345 4323 individuae
1356 4268 1484 4319 trinitati

284 4360 474 4424 participantes
486 4366 655 4413 sacramenta
667 4360 739 4413 hdei.
753 4365 809 4424 Quo
821 4363 913 4415 audito
925 4376 971 4415 rex
990 4364 1165 4415 contristatus
1174 4365 1352 4419 vehementer
1361 4372 1389 4418 et
1400 4366 1484 4418 turen:

283 4461 342 4511 sine
354 4460 492 4511 audientia
501 4462 583 4526 jussit
595 4474 641 4512 eos
653 4461 795 4526 capitalem
807 4463 900 4514 subire
911 4462 1093 4526 sententiam3
1107 4467 1134 4514 et
1146 4464 1236 4514 statim
1248 4462 1377 4517 decollati
1394 4473 1467 4532 sunt,
1480 4465 1484 4513 i

284 4561 354 4610 heim
367 4561 539 4612 eirilessione
555 4561 739 4624 persistentes.
755 4564 817 4613 Post
829 4562 895 4614 haee
907 4569 996 4621 aulem
1013 4562 1137 4614 Galaelus
1147 4563 1229 4627 jussit
1241 4564 1325 4616 ellam
1335 4565 1469 4630 sulphure
1480 4580 1484 4611 ι
