3136 5482
314 355 406 404 aran.
425 355 509 406 nar.
528 356 644 407 rums.
663 376 709 387 -
724 356 876 408 apruno.
896 358 943 406 nn
960 357 1037 408 ooo.
1060 355 1136 407 sato.
1268 341 1334 408 397

138 533 271 590 torpore.
285 522 324 575 nd
337 524 404 576 haec
416 523 538 590 prudens
550 529 637 577 mater
649 524 791 590 respondit
804 525 948 593 sagaciter,
962 524 1057 579 disens
1071 547 1077 576 ι
1094 525 1245 592 Ocoujuu
1254 527 1334 581 laeui-

138 622 390 690 immurmuraret
401 622 549 691 futurum
558 636 630 678 eres
642 623 717 692 fuge
727 637 877 691 quaerere
891 643 899 680 :
913 625 989 693 quio
998 627 1089 695 Deus
1096 626 1230 694 quipus
1242 627 1334 681 luetis

138 720 229 774 ,imas
236 721 358 788 reponit
363 721 488 776 sedibus
494 722 644 790 uirgaque
652 723 746 776 levem
754 725 870 778 coercet
877 736 978 778 aurea
984 735 1116 792 gregem,
1124 724 1211 779 uouit
1221 725 1251 778 si
1252 737 1337 792 puer

138 822 169 886 e,
182 832 274 886 quem
286 820 352 888 ipse
362 820 449 875 uotis
461 821 556 888 dedit,
568 822 693 890 superis
704 822 747 875 stt
765 825 878 891 pratus
892 822 1020 891 animis,
1033 823 1172 890 satisque
1183 835 1337 891 superque

138 932 198 972 um
209 919 277 986 q'ue
288 919 462 989 benignitus
475 919 534 975 tae
546 921 683 989 tuaeque
691 921 804 975 ditabit
816 922 885 975 siue
895 922 968 990 stne.
985 923 1028 976 Tu
1038 923 1252 977 tautummodo
1263 934 1337 977 caue

148 1030 239 1073 more
252 1019 343 1073 titum
355 1019 464 1088 reptet
480 1019 595 1088 absque
606 1033 697 1077 suero
717 1020 918 1089 baptismate,
927 1020 1052 1076 Obsecro
1068 1033 1149 1089 uero,
1162 1021 1335 1086 carissime,

138 1118 258 1185 jubeas
267 1120 361 1174 illum
372 1120 492 1188 deferri
503 1122 546 1174 ud
558 1121 771 1176 beatissimum
784 1120 973 1188 Martialem,
986 1118 1165 1190 efflagitans
1176 1119 1289 1175 obuiue
1299 1123 1335 1174 ut

138 1231 163 1272 a
176 1231 249 1273 eum
260 1220 408 1287 dipuetur
418 1220 626 1276 bertedietioue
636 1233 767 1275 sacrare
780 1233 819 1275 oe
830 1219 916 1288 fonte
927 1220 1069 1274 satutari
1078 1233 1274 1288 regenerare.

138 1316 170 1370 Β.
184 1318 339 1371 ttoratratur
354 1324 411 1372 turn
423 1320 554 1385 temporis
566 1321 662 1373 beatus
674 1318 801 1373 Martialis
813 1320 841 1372 in
854 1320 1002 1374 Briusiensi
1016 1320 1139 1389 regione,
1154 1321 1336 1374 corroborans

138 1427 323 1469 commonens
344 1417 399 1471 illic
419 1417 562 1486 degentem
582 1418 688 1485 plebem
705 1419 797 1472 divina
818 1417 982 1486 eruditione,
1001 1432 1035 1473 eo
1056 1419 1130 1486 quod
1151 1423 1244 1472 essent
1261 1418 1335 1472 illius

138 1513 243 1581 igionis
256 1516 392 1581 homines,
406 1522 436 1569 ut
456 1521 520 1570 sunt
537 1518 678 1584 hactenus,
691 1519 725 1570 ab
738 1518 798 1570 aliis
818 1518 1074 1585 circumjacentibus
1087 1531 1194 1572 morum
1206 1517 1336 1584 qualitate

139 1613 263 1681 ociores,
276 1615 392 1682 ideoque
404 1621 499 1670 contra
512 1618 596 1671 robur
607 1617 717 1671 illorum
729 1617 843 1671 feritatis
860 1619 982 1672 certabat
999 1618 1117 1687 pugione
1129 1621 1156 1671 et
1167 1630 1262 1685 parma
1274 1630 1335 1670 san·

138 1726 159 1766 e
173 1714 397 1782 praedicationis,
410 1722 441 1769 ut
452 1716 606 1770 eliminaret
625 1731 641 1770 a
662 1718 794 1783 plasmate
808 1718 1001 1785 omnipotentis
1014 1719 1060 1772 liei
1073 1717 1173 1772 infitias
1185 1722 1211 1772 et
1227 1718 1336 1773 inolitas

138 1815 196 1868 des
210 1816 295 1868 hostis
307 1817 422 1884 antiqui.
436 1818 474 1871 nd
487 1831 571 1885 quem
583 1823 678 1886 rogatu
700 1819 794 1872 beatae
810 1821 903 1872 iustae
924 1831 1075 1886 properans
1085 1819 1127 1872 vir
1139 1819 1186 1872 liei
1202 1819 1334 1887 Arrianus,

138 1914 200 1967 tulit
212 1915 236 1967 ei
249 1928 283 1968 ex
295 1929 324 1968 se
344 1916 467 1984 genitum
484 1918 628 1984 parvulum
648 1917 786 1971 cunabulo
808 1918 974 1984 impositum,
988 1922 1078 1985 grates
1095 1918 1256 1971 innumeras
1268 1919 1334 1972 rete

138 2027 167 2066 rs
179 2013 256 2080 quod
269 2016 327 2081 ejus
339 2016 463 2069 oratione
475 2017 623 2085 longaevae
630 2017 725 2071 aetatis
732 2019 813 2072 nomo
823 2031 857 2071 ex
866 2017 950 2072 sterili
964 2018 1078 2085 conjuge
1090 2014 1177 2069 titium
1186 2016 1333 2084 genuisset.

140 2129 188 2169 em
200 2119 339 2182 gratanter
359 2117 525 2184 amplectens
545 2118 734 2172 sanctissimus
745 2117 882 2185 sacerdos,
895 2116 1006 2170 tradidit
1022 2116 1098 2170 iilum
1112 2115 1334 2170 catechizandum

138 2219 183 2268 ato
195 2217 328 2281 Ausonio,
340 2229 423 2283 quem
436 2218 494 2283 ipse
506 2218 616 2271 demum
626 2217 756 2284 praefecit
772 2217 918 2271 antistitem
931 2216 1131 2284 Engolismensi
1148 2215 1259 2282 populo.
1267 2217 1334 2268 cum

137 2326 168 2366 ro
180 2313 334 2366 seeundum
347 2328 450 2369 morem
463 2322 626 2382 perventum
646 2322 718 2370 esset
735 2316 769 2369 ad
782 2315 902 2369 nominis
920 2315 1132 2382 impositionem,
1145 2319 1205 2368 orta
1217 2318 1260 2366 est
1270 2313 1335 2367 satis

140 2411 219 2465 ichra
239 2413 379 2467 altercatio
399 2415 471 2468 inter
491 2415 698 2468 circumstantes
720 2431 726 2467 :
747 2415 859 2482 quidam
879 2414 953 2468 enim
974 2414 1052 2467 iilum
1068 2418 1181 2481 paterno
1202 2412 1335 2467 vocabulo
1357 2461 1360 2464 ,

138 2510 233 2564 lebant
245 2513 362 2578 censeri,
375 2513 486 2580 quidam
498 2528 562 2568 vero
582 2518 594 2567 t
599 2519 688 2568 ustum
701 2527 733 2567 err
754 2515 847 2567 matris
865 2514 977 2567 nomine
988 2512 1087 2566 melius
1099 2512 1227 2566 dicebant
1237 2524 1334 2566 conve-

138 2624 163 2664 re
176 2613 342 2678 nuncupari.
355 2614 440 2677 Quam
460 2614 666 2668 altercationem
689 2615 785 2667 beatus
805 2613 933 2670 Martialis
955 2613 1050 2667 votens
1062 2611 1203 2678 dirimere,
1217 2624 1249 2664 ex
1261 2617 1334 2665 utro·

138 2724 223 2779 mque
235 2713 376 2766 vocabulis
386 2716 536 2781 composito
556 2696 669 2769 nomine
686 2715 791 2768 vocavit
807 2714 884 2768 iilum
901 2704 1099 2781 lastinianum,
1108 2713 1182 2766 dictu
1201 2711 1334 2765 mirabile.

138 2810 333 2877 »mactatisque
354 2811 472 2878 lympnis
492 2813 611 2879 mysterii
633 2813 759 2866 salutaris
770 2813 828 2879 ipse
846 2811 1035 2865 sanctissimus
1050 2811 1190 2877 apostolus
1207 2809 1335 2863 Martialis

138 2908 249 2974 ptizavit
261 2909 339 2962 iilum
362 2911 490 2963 manibus
502 2911 618 2977 propriis
632 2912 659 2963 in
677 2911 789 2964 nomine
810 2915 920 2963 sanctae
932 2915 959 2963 et
970 2909 1128 2964 individuae
1139 2908 1296 2975 Trinitatis3
1309 2911 1336 2960 et

140 3013 214 3062 racto
227 3007 316 3062 officio
328 3009 507 3075 baptismatis,
519 3010 648 3064 decenter
667 3010 784 3064 elevavit
796 3024 860 3063 eum
879 3013 1035 3062 reverenter
1046 3009 1080 3062 de
1095 3009 1165 3061 trina
1178 3007 1260 3062 tontis
1272 3007 1334 3060 suh·

138 3111 245 3164 crsione
256 3123 320 3162 eum
341 3123 390 3163 suo
408 3110 494 3163 nobili
510 3109 709 3176 discipulorum
721 3123 812 3178 grege,
826 3109 854 3161 id
867 3115 908 3163 est
924 3107 1068 3177 titiniano,
1081 3107 1292 3162 austricliniano
1309 3112 1336 3160 et

138 3209 243 3263 ttedicto
254 3208 384 3274 Ausonio,
397 3209 542 3263 aureliano
563 3222 673 3276 quoque
687 3214 713 3262 et
731 3208 887 3262 Hildeberto
907 3206 962 3262 tilio
979 3205 1106 3261 Archadii
1126 3204 1234 3260 comitis
1251 3206 1334 3260 Picta·

139 3310 206 3373 osis,
228 3320 298 3375 quos
318 3307 493 3361 suscitaverat
514 3322 529 3361 a
549 3309 673 3374 mortuis,
690 3307 805 3374 aliisque
825 3320 907 3374 quam
929 3307 1064 3373 piurimis,
1077 3318 1147 3373 quos
1167 3305 1278 3374 longum
1296 3309 1338 3358 est

138 3408 254 3462 censeri.

138 3508 169 3560 θ.
182 3510 336 3562 convocato
348 3507 448 3560 deinde
461 3507 619 3560 fidelissimo
631 3507 683 3559 sibi
696 3507 754 3560 viro
764 3506 883 3571 aniano,
896 3507 993 3559 heatus
1006 3503 1144 3571 apostolus
1156 3500 1293 3556 commisit
1311 3501 1336 3554 ei

138 3608 219 3662 tolum
233 3621 314 3660 suum
324 3607 508 3660 sastinianum
520 3607 692 3673 cognomine,
706 3606 865 3672 remisitque
878 3619 941 3658 eum
963 3603 1072 3670 conjugi
1086 3614 1151 3655 suae
1164 3615 1227 3655 cum
1241 3598 1336 3654 divina

138 3706 308 3770 mediatione,
322 3705 482 3773 praedicens
491 3706 530 3758 iili
543 3709 573 3759 ut
585 3705 717 3759 sollicitus
730 3705 867 3770 existeret,
882 3705 946 3771 quia
963 3703 1008 3755 die
1020 3701 1229 3769 quadragesimo
1241 3698 1335 3752 nativi-

138 3807 168 3859 tis
178 3820 246 3860 suae
265 3807 394 3874 migraret
405 3806 440 3859 ad
460 3806 605 3859 Dominum
627 3804 700 3857 idern
721 3804 888 3858 clarissimus
911 3815 989 3868 puer,
1002 3804 1107 3854 tanturn
1127 3799 1225 3851 merito
1247 3796 1337 3850 celsus

138 3911 239 3959 rantum
251 3918 366 3971 corpore
382 3904 511 3970 munduS,
525 3904 632 3957 caelebs
646 3908 674 3958 et
685 3908 784 3957 castus.
801 3905 936 3956 Remeans
955 3901 1037 3970 igitur
1056 3897 1227 3966 saepedictus
1243 3896 1285 3950 vir
1302 3894 1337 3947 ad

139 4007 250 4074 njugem
267 4018 355 4071 suam,
369 4017 431 4058 curn
444 4004 583 4058 retulisset
604 4003 629 4056 ei
643 4003 735 4056 omnia
749 4015 819 4069 quae
840 4007 908 4065 acta,
921 4014 992 4067 quae
1009 4000 1091 4062 dicta,
1105 4000 1262 4065 quaegesta
1280 3995 1336 4048 iue-

138 4109 176 4169 nt,
189 4103 223 4156 ad
236 4104 362 4156 ultimum
376 4103 471 4156 retulit
482 4103 506 4154 ei
527 4103 609 4155 verba
622 4103 707 4155 sancti
727 4101 854 4168 apostoli,
866 4101 970 4154 scilicet
981 4099 1054 4166 quod
1067 4099 1111 4152 die
1130 4095 1337 4164 quadragesimo

138 4216 169 4256 ae
181 4202 331 4256 nativitatis
340 4202 469 4270 migraret
477 4201 511 4255 ad
522 4202 667 4255 ltominum
676 4201 846 4254 iustinianus
858 4212 927 4266 puer
937 4199 1072 4267 gloriosae
1083 4196 1192 4250 indolis.
1204 4193 1281 4260 Quod
1291 4193 1336 4246 illa

138 4302 228 4365 diens,
243 4302 306 4354 lieet
318 4307 414 4354 natura
426 4301 480 4353 vim
499 4301 603 4354 doloris
623 4301 746 4366 interret,
760 4303 852 4353 tamen
865 4297 997 4352 femineos
1014 4296 1118 4350 doloris
1136 4294 1271 4362 singultus
1295 4292 1338 4345 de

139 4390 238 4465 imens,
251 4400 280 4452 in
301 4400 372 4452 hanc
393 4400 478 4453 iertur
490 4399 614 4465 erupisse
628 4411 732 4465 vocem,
746 4401 831 4452 Deum
852 4397 974 4463 recipere
986 4394 1021 4448 ad
1033 4392 1244 4448 custodiendum
1262 4389 1337 4458 quod

138 4500 190 4566 dit,
202 4500 298 4554 dicens
311 4515 318 4551 ε
332 4500 481 4566 Magnum
493 4498 579 4553 debet
589 4511 654 4553 esse
672 4498 836 4566 goudium,
849 4510 867 4552 o
885 4486 929 4550 r'ui
949 4495 1069 4561 dilecte,
1081 4495 1112 4547 et
1129 4491 1209 4546 milti
1220 4493 1249 4545 et
1261 4489 1337 4557 tui,-

138 4600 367 4669 eoquepropter
376 4595 431 4653 hoc
439 4596 631 4653 derwdietum
639 4597 682 4652 stt
692 4609 803 4652 uorneu
810 4595 935 4651 Domini
943 4597 971 4649 et
980 4594 1040 4664 fiet
1048 4592 1292 4647 illituootuutus
1300 4588 1336 4643 tu
