3136 5482
602 312 727 365 cartu.
747 315 848 366 conl).
867 310 1041 365 naotooli.
1060 309 1140 361 Lat.

460 486 544 537 liatre
555 497 603 539 sua
617 486 687 538 tacta
700 485 752 539 sibi
764 486 819 538 vim
831 484 946 540 multam
957 484 1090 552 capiebat.

459 583 565 636 viribus
578 583 702 637 llerculei
715 583 763 636 sed
776 583 887 637 tandem
900 581 1017 636 vincitur
1028 581 1161 635 antheus.

459 684 503 736 Sic
514 697 625 750 quoque
637 684 684 750 oui
697 684 785 737 iuerat
794 685 850 750 jam
863 696 893 736 se
904 680 1001 736 vicisse
1013 680 1131 748 gavisus,

458 784 581 836 llaerens
592 781 708 836 ctllcitur
717 783 790 851 quod
803 782 838 836 ab
850 783 903 837 boc
915 781 986 836 redit
999 784 1150 848 superatus.

457 884 519 949 dur,
534 881 641 947 iratres,
655 883 755 935 sanctis
768 883 839 935 istud
851 882 926 935 volui
938 880 1096 934 reverendis

459 983 563 1035 Misceri
576 983 687 1047 iactum,
698 983 755 1048 jam
768 997 842 1036 nunc
851 983 953 1036 audite.
967 985 1106 1036 Bonorum

456 1084 537 1134 lctus
549 1080 657 1136 decrevi
666 1095 715 1149 per
727 1083 797 1136 iacta
810 1083 914 1136 reterre
927 1081 1071 1139 malorum.

458 1178 532 1232 siout
538 1181 594 1245 jam
604 1192 734 1245 praesens
745 1179 823 1233 vobis
834 1179 912 1232 stilus
924 1177 1091 1233 enucleabit.

424 1281 463 1332 X.
499 1282 544 1332 Est
556 1293 638 1347 supra
651 1280 753 1333 dictum
765 1280 839 1347 quod
851 1280 918 1334 dum
931 1280 1042 1348 cyricus
1054 1282 1203 1346 pateretur,

458 1382 526 1431 dum
539 1380 667 1433 manibus
677 1378 782 1434 vultum
792 1380 920 1433 tendebat
932 1379 966 1433 ad
979 1380 1099 1445 aethera,
1109 1378 1249 1432 Christum

456 1478 592 1531 ‹luxilinm
606 1492 731 1546 poscens,
746 1479 785 1532 sic
799 1480 870 1532 vires
883 1478 947 1531 inde
960 1491 1111 1542 resumens,

455 1576 494 1629 ld
507 1590 602 1632 saeros
616 1578 693 1643 ictus,
707 1577 804 1631 Christi
816 1576 969 1631 munimine
982 1581 1064 1643 tutus,

456 1677 549 1729 stabat
560 1681 586 1730 et
596 1677 748 1744 intrepidus
760 1681 914 1745 cunctoque
926 1689 1027 1743 pavore
1039 1682 1170 1732 remotus.

459 1775 534 1828 t'ires
546 1775 592 1828 ille
604 1777 655 1829 sibi
670 1781 822 1830 terratenus
833 1776 996 1842 accipiebat,

459 1877 558 1928 Terrca
571 1876 617 1942 qui
630 1889 730 1930 curans
743 1889 813 1943 quae
826 1881 915 1930 terrae
926 1879 991 1929 sunt
1000 1875 1122 1943 sapiebat
1135 1893 1143 1940 ;

458 1973 575 2026 caelitus
587 1973 636 2026 iste
648 1974 699 2027 sibi
712 1975 765 2026 rim
776 1987 898 2038 sumens,
913 1986 969 2028 non
982 1972 1121 2027 metuebat

459 2076 595 2128 terrenos
608 2088 745 2141 proceres,
761 2076 827 2141 ‹puia
837 2075 938 2129 caelica
951 2088 1034 2142 regna
1045 2074 1161 2140 petebat.

457 2174 583 2239 Corporis
595 2187 659 2240 ergo
671 2174 723 2228 sibi
736 2175 776 2226 ris
788 2179 861 2226 tanta
874 2173 926 2227 fuit
941 2173 1054 2241 patienti

461 2275 492 2325 ut
510 2286 619 2338 praeses
631 2274 746 2327 stolidus
759 2273 836 2327 lieret
845 2271 927 2326 simul
939 2279 966 2327 et
977 2272 1154 2339 stupetactus,

460 2372 558 2425 llirans
571 2376 684 2427 aetatem
698 2374 832 2428 tantillam
850 2375 889 2427 sic
901 2374 1063 2427 tolerantem

461 2474 531 2525 lctus
543 2477 597 2525 tam
609 2472 722 2538 validos,
736 2481 791 2526 tam
804 2474 925 2539 crebros,
938 2478 994 2526 tarn
1007 2472 1188 2527 truculentos.

462 2573 528 2625 liam
540 2576 609 2626 bens
622 2575 781 2642 immensus,
794 2587 842 2628 rex
853 2573 972 2640 justitiae
984 2572 1169 2637 venerandus,

457 2673 546 2726 Gratia
559 2673 637 2741 cujus
646 2673 720 2728 bunc
731 2673 761 2726 in
773 2674 868 2739 primis
880 2673 951 2726 alma
964 2673 1070 2737 diebus,

459 2775 522 2839 Quis
535 2776 612 2828 lusus
623 2775 726 2828 mondo
736 2775 793 2840 jam
806 2775 940 2828 mundum
958 2774 1061 2841 respuit
1071 2774 1171 2842 ipsum,

461 2874 645 2940 iimplislcans,
658 2875 687 2926 in
705 2887 734 2927 se
746 2873 865 2927 decrevit
874 2873 1025 2941 justiticarc

464 2974 501 3026 ,ld
515 2988 544 3027 sc
557 2976 728 3035 clamantem,
740 2978 856 3027 tortores
868 2979 895 3027 ct
907 2976 1064 3041 patientem,

468 3065 620 3118 Visceribus
632 3064 716 3118 sacris
729 3063 869 3118 exaudivit
881 3065 989 3131 pietatis

466 3165 495 3214 dt
508 3176 599 3216 coram
612 3165 717 3217 cunctis
730 3178 812 3230 cluam
826 3163 941 3217 maxime
957 3164 1118 3217 mirificavit.

407 3262 463 3313 xl.
499 3261 595 3314 lnclita
608 3266 665 3313 tum
678 3267 765 3315 mater
776 3274 893 3315 cernens
907 3262 934 3313 in
947 3275 1034 3329 agone
1047 3267 1176 3328 potenter

466 3364 520 3414 lloo
532 3360 649 3428 positum
663 3375 788 3427 puerum,
802 3361 883 3414 nimis
896 3361 1034 3416 exultabat
1047 3364 1075 3415 in
1088 3363 1164 3416 illum

466 3462 514 3525 Qui
528 3459 599 3514 vires
613 3461 664 3527 ipsi
676 3461 789 3514 dederat
801 3461 884 3528 ssagra
897 3474 976 3515 saeva
989 3462 1097 3516 serenti.

465 3562 541 3615 vocis
553 3566 579 3614 ct
590 3561 689 3623 obicio,
704 3575 835 3615 manuum
847 3563 1001 3630 cordisque,
1014 3563 1133 3631 benigno

466 3661 637 3715 illoridcabat
649 3676 722 3725 eum,
735 3676 836 3714 nomen
849 3661 897 3714 scd
910 3666 937 3714 ct
948 3663 1033 3728 ipsius
1049 3664 1163 3717 almum.

465 3765 521 3813 b'on
535 3761 673 3814 rnctnebat
684 3762 733 3828 cis,
748 3759 895 3813 mundanis
907 3759 979 3825 dico,
992 3761 1086 3827 iateri;

463 3861 599 3914 Suadebat
610 3860 720 3927 proprio
733 3861 862 3914 invictum
876 3861 1021 3926 persistere.
1035 3867 1098 3915 nato

466 3962 495 4011 ln
509 3959 572 4011 idei
585 3964 694 4013 sanctae
706 3972 783 4013 sacro
798 3959 972 4012 mandamine
987 3959 1078 4027 digno.

464 4062 528 4110 turc
541 4060 641 4111 timens
654 4059 720 4111 diris
734 4073 768 4112 nc
781 4061 890 4114 cederet
902 4061 961 4126 ipse
975 4061 1098 4128 ilagellis.

465 4159 549 4210 ilnnis
561 4158 613 4211 boe
625 4159 711 4213 teneri
724 4163 797 4212 certe
810 4161 969 4227 cogentibus
982 4161 1049 4214 aevi.
1121 4198 1125 4205 .

463 4257 514 4310 scd
527 4257 660 4310 naturalis
671 4257 743 4323 quod
758 4259 782 4310 ei
796 4257 838 4310 lex
850 4258 946 4312 debuit
960 4259 1029 4324 aeri,

464 4357 572 4408 Scilicet
583 4361 613 4409 ut
625 4356 731 4409 nullum
744 4358 833 4423 quiret
847 4358 963 4410 tolerare
976 4358 1121 4426 tlagellum,

465 4456 666 4510 emereniendo
679 4456 768 4522 palam
781 4457 866 4509 virtus
879 4456 971 4511 divina
984 4459 1109 4525 negabat.

466 4557 578 4622 blartyre
591 4568 639 4622 pro
652 4570 734 4623 parvo
746 4557 797 4609 sibi
811 4557 924 4609 verbera
937 4557 1120 4623 suscipiendo.
