3136 5482
246 376 340 424 eren.
359 375 442 426 nur.
461 376 577 426 rums.
597 395 642 406 -
659 376 813 425 urrann.
832 375 880 425 sn
897 374 975 425 con.
993 372 1068 426 sesa.
1209 361 1274 426 499

39 546 231 613 clangebatur
252 545 411 599 meritorum
426 545 512 613 gratia
533 549 744 611 praecurrente,
758 545 841 612 idque
864 549 955 598 actum
976 550 1027 610 est,
1041 552 1071 598 ut
1092 546 1120 596 in
1142 545 1276 598 totoorbe

38 645 172 700 velociter
184 645 257 699 beati
269 644 407 711 pontilicis
419 644 504 699 Laudi
521 645 608 712 gloria
621 645 758 698 militaret.
776 646 840 697 Erat
851 645 924 698 enim
943 645 971 698 in
986 646 1096 699 silentio
1108 645 1230 707 sedulus,
1247 645 1275 696 in

38 746 140 814 vigiliis
154 751 294 813 expertus,
308 747 337 798 in
355 745 470 814 jeiuniis
490 759 600 813 parcus,
618 747 647 798 in
668 746 791 799 oratione
812 746 1005 811 creberrimus,
1018 746 1047 798 in
1068 746 1274 799 conversatione

40 844 175 913 privatus,
189 845 217 898 ln
230 845 329 898 litteris
341 844 447 912 doctus,
461 845 489 899 in
502 844 609 898 cunctis
620 844 792 912 dogmatibus
804 844 939 898 eruditus.
954 844 1008 898 Sed
1025 858 1077 898 nec
1090 845 1165 898 aliud
1177 845 1205 896 in
1217 845 1273 898 col·

10 944 25 999 l
41 943 138 1011 loquio
151 949 198 997 aut
210 944 239 1011 in
251 944 456 1009 praedicatione
467 943 611 998 cotidianis
623 944 721 997 diebus
734 945 868 1012 studebat,
880 944 931 996 nisi
946 943 1021 1011 quod
1031 944 1064 997 ad
1076 945 1156 998 totius
1167 944 1275 997 animae

40 1043 196 1097 remedium
212 1048 257 1096 aut
270 1056 320 1109 per
330 1044 514 1108 paenitentiae
527 1044 631 1097 luctum
646 1043 784 1109 pertinere
797 1044 883 1109 possit
898 1049 944 1096 aui
955 1057 1006 1110 per
1022 1044 1206 1110 elemosynam
1218 1042 1275 1095 sui-

40 1143 159 1211 iragare.
171 1145 324 1210 Numquam
337 1144 366 1196 in
380 1144 470 1210 ipsum
483 1145 604 1210 reperire
616 1143 704 1209 potuit
716 1142 845 1210 antiquus
866 1143 978 1196 coluber
989 1156 1040 1208 per
1061 1143 1186 1195 astutiam
1204 1141 1275 1195 irau-

38 1242 185 1296 dulentam
206 1242 249 1295 vel
269 1242 343 1309 quod
363 1241 468 1296 dolosis
488 1243 606 1310 ingeniis
627 1242 804 1309 persuaderet
821 1243 865 1295 rel
886 1240 959 1308 quod
972 1242 1119 1295 venenosis
1140 1241 1276 1294 morsibus

39 1342 188 1395 sauciaret.
202 1343 235 1394 ut
247 1342 309 1395 ideo
330 1346 442 1394 nonest
463 1342 573 1404 mirum,
587 1341 610 1393 si
631 1341 692 1393 talis
705 1341 776 1394 inira
796 1347 880 1394 metas
902 1346 1012 1394 sanctae
1032 1342 1126 1393 matris
1139 1341 1276 1394 Ecclesiae

10 1438 198 1495 deficeretur
218 1441 346 1508 magister
367 1445 394 1494 ct
405 1439 502 1494 doctor
521 1440 550 1493 in
572 1440 688 1506 populis,
703 1441 750 1507 qui
772 1445 826 1492 tam
848 1445 942 1493 sancte
955 1445 982 1493 et
999 1441 1072 1507 juste
1093 1440 1175 1493 vitam
1198 1452 1275 1492 suam

41 1539 227 1605 componebat
248 1539 277 1591 in
289 1539 378 1592 terris.
392 1540 463 1592 llaec
484 1539 575 1606 itaque
587 1552 637 1606 pro
659 1547 780 1605 tempore
792 1538 874 1604 dicta,
888 1551 963 1591 nunc
975 1538 1068 1591 stilum
1079 1542 1218 1591 vertamus
1239 1536 1274 1590 ad

39 1638 105 1704 ejus
118 1638 270 1692 intimanda
287 1639 329 1704 pia
341 1642 426 1706 gesta.

78 1735 111 1790 8.
125 1737 287 1805 igiturdum
299 1750 332 1791 ex
344 1750 420 1792 more
440 1737 558 1805 quadam
571 1742 652 1791 nocte
673 1738 770 1791 beatus
791 1738 905 1790 antistes
925 1738 1032 1791 bomini
1053 1737 1161 1790 baudus
1181 1750 1273 1790 amore

41 1836 122 1904 regni
140 1836 266 1889 caelestis
282 1836 375 1890 caulas
395 1836 529 1890 ecclesiae
547 1834 682 1889 maturius
702 1849 818 1903 surgens
839 1836 968 1889 circuiret
988 1836 1112 1904 pervigil,
1125 1835 1232 1898 accidit,
1245 1840 1275 1888 ut

10 1934 24 1987 i
40 1935 143 1989 mulier
154 1935 290 2003 qrmedam
301 1935 443 1989 oculorum
455 1935 583 1988 frustrata
595 1939 604 1955 ·
618 1935 722 1988 lumine
733 1939 796 1988 ante
808 1934 881 1988 iores
890 1936 995 2002 laceret
1010 1935 1150 1998 ecclesiae,
1166 1934 1271 1988 bomini
1325 1947 1334 1966 ·
1349 1944 1414 1998 cod,

39 2047 92 2103 pro
104 2048 155 2088 sua
167 2035 260 2088 inedia
281 2035 438 2102 supplicans
450 2035 636 2101 clementiam,
650 2035 771 2088 simulet
790 2036 875 2087 sancti
897 2035 947 2088 viri
964 2034 1134 2101 praestolans
1146 2047 1273 2101 praesen·
1300 2011 1441 2067 frustm·

39 2135 118 2199 tiam,
132 2140 163 2187 ut
174 2135 199 2187 ei
212 2134 274 2200 pius
286 2136 418 2188 Dominus
429 2147 479 2201 per
490 2135 673 2188 interventum
687 2134 759 2187 beati
773 2135 835 2200 riri,
849 2132 962 2188 remotis
981 2134 1124 2187 latebrosis
1136 2134 1271 2197 claustris,

39 2232 138 2286 lumen
150 2232 174 2285 ei
187 2236 196 2252 ·
210 2231 367 2285 restitueret
379 2233 508 2286 salutare.
521 2235 594 2296 Quae
616 2239 645 2285 ut
665 2232 768 2302 audivit
789 2232 936 2285 adventum
957 2233 1043 2284 sancti
1065 2232 1125 2296 riri,
1139 2233 1273 2297 extemplo
1336 2241 1411 2295 περ,

39 2343 217 2400 magnacum
239 2345 304 2385 voce
324 2331 544 2398 supplementum
565 2332 636 2384 beati
656 2330 741 2384 baudi
764 2331 854 2397 coepit
875 2330 921 2383 tali
934 2328 1062 2384 affamine
1083 2331 1273 2396 proclamare:
1333 2310 1335 2314 Α

10 2428 22 2481 l
44 2431 68 2484 0
78 2432 189 2484 sancte
199 2430 316 2499 Laude,
324 2430 380 2498 pie
394 2429 510 2486 Christi
520 2430 666 2484 minister
676 2431 706 2484 et
712 2427 871 2498 pontifex,
879 2428 1009 2483 subveni
1019 2442 1106 2483 meae
1117 2429 1274 2500 miseriae,

39 2539 125 2596 qnae
136 2540 206 2581 sum
217 2527 327 2582 orbata
340 2530 472 2595 utroque
493 2528 621 2582 lumine.
637 2528 695 2581 Oro
712 2527 819 2594 itaque
830 2529 859 2580 et
874 2539 937 2594 pro
949 2528 1032 2581 certo
1053 2527 1088 2579 in
1099 2527 1204 2582 cordis
1223 2527 1273 2581 ab·

39 2628 131 2682 dito*
147 2628 248 2695 credo,
262 2629 338 2695 qnia
349 2628 379 2680 si
392 2630 522 2681 tucrum
539 2641 693 2682 mannum
705 2629 889 2695 amplearnm
901 2628 1038 2682 caecitas
1049 2641 1118 2682 mea
1130 2629 1271 2696 cernerit,
1328 2636 1415 2690 mod,

33 2727 383 2796 pristinarecnpernta
402 2727 550 2796 sanitate,
562 2728 670 2781 cidens
691 2727 872 2794 etpandens
892 2726 989 2781 abibo.
1003 2727 1079 2791 Quod
1101 2727 1217 2781 audiens
1233 2729 1275 2781 rir
1325 2702 1426 2756 abilita.

39 2831 165 2892 sanctus,
179 2839 299 2893 superno
312 2827 448 2880 animatus
460 2827 605 2888 desiderio,
620 2828 705 2880 sensit
716 2827 746 2879 in
759 2839 789 2879 se
802 2827 928 2880 virtulem
941 2831 969 2879 et
984 2828 1074 2892 posuit
1086 2840 1168 2893 super
1180 2827 1274 2880 oculos

10 2922 19 2973 l
39 2925 131 2992 ipsius
152 2938 295 2989 manus...
314 2927 323 2945 '
340 2925 526 2978 eraudiduunr
546 2939 676 2992 promens
690 2926 830 2991 prooemio
839 2925 858 2944 ''
876 2925 941 2978 tali:
960 2925 1143 2979 Dominator
1153 2925 1236 2980 caeli
1246 2928 1275 2979 et
1292 2931 1472 3007 'conprae-

39 3024 220 3092 κνημῖσι
230 3036 299 3090 ree,
312 3025 394 3078 neus
405 3023 498 3093 rete
510 3027 539 3078 et
546 3027 667 3092 poten,
681 3025 737 3091 qur
748 3024 888 3091 nemeto
902 3025 1004 3077 turum
1017 3023 1162 3093 fenestret
1175 3024 1278 3078 zenon
1298 2998 1453 3129 lgm»

38 3124 150 3180 oculos
161 3123 247 3178 caeci
256 3124 328 3176 nati
341 3125 505 3191 lumenque
526 3123 556 3177 ei
573 3122 750 3190 restituisti,
763 3123 893 3177 concede
906 3122 985 3176 milti
1004 3124 1133 3191 indipno
1152 3122 1275 3192 samnio
1325 3139 1427 3182 vacua

38 3224 96 3277 tuo
108 3223 145 3275 in
157 3225 186 3276 te
205 3222 375 3291 confidenti
386 3235 473 3290 opem
484 3223 722 3278 misericordiae
734 3225 816 3290 tuae,
829 3225 865 3276 nt
880 3235 942 3291 per
958 3236 1101 3277 mearum
1121 3236 1275 3277 mannum
1317 3194 1427 3314 wlff

37 3320 272 3390 impositionem
283 3321 418 3389 recipiat
424 3322 602 3389 pristinum
616 3324 730 3375 lumen.
744 3325 820 3374 Tunc
839 3321 983 3388 imponens
996 3336 1094 3375 manus
1112 3335 1194 3388 super
1211 3335 1275 3375 ocu·
1310 3325 1442 3392 proemia.

10 3426 14 3458 t
34 3421 81 3475 los
94 3421 167 3486 ejus,
180 3420 311 3487 inquiens
324 3420 390 3473 baec
402 3421 485 3473 verba
499 3435 506 3471 z
520 3421 695 3487 inlumina,
709 3419 846 3485 Domine,
860 3421 983 3499 cultum
996 3422 1086 3473 tuum
1103 3413 1200 3488 snper
1216 3433 1273 3474 nos

35 3520 70 3575 et
82 3519 231 3573 monere
241 3518 363 3586 nostri,·
376 3524 404 3572 et
415 3519 558 3572 confestim
572 3520 702 3572 caecitate
714 3519 852 3584 frustrata,
864 3519 979 3572 sanitate
991 3524 1109 3585 recepta,
1120 3520 1153 3572 ad
1165 3520 1274 3586 propria

37 3617 126 3674 rediit
136 3618 217 3672 laeta.

72 3718 109 3771 9.
123 3720 229 3771 interea
240 3719 283 3772 vir
295 3723 416 3782 sanctus,
430 3718 495 3770 dum
508 3723 620 3772 strenue
631 3719 726 3785 populi
744 3719 796 3771 sibi
809 3719 947 3771 commissi
968 3732 1061 3772 curam
1080 3724 1182 3787 ageret,
1200 3733 1274 3774 anno

35 3818 216 3885 episcopatus
237 3817 278 3870 sui
299 3826 378 3882 ¹1⁰⁰,
399 3821 479 3884 prout
500 3831 543 3870 res
556 3818 728 3884 exposcebat,
742 3813 959 3884 iter'arripiens,
972 3819 1098 3883 cupiebat
1118 3820 1274 3873 childeber-

10 3907 101 3969 itum
122 3917 289 3968 Francorum
311 3927 403 3983 regem
425 3916 544 3968 inrisere
565 3916 693 3969 Parisios.
707 3915 811 3969 Accidit
831 3921 922 3969 antem
940 3921 970 3968 ut
990 3918 1188 3982 praecederent
1209 3932 1272 3971 eum

38 4014 163 4067 ministri
174 4014 209 4067 ad
220 4014 408 4080 praeparanda
428 4015 592 4068 iterantibus
605 4018 614 4035 ·
627 4016 782 4067 necessaria
803 4020 952 4081 aptumque
970 4016 1144 4082 requirerent
1164 4017 1270 4082 negotio
1332 4018 1341 4038 '
1376 4017 1382 4028 ‘

40 4112 88 4165 tali
110 4110 282 4175 lucumoni
305 4111 501 4178 praecedentes
522 4113 687 4166 invenerunt
710 4114 837 4166 arborem
858 4127 995 4181 magnam,
1017 4115 1168 4180 antiquam,
1193 4117 1275 4168 ramis

42 4223 167 4278 opacam,
180 4210 343 4265 iterantibus
355 4217 455 4278 aptam.
470 4212 519 4265 ilbi
541 4225 590 4279 pro
603 4219 725 4280 tempore
744 4213 897 4267 neccssaria
911 4220 1116 4279 componentes,
1130 4213 1274 4268 stesadium

43 4308 114 4364 beati
127 4309 179 4363 riri
202 4310 254 4362 sub
270 4316 421 4364 memorata
444 4311 542 4365 arbore
554 4317 708 4378 posuerunt
722 4317 749 4364 et
769 4313 925 4365 necessaria
947 4317 1142 4378 apposuerunt.
1157 4315 1275 4367 veniens

10 4400 134 4463 flantem
147 4408 190 4461 vir
211 4409 269 4474 liei,
282 4409 402 4475 repletus
414 4410 516 4476 Spiritu
536 4416 641 4476 sancto,
656 4411 791 4463 intellexit
812 4412 840 4463 in
864 4424 897 4463 ea
918 4416 1026 4464 versuta
1045 4413 1186 4466 molimina
1199 4413 1273 4465 lividi

41 4507 157 4562 chelidri
170 4507 284 4560 latitme.
299 4510 420 4581 Exorans
440 4513 481 4562 est
500 4509 534 4562 ad
555 4522 620 4562 suos
643 4522 816 4577 magnacum
835 4523 923 4563 voce:
943 4510 1062 4573 Tollite,
1076 4512 1184 4580 tollite,
1198 4512 1273 4580 pilii,

43 4606 288 4678 qrmeposutctie
307 4606 363 4660 sub
375 4608 486 4661 arbore
497 4608 562 4673 citi,
575 4621 615 4661 ne
626 4621 679 4662 cos
691 4608 918 4663 circumveniat
929 4610 1094 4676 repentino
1106 4612 1276 4666 calamitas
