3136 5482
164 324 232 389 314
519 342 647 393 erran.
667 343 769 393 conn.
788 344 960 395 moroan.
979 344 1060 395 nur.

159 515 278 577 januam
298 524 387 565 suam.
401 513 474 576 Quos
486 518 516 566 ut
527 512 605 576 vidit,
617 512 728 581 gavisus
739 516 857 569 accurrit
872 517 984 570 domum
1004 516 1086 580 celsi,
1099 528 1236 582 exponens
1245 513 1353 569 tenuo
1426 511 1431 559 i

160 609 236 662 etsie
249 609 342 663 bobus
362 611 490 663 inventis.
504 613 559 665 lloc
579 612 697 666 audiens
716 614 819 679 celsm,
838 614 903 667 lesit
923 613 1021 667 adesse
1041 615 1204 681 episcopius
1219 608 1354 679 ipsiussslls
1423 622 1431 657 “.

161 707 263 761 dicens
277 724 284 759 :
298 695 439 777 Ne'forle
450 709 530 763 milii
545 711 737 779 iudipuetun
751 713 881 780 cosma,
899 714 1021 769 accersi
1032 714 1201 769 Donatum
1213 706 1357 777 monebit
1428 752 1431 756 .

163 809 325 874 episcopus.
340 809 443 873 Quibus
463 810 543 863 simul
564 812 741 865 venientibus
761 813 879 866 obviavit
898 813 1002 878 celsus,
1025 814 1163 879 paenituit
1179 810 1359 880 rumellum
1428 824 1431 829 ·

163 907 348 976 irrogaverat.
361 913 416 963 lioc
429 916 539 963 sanetus
551 911 641 964 libens
653 912 692 964 illi
709 911 831 965 donarit.
853 916 884 966 Et
905 914 1045 981 ingressus
1065 913 1191 977 domurn,
1211 904 1380 965 teumrliai
1429 920 1431 939 ¹

162 1008 317 1072 agensjam
327 1008 356 1060 in
365 1010 503 1062 extremis.
517 1011 603 1074 Quam
612 1016 643 1063 ut
655 1014 776 1065 Donatus
785 1012 861 1077 vidit,
875 1012 951 1065 llexis
963 1012 1116 1080 poplitibus
1134 1025 1198 1067 cum
1209 1011 1363 1079 episcopopo

163 1107 202 1158 rit
215 1123 222 1158 :
237 1108 371 1162 Domine
381 1108 456 1162 Jesu
471 1107 598 1177 Christe,
612 1111 667 1178 qui
678 1112 783 1180 filiam
795 1110 1037 1179 arcuupuapopt
1057 1113 1117 1165 tua
1137 1111 1251 1165 virtute
1264 1122 1284 1163 a
1298 1104 1364 1159 mle

163 1207 375 1275 resuscitasti,
386 1211 415 1261 el
417 1222 478 1276 per
486 1209 614 1263 Petrum
631 1209 1046 1279 Thabitaut,perloltounem
1055 1211 1260 1277 Drumiauam,
1270 1206 1365 1274 amm

165 1305 217 1361 tric
228 1309 341 1362 adesse
351 1312 380 1363 et
391 1311 518 1363 nostrae
523 1310 672 1377 petitioni
684 1313 758 1364 tuae
776 1311 903 1364 virtutis
920 1309 1067 1377 effectum
1077 1313 1256 1378 praestare,
1267 1301 1366 1363 urm

20 1422 28 1439 ·
101 1460 108 1473 ‚
164 1407 268 1461 saluti
279 1422 374 1475 quam
394 1411 529 1461 retentat
549 1409 731 1478 infirmitas.
744 1413 776 1463 El
797 1410 968 1476 apprehensa
979 1410 1041 1476 ejus
1060 1394 1394 1475 manu‘‚1eraritsanmll

119 1528 126 1540 ·
166 1508 310 1562 volentem
324 1521 385 1561 mox
398 1509 496 1560 retorti
510 1511 643 1562 bonatum
665 1510 788 1564 hortatur
808 1510 901 1564 celsus
916 1514 996 1564 nocte
1008 1509 1057 1565 illa
1074 1522 1171 1565 mum
1180 1504 1365 1563 mmmbtmll

166 1609 320 1661 erastinum
333 1607 452 1674 praesui,
474 1613 585 1661 senator
605 1616 631 1662 et
651 1609 742 1662 omnis
762 1610 907 1664 comitatus
924 1609 1012 1663 seculi
1031 1614 1102 1663 sunt
1117 1608 1366 1677 presbyuruouuu

166 1706 384 1759 adandreoiam.
406 1706 512 1759 rlbbinc
531 1706 625 1760 celsus
645 1706 770 1772 ampliari
793 1706 857 1760 iecit
876 1708 1032 1769 ecclesiam,
1056 1708 1220 1762 ministrans
1236 1701 1365 1761 mortni&

167 1810 304 1873 sumptus.

202 1908 254 1959 14.
267 1907 362 1959 Adbuc
373 1912 479 1960 retento
491 1920 578 1960 unum
590 1909 744 1961 mirandum
757 1915 840 1976 atque
857 1922 1006 1975 summum,
1025 1908 1103 1976 quod
1124 1920 1184 1963 nou
1195 1910 1259 1975 puto
1268 1892 1394 1959 simil

168 2009 217 2061 sed
230 2009 322 2075 potius
333 2006 518 2061 scribendum.
532 2008 624 2060 bisam
635 2008 710 2075 quorl
720 2008 784 2062 ieeit
796 2022 890 2062 verum
907 2021 986 2063 sacer
998 2022 1056 2063 una
1066 2008 1190 2063 dierum.
1208 2010 1271 2061 cum
1284 1999 1366 2072 putiau

168 2109 213 2161 die
226 2120 353 2176 egressus
364 2119 379 2159 a
389 2106 456 2160 cella
464 2106 497 2158 sd
507 2107 650 2161 espissiam
660 2112 788 2174 pergeret
796 2107 910 2161 bomino
931 2107 1139 2174 supplicaturus
1150 2112 1180 2161 et
1190 2112 1249 2160 vola
1259 2092 1365 2156 solum

169 2208 288 2272 (liturus,
301 2207 405 2259 invenit
416 2210 479 2258 ante
491 2206 562 2258 iores
574 2206 704 2260 ecclesiae
717 2207 849 2261 infantem
859 2205 959 2260 vilibus
972 2206 1096 2259 obsitum
1108 2206 1211 2273 pannis
1221 2200 1364 2269 elmpellffl

170 2322 202 2363 ae
223 2310 245 2361 si
265 2314 359 2361 nutum
379 2312 526 2360 reeenlem.
551 2310 626 2360 'runo
647 2307 754 2360 rideres
777 2308 920 2360 misertum
938 2306 1138 2372 perlactentem
1161 2308 1293 2372 repertum
1306 2295 1364 2351 still

171 2410 242 2460 intra
254 2406 401 2459 desertum.
416 2407 475 2474 ipse
487 2406 545 2458 vult
556 2418 618 2459 esse
630 2409 723 2472 pater;
738 2406 787 2459 sed
807 2407 851 2459 bio
864 2419 921 2459 non
933 2411 992 2459 erat
1003 2413 1104 2460 mater.
1114 2406 1213 2459 Statim
1223 2401 1278 2457 solo
1287 2411 1311 2453 ss
1321 2401 1363 2449 ill
1371 2384 1400 2479 Ἰ

170 2508 217 2566 rit,
229 2507 357 2560 obnixius
369 2506 455 2559 oravit
466 2511 493 2558 et
505 2507 619 2559 Domino
632 2505 803 2572 supplicavit,
815 2506 911 2558 dicens
925 2523 931 2558 ε
947 2505 1146 2559 Admiranda
1164 2505 1245 2559 Deus
1261 2501 1293 2553 itt
1301 2488 1364 2565 opii·

169 2606 226 2660 bus
239 2607 302 2660 tuis
313 2608 343 2660 et
354 2607 480 2672 auitutor
491 2606 526 2657 in
537 2605 823 2673 opportunitatibus
835 2617 916 2673 quae
926 2607 1001 2659 sunt
1018 2604 1054 2657 iu
1076 2603 1286 2669 tribulatione,
1295 2598 1365 2661 ΜΨ

170 2711 299 2774 sperant
311 2707 366 2774 qui
378 2709 406 2759 te
418 2710 577 2774 rrouerunt,
591 2707 697 2759 admto
718 2705 798 2759 milti
817 2705 977 2761 invocanti
998 2707 1028 2759 te
1043 2707 1075 2759 et
1086 2704 1142 2771 fac
1148 2697 1364 2773 propitiationi

172 2808 367 2872 tuamsuper
389 2804 470 2859 hauc
491 2804 663 2858 humanam
682 2807 874 2858 creaturam.
896 2804 956 2865 Qui
975 2816 1016 2858 ear
1037 2803 1115 2859 linio
1137 2805 1241 2859 terrae
1258 2783 1365 2867 sirm*

172 2905 272 2958 Adam
284 2907 313 2958 et
324 2905 354 2958 ei
365 2904 489 2957 vivendi
501 2904 660 2973 inperium
680 2903 851 2970 contulisti,
873 2904 929 2970 qui
941 2903 1098 2970 plurimis
1120 2900 1228 2957 diebus
1239 2875 1392 2952 inturbfl

172 3003 295 3057 Heliam
307 3003 451 3057 ministro
463 3016 553 3056 eorm
560 3002 690 3070 pavisti,
709 3001 823 3069 quique
840 3001 967 3054 Danieli
984 3001 1068 3054 iuter
1079 2999 1171 3067 fmus
1178 2998 1277 3067 posito
1283 2993 1365 3063 pansi

167 3103 384 3170 perHabacuc
399 3105 593 3170 portitorem,
616 3116 654 3156 ue
673 3103 826 3170 deficeret,
847 3102 1064 3167 transmisisti,
1086 3102 1130 3154 da
1150 3079 1367 3156 consiliunt&

172 3202 299 3270 ropanti
310 3205 347 3270 te,
360 3217 419 3271 quo
428 3204 586 3271 parmtlus
594 3201 644 3256 llic
655 3204 767 3255 alatur
778 3204 807 3253 rt
818 3201 994 3266 nutriatur,
1004 3202 1195 3267 quaudoque
1202 3185 1367 3254 mummoli

173 3316 229 3357 suo
248 3304 390 3358 videlicet
403 3308 544 3372 tempore.

370 3404 440 3457 Nou
451 3403 529 3456 milri
540 3403 712 3470 mamillae,
725 3416 789 3457 uon
801 3403 898 3457 smera
909 3402 1024 3456 dantia
1035 3414 1177 3467 soracum,

378 3503 460 3555 Unde
471 3502 572 3556 cibum
584 3502 692 3571 capiat
703 3503 863 3570 neopossit
875 3500 987 3555 trabere
997 3500 1147 3569 uiporem.

213 3605 307 3656 tirum
322 3603 479 3655 intricare
501 3605 530 3655 et
550 3615 685 3655 crescere
702 3605 731 3655 et
752 3602 842 3655 mori.
870 3600 935 3654 Tibi
954 3599 1170 3655 obsecundant
1190 3589 1379 3654 omuutailo

175 3699 345 3767 santulutu,
358 3701 411 3754 cui
422 3714 493 3753 eum
506 3701 586 3754 Filio
599 3702 651 3752 luo
662 3703 691 3752 et
706 3713 778 3754 rtem
795 3699 915 3766 Spiritu
931 3702 1040 3753 sumto
1058 3701 1105 3753 est
1117 3698 1287 3754 insolubile
1296 3697 1382 3761 elpis

171 3801 279 3867 prium
292 3815 411 3869 semper
423 3802 527 3856 oruuia
536 3813 635 3868 posse.
649 3802 755 3854 Ameu.
769 3803 801 3853 lit
819 3800 881 3852 data
899 3805 1010 3853 sanetus
1027 3800 1168 3866 oratione,
1181 3812 1248 3853 ecce
1260 3794 1387 3865 respicient

176 3916 209 3954 ex
222 3902 335 3954 adverso
349 3902 414 3954 sidit
426 3901 460 3954 do
482 3906 575 3955 monto
595 3901 728 3966 dilapsam
747 3899 781 3953 ad
803 3913 832 3952 se
854 3904 1048 3965 properantem
1066 3911 1181 3954 cervam
1196 3884 1426 3967 solivapanutss

180 4002 235 4054 ullo
248 4001 383 4053 turbulam
396 4002 510 4057 assecla.

39 4106 123 4158 'eom
375 4102 463 4153 ubera
475 4113 545 4166 quae
555 4100 795 4165 nimio·portabat
806 4098 926 4165 pendula
939 4098 1018 4150 lacte.

34 4172 126 4225 mmm·
211 4202 240 4252 Et
252 4199 461 4267 apprehendens
473 4199 626 4266 paruulum.
639 4200 765 4265 apposuit
776 4198 909 4252 uberibus
929 4210 1028 4251 certae
1045 4211 1199 4266 quousque
1215 4199 1406 4255 abboiaturll

180 4300 230 4351 lior
243 4300 327 4351 semel
340 4301 368 4351 in
380 4300 425 4352 <lle
436 4304 510 4352 certo
523 4305 645 4364 tempore
657 4299 811 4363 observato,

375 4401 529 4451 Erineerra
541 4411 620 4450 suum
633 4399 757 4463 sequitur
769 4412 819 4463 per
831 4411 931 4465 pascua
944 4401 1062 4464 pastum.
1422 4399 1431 4451 l

213 4499 288 4549 llunc
301 4498 399 4549 etenim
413 4509 527 4561 puerum
548 4494 709 4560 disciplinae
727 4508 859 4548 censurae
876 4495 1008 4548 traditum
1020 4494 1196 4553 caelestibus
1208 4500 1312 4555 studiis
1323 4498 1412 4555 mand·

181 4595 263 4661 parit.
