<?xml version="1.0" encoding="UTF-8"?>
<!DOCTYPE html PUBLIC "-//W3C//DTD XHTML 1.0 Transitional//EN"
    "http://www.w3.org/TR/xhtml1/DTD/xhtml1-transitional.dtd">
<html xmlns="http://www.w3.org/1999/xhtml" xml:lang="en" lang="en">
 <head>
  <title>
</title>
<meta http-equiv="Content-Type" content="text/html;charset=utf-8" />
  <meta name='ocr-system' content='tesseract 3.04.00' />
  <meta name='ocr-capabilities' content='ocr_page ocr_carea ocr_par ocr_line ocrx_word'/>
</head>
<body>
  <div class='ocr_page' id='page_1' title='image "./cataloguscodicu01manugoog_0168.png"; bbox 0 0 3136 5482; ppageno 0'>
   <div class='ocr_carea' id='block_1_1' title="bbox 278 332 1309 401">
    <p class='ocr_par' dir='ltr' id='par_1_1' title="bbox 278 332 1309 401">
     <span class='ocr_line' id='line_1_1' title="bbox 278 332 1309 401; baseline -0.003 0"><span class='ocrx_word' id='word_1_1' title='bbox 278 351 372 401; x_wconf 76' lang='lat' dir='ltr'>erse.</span> <span class='ocrx_word' id='word_1_2' title='bbox 391 349 473 401; x_wconf 81' lang='lat' dir='ltr'>nar.</span> <span class='ocrx_word' id='word_1_3' title='bbox 493 350 609 400; x_wconf 75' lang='lat' dir='ltr'>ranis,</span> <span class='ocrx_word' id='word_1_4' title='bbox 627 371 673 381; x_wconf 85' lang='lat'>-</span> <span class='ocrx_word' id='word_1_5' title='bbox 689 349 842 399; x_wconf 73' lang='lat' dir='ltr'>trenno.</span> <span class='ocrx_word' id='word_1_6' title='bbox 862 349 909 399; x_wconf 74' lang='lat' dir='ltr'>an</span> <span class='ocrx_word' id='word_1_7' title='bbox 926 350 1003 399; x_wconf 90' lang='lat' dir='ltr'>con.</span> <span class='ocrx_word' id='word_1_8' title='bbox 1023 347 1099 397; x_wconf 77' lang='lat' dir='ltr'>aser.</span> <span class='ocrx_word' id='word_1_9' title='bbox 1246 332 1309 399; x_wconf 86' lang='grc'>153</span> 
     </span>
    </p>
   </div>
   <div class='ocr_carea' id='block_1_2' title="bbox 10 517 1504 4679">
    <p class='ocr_par' dir='ltr' id='par_1_2' title="bbox 10 517 1504 2482">
     <span class='ocr_line' id='line_1_2' title="bbox 45 517 1310 589; baseline -0.004 -14"><span class='ocrx_word' id='word_1_10' title='bbox 45 524 171 575; x_wconf 82' lang='lat' dir='ltr'>bostem</span> <span class='ocrx_word' id='word_1_11' title='bbox 189 520 244 574; x_wconf 90' lang='lat' dir='ltr'>sed</span> <span class='ocrx_word' id='word_1_12' title='bbox 256 519 388 574; x_wconf 78' lang='lat' dir='ltr'>adversus</span> <span class='ocrx_word' id='word_1_13' title='bbox 397 519 564 573; x_wconf 82' lang='lat' dir='ltr'>invisibilem</span> <span class='ocrx_word' id='word_1_14' title='bbox 582 520 694 573; x_wconf 87' lang='lat' dir='ltr'>militiae</span> <span class='ocrx_word' id='word_1_15' title='bbox 707 520 837 587; x_wconf 89' lang='lat' dir='ltr'>spiritalis</span> <span class='ocrx_word' id='word_1_16' title='bbox 854 519 1047 589; x_wconf 80' lang='lat' dir='ltr'>infatigabilem</span> <span class='ocrx_word' id='word_1_17' title='bbox 1070 520 1222 573; x_wconf 80' lang='lat' dir='ltr'>insumeret</span> <span class='ocrx_word' id='word_1_18' title='bbox 1233 517 1310 572; x_wconf 89' lang='lat' dir='ltr'>dimi-</span> 
     </span>
     <span class='ocr_line' id='line_1_3' title="bbox 45 619 1309 688; baseline -0.004 -12"><span class='ocrx_word' id='word_1_19' title='bbox 45 623 218 685; x_wconf 82' lang='lat' dir='ltr'>cationem,</span> <span class='ocrx_word' id='word_1_20' title='bbox 229 620 368 687; x_wconf 92' lang='lat' dir='ltr'>praesidio</span> <span class='ocrx_word' id='word_1_21' title='bbox 379 624 469 672; x_wconf 89' lang='lat' dir='ltr'>tamen</span> <span class='ocrx_word' id='word_1_22' title='bbox 482 620 590 674; x_wconf 90' lang='lat' dir='ltr'>caelesti</span> <span class='ocrx_word' id='word_1_23' title='bbox 604 620 733 681; x_wconf 83' lang='lat' dir='ltr'>conlisus,</span> <span class='ocrx_word' id='word_1_24' title='bbox 746 621 947 688; x_wconf 85' lang='lat' dir='ltr'>Cbristijugum</span> <span class='ocrx_word' id='word_1_25' title='bbox 957 633 1038 674; x_wconf 81' lang='lat' dir='ltr'>suave</span> <span class='ocrx_word' id='word_1_26' title='bbox 1054 624 1080 673; x_wconf 93' lang='lat' dir='ltr'>et</span> <span class='ocrx_word' id='word_1_27' title='bbox 1092 633 1163 673; x_wconf 91' lang='lat' dir='ltr'>onus</span> <span class='ocrx_word' id='word_1_28' title='bbox 1175 621 1234 685; x_wconf 85' lang='lat' dir='ltr'>ejus</span> <span class='ocrx_word' id='word_1_29' title='bbox 1250 619 1309 672; x_wconf 83' lang='lat' dir='ltr'>leve</span> 
     </span>
     <span class='ocr_line' id='line_1_4' title="bbox 46 719 1309 788; baseline -0.006 -11"><span class='ocrx_word' id='word_1_30' title='bbox 46 722 94 777; x_wconf 86' lang='lat' dir='ltr'>nil</span> <span class='ocrx_word' id='word_1_31' title='bbox 106 726 240 776; x_wconf 78' lang='lat' dir='ltr'>veretur</span> <span class='ocrx_word' id='word_1_32' title='bbox 251 721 310 774; x_wconf 89' lang='lat' dir='ltr'>suis</span> <span class='ocrx_word' id='word_1_33' title='bbox 319 720 473 773; x_wconf 80' lang='lat' dir='ltr'>cervicibus</span> <span class='ocrx_word' id='word_1_34' title='bbox 485 721 644 786; x_wconf 79' lang='lat' dir='ltr'>imponere3</span> <span class='ocrx_word' id='word_1_35' title='bbox 658 720 834 788; x_wconf 88' lang='lat' dir='ltr'>perpendens</span> <span class='ocrx_word' id='word_1_36' title='bbox 847 722 929 773; x_wconf 90' lang='lat' dir='ltr'>etiam</span> <span class='ocrx_word' id='word_1_37' title='bbox 948 720 1067 787; x_wconf 76' lang='lat' dir='ltr'>qualiter</span> <span class='ocrx_word' id='word_1_38' title='bbox 1079 719 1156 772; x_wconf 92' lang='lat' dir='ltr'>illum</span> <span class='ocrx_word' id='word_1_39' title='bbox 1170 723 1309 786; x_wconf 86' lang='lat' dir='ltr'>oporteret.</span> 
     </span>
     <span class='ocr_line' id='line_1_5' title="bbox 46 816 1308 885; baseline -0.005 -12"><span class='ocrx_word' id='word_1_40' title='bbox 46 819 164 873; x_wconf 85' lang='lat' dir='ltr'>instrui</span> <span class='ocrx_word' id='word_1_41' title='bbox 189 816 243 885; x_wconf 87' lang='lat' dir='ltr'>qui</span> <span class='ocrx_word' id='word_1_42' title='bbox 264 818 311 870; x_wconf 89' lang='lat' dir='ltr'>tali</span> <span class='ocrx_word' id='word_1_43' title='bbox 332 819 546 872; x_wconf 79' lang='lat' dir='ltr'>constitueretur</span> <span class='ocrx_word' id='word_1_44' title='bbox 566 817 654 871; x_wconf 84' lang='lat' dir='ltr'>odlcio</span> <span class='ocrx_word' id='word_1_45' title='bbox 676 816 762 885; x_wconf 85' lang='lat' dir='ltr'>fungi.</span> <span class='ocrx_word' id='word_1_46' title='bbox 785 817 905 885; x_wconf 84' lang='lat' dir='ltr'>ideoque</span> <span class='ocrx_word' id='word_1_47' title='bbox 931 817 1030 871; x_wconf 83' lang='lat' dir='ltr'>divinis</span> <span class='ocrx_word' id='word_1_48' title='bbox 1051 817 1146 871; x_wconf 90' lang='lat' dir='ltr'>sedule</span> <span class='ocrx_word' id='word_1_49' title='bbox 1164 817 1308 871; x_wconf 79' lang='lat' dir='ltr'>fruebatur</span> 
     </span>
     <span class='ocr_line' id='line_1_6' title="bbox 10 914 1306 985; baseline -0.005 -13"><span class='ocrx_word' id='word_1_50' title='bbox 10 921 24 971; x_wconf 78' lang='grc'><strong>5</strong></span> <span class='ocrx_word' id='word_1_51' title='bbox 40 919 232 985; x_wconf 83' lang='lat' dir='ltr'>seripturis3</span> <span class='ocrx_word' id='word_1_52' title='bbox 248 915 331 979; x_wconf 85' lang='lat' dir='ltr'>unde,</span> <span class='ocrx_word' id='word_1_53' title='bbox 354 916 429 983; x_wconf 91' lang='lat' dir='ltr'>prius</span> <span class='ocrx_word' id='word_1_54' title='bbox 450 917 568 983; x_wconf 90' lang='lat' dir='ltr'>propriis</span> <span class='ocrx_word' id='word_1_55' title='bbox 588 918 711 970; x_wconf 91' lang='lat' dir='ltr'>moribus</span> <span class='ocrx_word' id='word_1_56' title='bbox 733 918 861 969; x_wconf 89' lang='lat' dir='ltr'>correctis</span> <span class='ocrx_word' id='word_1_57' title='bbox 874 917 1027 979; x_wconf 73' lang='lat' dir='ltr'>cladibus,</span> <span class='ocrx_word' id='word_1_58' title='bbox 1041 920 1135 982; x_wconf 89' lang='lat' dir='ltr'>posset</span> <span class='ocrx_word' id='word_1_59' title='bbox 1147 914 1209 969; x_wconf 83' lang='lat' dir='ltr'>fidei</span> <span class='ocrx_word' id='word_1_60' title='bbox 1223 916 1306 968; x_wconf 84' lang='lat' dir='ltr'>doru·</span> 
     </span>
     <span class='ocr_line' id='line_1_7' title="bbox 42 1015 1307 1083; baseline -0.004 -12"><span class='ocrx_word' id='word_1_61' title='bbox 42 1023 154 1071; x_wconf 81' lang='lat' dir='ltr'>menta</span> <span class='ocrx_word' id='word_1_62' title='bbox 170 1017 290 1083; x_wconf 90' lang='lat' dir='ltr'>plenius</span> <span class='ocrx_word' id='word_1_63' title='bbox 296 1017 442 1083; x_wconf 88' lang='lat' dir='ltr'>propinare</span> <span class='ocrx_word' id='word_1_64' title='bbox 453 1015 505 1070; x_wconf 89' lang='lat' dir='ltr'>sibi</span> <span class='ocrx_word' id='word_1_65' title='bbox 519 1016 630 1070; x_wconf 88' lang='lat' dir='ltr'>creditis</span> <span class='ocrx_word' id='word_1_66' title='bbox 640 1016 745 1080; x_wconf 81' lang='lat' dir='ltr'>oribus,</span> <span class='ocrx_word' id='word_1_67' title='bbox 761 1030 812 1068; x_wconf 89' lang='lat' dir='ltr'>nec</span> <span class='ocrx_word' id='word_1_68' title='bbox 822 1020 894 1069; x_wconf 89' lang='lat' dir='ltr'>esset</span> <span class='ocrx_word' id='word_1_69' title='bbox 906 1017 1009 1083; x_wconf 82' lang='lat' dir='ltr'>aliquid</span> <span class='ocrx_word' id='word_1_70' title='bbox 1020 1015 1137 1069; x_wconf 91' lang='lat' dir='ltr'>docendi</span> <span class='ocrx_word' id='word_1_71' title='bbox 1149 1015 1307 1081; x_wconf 87' lang='lat' dir='ltr'>usurpando</span> 
     </span>
     <span class='ocr_line' id='line_1_8' title="bbox 43 1113 1306 1183; baseline -0.002 -14"><span class='ocrx_word' id='word_1_72' title='bbox 43 1119 212 1170; x_wconf 81' lang='lat' dir='ltr'>insumere</span> <span class='ocrx_word' id='word_1_73' title='bbox 223 1115 300 1183; x_wconf 79' lang='lat' dir='ltr'>quod</span> <span class='ocrx_word' id='word_1_74' title='bbox 312 1128 368 1169; x_wconf 90' lang='lat' dir='ltr'>non</span> <span class='ocrx_word' id='word_1_75' title='bbox 386 1120 449 1168; x_wconf 89' lang='lat' dir='ltr'>ante</span> <span class='ocrx_word' id='word_1_76' title='bbox 463 1115 619 1183; x_wconf 83' lang='lat' dir='ltr'>perlegendi</span> <span class='ocrx_word' id='word_1_77' title='bbox 641 1121 668 1167; x_wconf 91' lang='lat' dir='ltr'>et</span> <span class='ocrx_word' id='word_1_78' title='bbox 689 1113 861 1169; x_wconf 84' lang='lat' dir='ltr'>exercitandi</span> <span class='ocrx_word' id='word_1_79' title='bbox 878 1115 998 1168; x_wconf 89' lang='lat' dir='ltr'>studium</span> <span class='ocrx_word' id='word_1_80' title='bbox 1011 1116 1153 1169; x_wconf 84' lang='lat' dir='ltr'>habuisset</span> <span class='ocrx_word' id='word_1_81' title='bbox 1167 1115 1306 1178; x_wconf 79' lang='lat' dir='ltr'>ediscere3</span> 
     </span>
     <span class='ocr_line' id='line_1_9' title="bbox 42 1213 1305 1282; baseline -0.004 -11"><span class='ocrx_word' id='word_1_82' title='bbox 42 1223 198 1272; x_wconf 86' lang='lat' dir='ltr'>metuens</span> <span class='ocrx_word' id='word_1_83' title='bbox 211 1215 362 1282; x_wconf 87' lang='lat' dir='ltr'>plurimum</span> <span class='ocrx_word' id='word_1_84' title='bbox 375 1213 443 1267; x_wconf 84' lang='lat' dir='ltr'>effici</span> <span class='ocrx_word' id='word_1_85' title='bbox 465 1215 592 1282; x_wconf 86' lang='lat' dir='ltr'>magister</span> <span class='ocrx_word' id='word_1_86' title='bbox 612 1216 722 1279; x_wconf 89' lang='lat' dir='ltr'>erroris,</span> <span class='ocrx_word' id='word_1_87' title='bbox 745 1215 796 1267; x_wconf 92' lang='lat' dir='ltr'>nisi</span> <span class='ocrx_word' id='word_1_88' title='bbox 816 1216 890 1280; x_wconf 89' lang='lat' dir='ltr'>prius</span> <span class='ocrx_word' id='word_1_89' title='bbox 903 1216 999 1268; x_wconf 89' lang='lat' dir='ltr'>fuisset</span> <span class='ocrx_word' id='word_1_90' title='bbox 1011 1214 1162 1280; x_wconf 89' lang='lat' dir='ltr'>discipulus</span> <span class='ocrx_word' id='word_1_91' title='bbox 1174 1215 1305 1268; x_wconf 78' lang='lat' dir='ltr'>veritatis.</span> 
     </span>
     <span class='ocr_line' id='line_1_10' title="bbox 40 1313 1307 1385; baseline -0.006 -13"><span class='ocrx_word' id='word_1_92' title='bbox 40 1317 186 1385; x_wconf 75' lang='lat' dir='ltr'>iejuniis</span> <span class='ocrx_word' id='word_1_93' title='bbox 199 1321 294 1369; x_wconf 88' lang='lat' dir='ltr'>autem</span> <span class='ocrx_word' id='word_1_94' title='bbox 306 1321 335 1368; x_wconf 91' lang='lat' dir='ltr'>et</span> <span class='ocrx_word' id='word_1_95' title='bbox 344 1314 444 1383; x_wconf 83' lang='lat' dir='ltr'>vigiliis</span> <span class='ocrx_word' id='word_1_96' title='bbox 457 1313 584 1368; x_wconf 88' lang='lat' dir='ltr'>studebat</span> <span class='ocrx_word' id='word_1_97' title='bbox 605 1314 669 1367; x_wconf 81' lang='lat' dir='ltr'>vitia</span> <span class='ocrx_word' id='word_1_98' title='bbox 688 1314 778 1367; x_wconf 90' lang='lat' dir='ltr'>carnis</span> <span class='ocrx_word' id='word_1_99' title='bbox 796 1315 909 1367; x_wconf 88' lang='lat' dir='ltr'>viriliter</span> <span class='ocrx_word' id='word_1_100' title='bbox 926 1314 1065 1375; x_wconf 80' lang='lat' dir='ltr'>edomare,</span> <span class='ocrx_word' id='word_1_101' title='bbox 1080 1314 1237 1381; x_wconf 83' lang='lat' dir='ltr'>nequando</span> <span class='ocrx_word' id='word_1_102' title='bbox 1250 1314 1307 1366; x_wconf 93' lang='lat' dir='ltr'>ille·</span> 
     </span>
     <span class='ocr_line' id='line_1_11' title="bbox 10 1412 1308 1482; baseline -0.007 -7"><span class='ocrx_word' id='word_1_103' title='bbox 10 1424 23 1475; x_wconf 85' lang='lat' dir='ltr'>b</span> <span class='ocrx_word' id='word_1_104' title='bbox 41 1418 202 1473; x_wconf 84' lang='lat' dir='ltr'>cebrosas</span> <span class='ocrx_word' id='word_1_105' title='bbox 215 1415 277 1480; x_wconf 87' lang='lat' dir='ltr'>ejus</span> <span class='ocrx_word' id='word_1_106' title='bbox 289 1427 369 1468; x_wconf 87' lang='lat' dir='ltr'>curas</span> <span class='ocrx_word' id='word_1_107' title='bbox 379 1419 522 1482; x_wconf 82' lang='lat' dir='ltr'>cogeretur</span> <span class='ocrx_word' id='word_1_108' title='bbox 535 1414 562 1466; x_wconf 92' lang='lat' dir='ltr'>in</span> <span class='ocrx_word' id='word_1_109' title='bbox 572 1413 717 1467; x_wconf 84' lang='lat' dir='ltr'>desideriis</span> <span class='ocrx_word' id='word_1_110' title='bbox 730 1413 872 1479; x_wconf 86' lang='lat' dir='ltr'>perlicere,</span> <span class='ocrx_word' id='word_1_111' title='bbox 887 1428 921 1467; x_wconf 90' lang='lat' dir='ltr'>ne</span> <span class='ocrx_word' id='word_1_112' title='bbox 941 1415 1011 1467; x_wconf 89' lang='lat' dir='ltr'>forte</span> <span class='ocrx_word' id='word_1_113' title='bbox 1023 1426 1085 1466; x_wconf 86' lang='lat' dir='ltr'>curn</span> <span class='ocrx_word' id='word_1_114' title='bbox 1098 1412 1159 1466; x_wconf 88' lang='lat' dir='ltr'>aliis</span> <span class='ocrx_word' id='word_1_115' title='bbox 1170 1413 1308 1467; x_wconf 79' lang='lat' dir='ltr'>rideretur</span> 
     </span>
     <span class='ocr_line' id='line_1_12' title="bbox 41 1512 1503 1581; baseline -0.003 -10"><span class='ocrx_word' id='word_1_116' title='bbox 41 1516 200 1578; x_wconf 86' lang='lat' dir='ltr'>idoneus,</span> <span class='ocrx_word' id='word_1_117' title='bbox 215 1516 271 1567; x_wconf 86' lang='lat' dir='ltr'>beo</span> <span class='ocrx_word' id='word_1_118' title='bbox 280 1512 358 1567; x_wconf 84' lang='lat' dir='ltr'>fieret</span> <span class='ocrx_word' id='word_1_119' title='bbox 367 1515 516 1580; x_wconf 88' lang='lat' dir='ltr'>reprobus;</span> <span class='ocrx_word' id='word_1_120' title='bbox 530 1526 586 1566; x_wconf 91' lang='lat' dir='ltr'>non</span> <span class='ocrx_word' id='word_1_121' title='bbox 601 1514 710 1566; x_wconf 90' lang='lat' dir='ltr'>nescius</span> <span class='ocrx_word' id='word_1_122' title='bbox 719 1514 988 1581; x_wconf 82' lang='lat' dir='ltr'>autimmemorquia</span> <span class='ocrx_word' id='word_1_123' title='bbox 997 1528 1045 1579; x_wconf 91' lang='lat' dir='ltr'>per</span> <span class='ocrx_word' id='word_1_124' title='bbox 1054 1526 1163 1567; x_wconf 91' lang='lat' dir='ltr'>omnem</span> <span class='ocrx_word' id='word_1_125' title='bbox 1177 1514 1305 1567; x_wconf 75' lang='lat' dir='ltr'>‘modum</span> <span class='ocrx_word' id='word_1_126' title='bbox 1318 1517 1399 1570; x_wconf 81' lang='lat' dir='ltr'>&#39;coti¹</span> <span class='ocrx_word' id='word_1_127' title='bbox 1411 1529 1503 1570; x_wconf 88' lang='lat' dir='ltr'>omne.</span> 
     </span>
     <span class='ocr_line' id='line_1_13' title="bbox 40 1611 1307 1684; baseline -0.006 -13"><span class='ocrx_word' id='word_1_128' title='bbox 40 1618 197 1684; x_wconf 78' lang='lat' dir='ltr'>oporteat</span> <span class='ocrx_word' id='word_1_129' title='bbox 215 1613 376 1682; x_wconf 73' lang='lat' dir='ltr'>pervigilem</span> <span class='ocrx_word' id='word_1_130' title='bbox 396 1625 456 1667; x_wconf 87' lang='lat' dir='ltr'>esse</span> <span class='ocrx_word' id='word_1_131' title='bbox 474 1613 631 1680; x_wconf 91' lang='lat' dir='ltr'>episcopum</span> <span class='ocrx_word' id='word_1_132' title='bbox 652 1619 679 1665; x_wconf 87' lang='lat' dir='ltr'>ct</span> <span class='ocrx_word' id='word_1_133' title='bbox 700 1614 734 1666; x_wconf 93' lang='lat' dir='ltr'>ab</span> <span class='ocrx_word' id='word_1_134' title='bbox 753 1613 828 1666; x_wconf 94' lang='lat' dir='ltr'>omni</span> <span class='ocrx_word' id='word_1_135' title='bbox 846 1613 960 1665; x_wconf 87' lang='lat' dir='ltr'>erimine</span> <span class='ocrx_word' id='word_1_136' title='bbox 980 1612 1119 1675; x_wconf 86' lang='lat' dir='ltr'>alienum,</span> <span class='ocrx_word' id='word_1_137' title='bbox 1142 1624 1198 1664; x_wconf 92' lang='lat' dir='ltr'>non</span> <span class='ocrx_word' id='word_1_138' title='bbox 1221 1611 1307 1676; x_wconf 89' lang='lat' dir='ltr'>turpis</span> 
     </span>
     <span class='ocr_line' id='line_1_14' title="bbox 41 1713 1306 1785; baseline -0.007 -12"><span class='ocrx_word' id='word_1_139' title='bbox 41 1719 128 1773; x_wconf 87' lang='lat' dir='ltr'>lucri</span> <span class='ocrx_word' id='word_1_140' title='bbox 141 1714 242 1785; x_wconf 80' lang='lat' dir='ltr'>gratia</span> <span class='ocrx_word' id='word_1_141' title='bbox 255 1713 387 1780; x_wconf 87' lang='lat' dir='ltr'>deditum,</span> <span class='ocrx_word' id='word_1_142' title='bbox 401 1727 456 1767; x_wconf 90' lang='lat' dir='ltr'>non</span> <span class='ocrx_word' id='word_1_143' title='bbox 469 1715 638 1768; x_wconf 87' lang='lat' dir='ltr'>vinolentum</span> <span class='ocrx_word' id='word_1_144' title='bbox 652 1714 700 1767; x_wconf 91' lang='lat' dir='ltr'>sed</span> <span class='ocrx_word' id='word_1_145' title='bbox 713 1715 848 1780; x_wconf 84' lang='lat' dir='ltr'>sobrium,</span> <span class='ocrx_word' id='word_1_146' title='bbox 861 1714 1010 1781; x_wconf 88' lang='lat' dir='ltr'>divinoque</span> <span class='ocrx_word' id='word_1_147' title='bbox 1026 1713 1109 1766; x_wconf 90' lang='lat' dir='ltr'>cultui</span> <span class='ocrx_word' id='word_1_148' title='bbox 1123 1713 1233 1778; x_wconf 86' lang='lat' dir='ltr'>penitus</span> <span class='ocrx_word' id='word_1_149' title='bbox 1245 1713 1306 1765; x_wconf 89' lang='lat' dir='ltr'>sub-</span> 
     </span>
     <span class='ocr_line' id='line_1_15' title="bbox 40 1811 1305 1880; baseline -0.006 -9"><span class='ocrx_word' id='word_1_150' title='bbox 40 1818 166 1880; x_wconf 79' lang='lat' dir='ltr'>ditum,</span> <span class='ocrx_word' id='word_1_151' title='bbox 182 1827 256 1867; x_wconf 88' lang='lat' dir='ltr'>suae</span> <span class='ocrx_word' id='word_1_152' title='bbox 266 1813 360 1867; x_wconf 88' lang='lat' dir='ltr'>domui</span> <span class='ocrx_word' id='word_1_153' title='bbox 379 1813 450 1866; x_wconf 91' lang='lat' dir='ltr'>bene</span> <span class='ocrx_word' id='word_1_154' title='bbox 471 1812 628 1877; x_wconf 82' lang='lat' dir='ltr'>sollicitum,</span> <span class='ocrx_word' id='word_1_155' title='bbox 651 1813 807 1867; x_wconf 80' lang='lat' dir='ltr'>sinceritate</span> <span class='ocrx_word' id='word_1_156' title='bbox 827 1813 891 1867; x_wconf 83' lang='lat' dir='ltr'>fidei</span> <span class='ocrx_word' id='word_1_157' title='bbox 913 1813 1139 1875; x_wconf 79' lang='lat' dir='ltr'>munitissimum,</span> <span class='ocrx_word' id='word_1_158' title='bbox 1152 1817 1246 1878; x_wconf 79' lang='lat' dir='ltr'>utpote</span> <span class='ocrx_word' id='word_1_159' title='bbox 1259 1811 1305 1865; x_wconf 84' lang='lat' dir='ltr'>liei</span> 
     </span>
     <span class='ocr_line' id='line_1_16' title="bbox 10 1911 1306 1980; baseline -0.005 -10"><span class='ocrx_word' id='word_1_160' title='bbox 10 1922 24 1973; x_wconf 76' lang='lat'><strong>5</strong></span> <span class='ocrx_word' id='word_1_161' title='bbox 41 1929 180 1972; x_wconf 77' lang='lat' dir='ltr'>senum</span> <span class='ocrx_word' id='word_1_162' title='bbox 196 1913 261 1966; x_wconf 89' lang='lat' dir='ltr'>:bis</span> <span class='ocrx_word' id='word_1_163' title='bbox 280 1925 400 1980; x_wconf 85' lang='lat' dir='ltr'>namque</span> <span class='ocrx_word' id='word_1_164' title='bbox 417 1912 523 1965; x_wconf 90' lang='lat' dir='ltr'>actibus</span> <span class='ocrx_word' id='word_1_165' title='bbox 543 1913 615 1966; x_wconf 88' lang='lat' dir='ltr'>bene</span> <span class='ocrx_word' id='word_1_166' title='bbox 627 1913 814 1979; x_wconf 89' lang='lat' dir='ltr'>prosperando</span> <span class='ocrx_word' id='word_1_167' title='bbox 827 1913 943 1978; x_wconf 77' lang='lat' dir='ltr'>Spiritus</span> <span class='ocrx_word' id='word_1_168' title='bbox 955 1912 1007 1965; x_wconf 89' lang='lat' dir='ltr'>sibi</span> <span class='ocrx_word' id='word_1_169' title='bbox 1021 1911 1172 1977; x_wconf 87' lang='lat' dir='ltr'>complacet</span> <span class='ocrx_word' id='word_1_170' title='bbox 1183 1916 1306 1964; x_wconf 88' lang='lat' dir='ltr'>sanetus.</span> 
     </span>
     <span class='ocr_line' id='line_1_17' title="bbox 42 2010 1307 2083; baseline -0.006 -12"><span class='ocrx_word' id='word_1_171' title='bbox 42 2017 149 2083; x_wconf 82' lang='lat' dir='ltr'>cujus</span> <span class='ocrx_word' id='word_1_172' title='bbox 164 2012 364 2079; x_wconf 84' lang='lat' dir='ltr'>itaquegratia</span> <span class='ocrx_word' id='word_1_173' title='bbox 375 2012 470 2065; x_wconf 90' lang='lat' dir='ltr'>beatus</span> <span class='ocrx_word' id='word_1_174' title='bbox 482 2011 624 2064; x_wconf 84' lang='lat' dir='ltr'>briencius</span> <span class='ocrx_word' id='word_1_175' title='bbox 637 2010 760 2076; x_wconf 90' lang='lat' dir='ltr'>adprime</span> <span class='ocrx_word' id='word_1_176' title='bbox 773 2011 924 2074; x_wconf 85' lang='lat' dir='ltr'>debriatus,</span> <span class='ocrx_word' id='word_1_177' title='bbox 938 2011 1083 2064; x_wconf 84' lang='lat' dir='ltr'>emanabat</span> <span class='ocrx_word' id='word_1_178' title='bbox 1098 2010 1126 2063; x_wconf 92' lang='lat' dir='ltr'>in</span> <span class='ocrx_word' id='word_1_179' title='bbox 1141 2011 1221 2076; x_wconf 82' lang='lat' dir='ltr'>plebe</span> <span class='ocrx_word' id='word_1_180' title='bbox 1235 2011 1307 2063; x_wconf 80' lang='lat' dir='ltr'>rivo·</span> 
     </span>
     <span class='ocr_line' id='line_1_18' title="bbox 44 2109 1504 2180; baseline -0.004 -13"><span class='ocrx_word' id='word_1_181' title='bbox 44 2118 97 2171; x_wconf 88' lang='lat' dir='ltr'>los</span> <span class='ocrx_word' id='word_1_182' title='bbox 112 2111 293 2180; x_wconf 84' lang='lat' dir='ltr'>sapientiae,</span> <span class='ocrx_word' id='word_1_183' title='bbox 305 2124 374 2177; x_wconf 82' lang='lat' dir='ltr'>quos</span> <span class='ocrx_word' id='word_1_184' title='bbox 387 2112 396 2130; x_wconf 83' lang='grc'><em>·</em></span> <span class='ocrx_word' id='word_1_185' title='bbox 406 2112 461 2177; x_wconf 87' lang='lat' dir='ltr'>jam</span> <span class='ocrx_word' id='word_1_186' title='bbox 475 2123 508 2163; x_wconf 84' lang='lat' dir='ltr'>cx</span> <span class='ocrx_word' id='word_1_187' title='bbox 518 2111 692 2164; x_wconf 86' lang='lat' dir='ltr'>ecclesiastici</span> <span class='ocrx_word' id='word_1_188' title='bbox 704 2109 798 2163; x_wconf 88' lang='lat' dir='ltr'>fluenti</span> <span class='ocrx_word' id='word_1_189' title='bbox 808 2110 935 2177; x_wconf 75' lang='lat' dir='ltr'>dogmate</span> <span class='ocrx_word' id='word_1_190' title='bbox 955 2111 1184 2176; x_wconf 84' lang='lat' dir='ltr'>praesumpsisset</span> <span class='ocrx_word' id='word_1_191' title='bbox 1202 2109 1306 2162; x_wconf 83' lang='lat' dir='ltr'>avidius</span> <span class='ocrx_word' id='word_1_192' title='bbox 1320 2112 1327 2133; x_wconf 80' lang='grc'><em>·</em></span> <span class='ocrx_word' id='word_1_193' title='bbox 1339 2112 1404 2166; x_wconf 86' lang='lat' dir='ltr'>cod.</span> <span class='ocrx_word' id='word_1_194' title='bbox 1420 2109 1504 2178; x_wconf 84' lang='lat' dir='ltr'>quod.</span> 
     </span>
     <span class='ocr_line' id='line_1_19' title="bbox 47 2208 1447 2285; baseline -0.006 -17"><span class='ocrx_word' id='word_1_195' title='bbox 47 2213 223 2268; x_wconf 84' lang='lat' dir='ltr'>imbibere.</span> <span class='ocrx_word' id='word_1_196' title='bbox 238 2208 352 2276; x_wconf 90' lang='lat' dir='ltr'>cupiens</span> <span class='ocrx_word' id='word_1_197' title='bbox 366 2209 471 2262; x_wconf 90' lang='lat' dir='ltr'>arentia</span> <span class='ocrx_word' id='word_1_198' title='bbox 483 2209 608 2263; x_wconf 90' lang='lat' dir='ltr'>cordium</span> <span class='ocrx_word' id='word_1_199' title='bbox 630 2216 704 2276; x_wconf 88' lang='lat' dir='ltr'>prata</span> <span class='ocrx_word' id='word_1_200' title='bbox 722 2211 867 2277; x_wconf 88' lang='lat' dir='ltr'>diligenter</span> <span class='ocrx_word' id='word_1_201' title='bbox 885 2211 998 2279; x_wconf 88' lang='lat' dir='ltr'>irrigare</span> <span class='ocrx_word' id='word_1_202' title='bbox 1011 2213 1029 2273; x_wconf 86' lang='grc'>·,</span> <span class='ocrx_word' id='word_1_203' title='bbox 1043 2223 1097 2278; x_wconf 84' lang='lat' dir='ltr'>quo</span> <span class='ocrx_word' id='word_1_204' title='bbox 1114 2211 1236 2263; x_wconf 80' lang='lat' dir='ltr'>sulcante</span> <span class='ocrx_word' id='word_1_205' title='bbox 1247 2225 1308 2264; x_wconf 86' lang='lat' dir='ltr'>cae·</span> <span class='ocrx_word' id='word_1_206' title='bbox 1343 2275 1348 2285; x_wconf 34' lang='grc' dir='ltr'>Ι</span> <span class='ocrx_word' id='word_1_207' title='bbox 1364 2208 1447 2261; x_wconf 77' lang='lat' dir='ltr'>‘coti</span> 
     </span>
     <span class='ocr_line' id='line_1_20' title="bbox 49 2273 1476 2377; baseline -0.005 -8"><span class='ocrx_word' id='word_1_208' title='bbox 49 2314 126 2369; x_wconf 80' lang='lat' dir='ltr'>lessi</span> <span class='ocrx_word' id='word_1_209' title='bbox 140 2323 274 2373; x_wconf 74' lang='lat' dir='ltr'>vomere,</span> <span class='ocrx_word' id='word_1_210' title='bbox 293 2309 376 2362; x_wconf 79' lang='lat' dir='ltr'>divini</span> <span class='ocrx_word' id='word_1_211' title='bbox 398 2310 472 2362; x_wconf 88' lang='lat' dir='ltr'>verbi</span> <span class='ocrx_word' id='word_1_212' title='bbox 485 2310 637 2364; x_wconf 90' lang='lat' dir='ltr'>fecundans</span> <span class='ocrx_word' id='word_1_213' title='bbox 653 2310 768 2369; x_wconf 80' lang='lat' dir='ltr'>semine.</span> <span class='ocrx_word' id='word_1_214' title='bbox 783 2315 885 2377; x_wconf 88' lang='lat' dir='ltr'>posset,</span> <span class='ocrx_word' id='word_1_215' title='bbox 900 2311 1015 2364; x_wconf 89' lang='lat' dir='ltr'>fertilius</span> <span class='ocrx_word' id='word_1_216' title='bbox 1034 2310 1230 2364; x_wconf 88' lang='lat' dir='ltr'>fecundissima</span> <span class='ocrx_word' id='word_1_217' title='bbox 1245 2309 1308 2363; x_wconf 82' lang='lat' dir='ltr'>fidei</span> <span class='ocrx_word' id='word_1_218' title='bbox 1342 2273 1476 2344; x_wconf 54' lang='lat' dir='ltr'>“figam</span> 
     </span>
     <span class='ocr_line' id='line_1_21' title="bbox 10 2408 1071 2482; baseline -0.005 -13"><span class='ocrx_word' id='word_1_219' title='bbox 10 2419 29 2472; x_wconf 78' lang='lat' dir='ltr'>b</span> <span class='ocrx_word' id='word_1_220' title='bbox 48 2417 147 2482; x_wconf 84' lang='lat' dir='ltr'>fruge</span> <span class='ocrx_word' id='word_1_221' title='bbox 162 2408 363 2471; x_wconf 84' lang='lat' dir='ltr'>fructificante,</span> <span class='ocrx_word' id='word_1_222' title='bbox 377 2409 519 2475; x_wconf 90' lang='lat' dir='ltr'>copiosum</span> <span class='ocrx_word' id='word_1_223' title='bbox 531 2411 651 2462; x_wconf 86' lang='lat' dir='ltr'>triticum</span> <span class='ocrx_word' id='word_1_224' title='bbox 665 2411 694 2461; x_wconf 94' lang='lat' dir='ltr'>in</span> <span class='ocrx_word' id='word_1_225' title='bbox 707 2411 806 2463; x_wconf 89' lang='lat' dir='ltr'>horreo</span> <span class='ocrx_word' id='word_1_226' title='bbox 820 2411 917 2464; x_wconf 82' lang='lat' dir='ltr'>Christi</span> <span class='ocrx_word' id='word_1_227' title='bbox 930 2424 1071 2477; x_wconf 90' lang='lat' dir='ltr'>reponere.</span> 
     </span>
    </p>

    <p class='ocr_par' dir='ltr' id='par_1_3' title="bbox 47 2509 1309 2886">
     <span class='ocr_line' id='line_1_22' title="bbox 87 2509 1309 2577; baseline -0.002 -11"><span class='ocrx_word' id='word_1_228' title='bbox 87 2514 128 2566; x_wconf 78' lang='grc'>6.</span> <span class='ocrx_word' id='word_1_229' title='bbox 151 2513 270 2564; x_wconf 85' lang='lat' dir='ltr'>lnterea</span> <span class='ocrx_word' id='word_1_230' title='bbox 282 2510 356 2577; x_wconf 88' lang='lat' dir='ltr'>regio</span> <span class='ocrx_word' id='word_1_231' title='bbox 369 2509 480 2575; x_wconf 86' lang='lat' dir='ltr'>quidem</span> <span class='ocrx_word' id='word_1_232' title='bbox 493 2509 539 2562; x_wconf 91' lang='lat' dir='ltr'>illa</span> <span class='ocrx_word' id='word_1_233' title='bbox 552 2510 731 2563; x_wconf 88' lang='lat' dir='ltr'>occidentalis</span> <span class='ocrx_word' id='word_1_234' title='bbox 750 2512 866 2563; x_wconf 86' lang='lat' dir='ltr'>maxima</span> <span class='ocrx_word' id='word_1_235' title='bbox 879 2524 913 2564; x_wconf 83' lang='lat' dir='ltr'>ex</span> <span class='ocrx_word' id='word_1_236' title='bbox 926 2516 1002 2577; x_wconf 83' lang='lat' dir='ltr'>parte</span> <span class='ocrx_word' id='word_1_237' title='bbox 1015 2510 1207 2564; x_wconf 92' lang='lat' dir='ltr'>dominabatur</span> <span class='ocrx_word' id='word_1_238' title='bbox 1219 2525 1234 2563; x_wconf 93' lang='lat' dir='ltr'>a</span> <span class='ocrx_word' id='word_1_239' title='bbox 1244 2523 1309 2577; x_wconf 78' lang='lat' dir='ltr'>qua·</span> 
     </span>
     <span class='ocr_line' id='line_1_23' title="bbox 47 2609 1308 2680; baseline 0 -18"><span class='ocrx_word' id='word_1_240' title='bbox 47 2616 128 2669; x_wconf 73' lang='lat' dir='ltr'>dam</span> <span class='ocrx_word' id='word_1_241' title='bbox 140 2614 233 2680; x_wconf 87' lang='lat' dir='ltr'>gente</span> <span class='ocrx_word' id='word_1_242' title='bbox 245 2622 391 2675; x_wconf 84' lang='lat' dir='ltr'>perversae</span> <span class='ocrx_word' id='word_1_243' title='bbox 403 2609 502 2663; x_wconf 90' lang='lat' dir='ltr'>mentis</span> <span class='ocrx_word' id='word_1_244' title='bbox 515 2611 599 2662; x_wconf 92' lang='lat' dir='ltr'>nimis</span> <span class='ocrx_word' id='word_1_245' title='bbox 614 2626 620 2661; x_wconf 78' lang='grc' dir='ltr'><strong>ι</strong></span> <span class='ocrx_word' id='word_1_246' title='bbox 633 2616 713 2678; x_wconf 89' lang='lat' dir='ltr'>gente</span> <span class='ocrx_word' id='word_1_247' title='bbox 727 2624 845 2677; x_wconf 80' lang='lat' dir='ltr'>namque</span> <span class='ocrx_word' id='word_1_248' title='bbox 854 2623 957 2678; x_wconf 89' lang='lat' dir='ltr'>pagana</span> <span class='ocrx_word' id='word_1_249' title='bbox 970 2625 1052 2676; x_wconf 85' lang='lat' dir='ltr'>supra</span> <span class='ocrx_word' id='word_1_250' title='bbox 1066 2611 1177 2664; x_wconf 91' lang='lat' dir='ltr'>modum</span> <span class='ocrx_word' id='word_1_251' title='bbox 1190 2610 1308 2676; x_wconf 89' lang='lat' dir='ltr'>pessima</span> 
     </span>
     <span class='ocr_line' id='line_1_24' title="bbox 50 2692 1309 2781; baseline -0.005 -9"><span class='ocrx_word' id='word_1_252' title='bbox 50 2724 83 2773; x_wconf 89' lang='lat' dir='ltr'>et</span> <span class='ocrx_word' id='word_1_253' title='bbox 97 2714 302 2779; x_wconf 86' lang='lat' dir='ltr'>insanissima,</span> <span class='ocrx_word' id='word_1_254' title='bbox 314 2725 385 2780; x_wconf 84' lang='lat' dir='ltr'>quae</span> <span class='ocrx_word' id='word_1_255' title='bbox 398 2718 473 2767; x_wconf 90' lang='lat' dir='ltr'>tanto</span> <span class='ocrx_word' id='word_1_256' title='bbox 486 2692 612 2778; x_wconf 74' lang='lat' dir='ltr'>ferocior,</span> <span class='ocrx_word' id='word_1_257' title='bbox 626 2718 730 2780; x_wconf 83' lang='lat' dir='ltr'>quanto</span> <span class='ocrx_word' id='word_1_258' title='bbox 742 2712 824 2768; x_wconf 90' lang='lat' dir='ltr'>etiam</span> <span class='ocrx_word' id='word_1_259' title='bbox 837 2728 852 2768; x_wconf 94' lang='lat' dir='ltr'>a</span> <span class='ocrx_word' id='word_1_260' title='bbox 866 2713 928 2767; x_wconf 85' lang='lat' dir='ltr'>fidei</span> <span class='ocrx_word' id='word_1_261' title='bbox 942 2715 1041 2781; x_wconf 90' lang='lat' dir='ltr'>pietate</span> <span class='ocrx_word' id='word_1_262' title='bbox 1063 2714 1202 2779; x_wconf 77' lang='lat' dir='ltr'>remotior,</span> <span class='ocrx_word' id='word_1_263' title='bbox 1216 2727 1309 2767; x_wconf 90' lang='lat' dir='ltr'>sacrae</span> 
     </span>
     <span class='ocr_line' id='line_1_25' title="bbox 50 2813 1308 2886; baseline -0.006 -13"><span class='ocrx_word' id='word_1_264' title='bbox 50 2815 216 2886; x_wconf 79' lang='lat' dir='ltr'>religionis</span> <span class='ocrx_word' id='word_1_265' title='bbox 229 2815 335 2881; x_wconf 82' lang='lat' dir='ltr'>ignara,</span> <span class='ocrx_word' id='word_1_266' title='bbox 349 2813 443 2867; x_wconf 91' lang='lat' dir='ltr'>colens</span> <span class='ocrx_word' id='word_1_267' title='bbox 455 2828 504 2881; x_wconf 93' lang='lat' dir='ltr'>pro</span> <span class='ocrx_word' id='word_1_268' title='bbox 519 2817 573 2867; x_wconf 90' lang='lat' dir='ltr'>beo</span> <span class='ocrx_word' id='word_1_269' title='bbox 592 2815 651 2867; x_wconf 89' lang='lat' dir='ltr'>vivo</span> <span class='ocrx_word' id='word_1_270' title='bbox 673 2819 699 2867; x_wconf 91' lang='lat' dir='ltr'>et</span> <span class='ocrx_word' id='word_1_271' title='bbox 714 2828 778 2868; x_wconf 87' lang='lat' dir='ltr'>vero</span> <span class='ocrx_word' id='word_1_272' title='bbox 798 2816 935 2868; x_wconf 90' lang='lat' dir='ltr'>teterrima</span> <span class='ocrx_word' id='word_1_273' title='bbox 947 2813 1155 2868; x_wconf 90' lang='lat' dir='ltr'>daemoniorum</span> <span class='ocrx_word' id='word_1_274' title='bbox 1174 2819 1308 2880; x_wconf 87' lang='lat' dir='ltr'>portenta.</span> 
     </span>
    </p>

    <p class='ocr_par' dir='ltr' id='par_1_4' title="bbox 10 2913 1309 3380">
     <span class='ocr_line' id='line_1_26' title="bbox 10 2913 1309 2981; baseline -0.007 -6"><span class='ocrx_word' id='word_1_275' title='bbox 10 2920 34 2975; x_wconf 73' lang='lat'>³</span> <span class='ocrx_word' id='word_1_276' title='bbox 49 2917 117 2973; x_wconf 82' lang='lat' dir='ltr'>sed</span> <span class='ocrx_word' id='word_1_277' title='bbox 129 2915 187 2970; x_wconf 89' lang='lat' dir='ltr'>ubi</span> <span class='ocrx_word' id='word_1_278' title='bbox 200 2915 263 2981; x_wconf 89' lang='lat' dir='ltr'>pius</span> <span class='ocrx_word' id='word_1_279' title='bbox 275 2916 437 2967; x_wconf 88' lang='lat' dir='ltr'>cunctorum</span> <span class='ocrx_word' id='word_1_280' title='bbox 457 2913 583 2967; x_wconf 90' lang='lat' dir='ltr'>conditor</span> <span class='ocrx_word' id='word_1_281' title='bbox 605 2916 675 2967; x_wconf 90' lang='lat' dir='ltr'>beus</span> <span class='ocrx_word' id='word_1_282' title='bbox 696 2914 848 2968; x_wconf 88' lang='lat' dir='ltr'>clementer</span> <span class='ocrx_word' id='word_1_283' title='bbox 865 2915 986 2980; x_wconf 87' lang='lat' dir='ltr'>respexit</span> <span class='ocrx_word' id='word_1_284' title='bbox 997 2913 1030 2967; x_wconf 93' lang='lat' dir='ltr'>ad</span> <span class='ocrx_word' id='word_1_285' title='bbox 1042 2916 1084 2967; x_wconf 90' lang='lat' dir='ltr'>sui</span> <span class='ocrx_word' id='word_1_286' title='bbox 1097 2914 1228 2968; x_wconf 80' lang='lat' dir='ltr'>fabricam</span> <span class='ocrx_word' id='word_1_287' title='bbox 1238 2913 1309 2981; x_wconf 82' lang='lat' dir='ltr'>juris</span> 
     </span>
     <span class='ocr_line' id='line_1_27' title="bbox 53 3012 1309 3082; baseline -0.005 -9"><span class='ocrx_word' id='word_1_288' title='bbox 53 3024 88 3073; x_wconf 87' lang='lat' dir='ltr'>et</span> <span class='ocrx_word' id='word_1_289' title='bbox 111 3013 244 3070; x_wconf 89' lang='lat' dir='ltr'>indoluit</span> <span class='ocrx_word' id='word_1_290' title='bbox 264 3013 293 3065; x_wconf 91' lang='lat' dir='ltr'>in</span> <span class='ocrx_word' id='word_1_291' title='bbox 314 3013 360 3065; x_wconf 90' lang='lat' dir='ltr'>tali</span> <span class='ocrx_word' id='word_1_292' title='bbox 378 3012 456 3080; x_wconf 89' lang='lat' dir='ltr'>plebe</span> <span class='ocrx_word' id='word_1_293' title='bbox 477 3012 581 3067; x_wconf 89' lang='lat' dir='ltr'>diutius</span> <span class='ocrx_word' id='word_1_294' title='bbox 593 3015 687 3067; x_wconf 90' lang='lat' dir='ltr'>baberi</span> <span class='ocrx_word' id='word_1_295' title='bbox 705 3015 834 3068; x_wconf 89' lang='lat' dir='ltr'>mortales</span> <span class='ocrx_word' id='word_1_296' title='bbox 854 3029 963 3082; x_wconf 84' lang='lat' dir='ltr'>quoque</span> <span class='ocrx_word' id='word_1_297' title='bbox 976 3022 1053 3068; x_wconf 85' lang='lat' dir='ltr'>actus</span> <span class='ocrx_word' id='word_1_298' title='bbox 1067 3020 1231 3082; x_wconf 85' lang='lat' dir='ltr'>cooperante</span> <span class='ocrx_word' id='word_1_299' title='bbox 1246 3014 1309 3067; x_wconf 90' lang='lat' dir='ltr'>dae·</span> 
     </span>
     <span class='ocr_line' id='line_1_28' title="bbox 54 3113 1308 3183; baseline -0.006 -9"><span class='ocrx_word' id='word_1_300' title='bbox 54 3130 164 3181; x_wconf 82' lang='lat' dir='ltr'>mone,</span> <span class='ocrx_word' id='word_1_301' title='bbox 181 3114 270 3168; x_wconf 88' lang='lat' dir='ltr'>flexus</span> <span class='ocrx_word' id='word_1_302' title='bbox 281 3113 316 3167; x_wconf 93' lang='lat' dir='ltr'>ad</span> <span class='ocrx_word' id='word_1_303' title='bbox 328 3113 424 3167; x_wconf 88' lang='lat' dir='ltr'>solitae</span> <span class='ocrx_word' id='word_1_304' title='bbox 436 3114 588 3181; x_wconf 89' lang='lat' dir='ltr'>largitatem</span> <span class='ocrx_word' id='word_1_305' title='bbox 607 3114 823 3181; x_wconf 84' lang='lat' dir='ltr'>misericordiae,</span> <span class='ocrx_word' id='word_1_306' title='bbox 836 3116 956 3183; x_wconf 89' lang='lat' dir='ltr'>disponit</span> <span class='ocrx_word' id='word_1_307' title='bbox 977 3128 1007 3168; x_wconf 90' lang='lat' dir='ltr'>os</span> <span class='ocrx_word' id='word_1_308' title='bbox 1021 3116 1111 3169; x_wconf 88' lang='lat' dir='ltr'>cordis</span> <span class='ocrx_word' id='word_1_309' title='bbox 1123 3118 1183 3182; x_wconf 86' lang='lat' dir='ltr'>ejus</span> <span class='ocrx_word' id='word_1_310' title='bbox 1195 3114 1308 3168; x_wconf 89' lang='lat' dir='ltr'>condire</span> 
     </span>
     <span class='ocr_line' id='line_1_29' title="bbox 35 3211 1309 3281; baseline -0.002 -13"><span class='ocrx_word' id='word_1_311' title='bbox 35 3212 185 3273; x_wconf 65' lang='lat' dir='ltr'>‘aelesti</span> <span class='ocrx_word' id='word_1_312' title='bbox 206 3211 274 3277; x_wconf 86' lang='lat' dir='ltr'>sale,</span> <span class='ocrx_word' id='word_1_313' title='bbox 297 3225 332 3264; x_wconf 90' lang='lat' dir='ltr'>ne</span> <span class='ocrx_word' id='word_1_314' title='bbox 353 3211 483 3279; x_wconf 88' lang='lat' dir='ltr'>deinceps</span> <span class='ocrx_word' id='word_1_315' title='bbox 495 3225 511 3265; x_wconf 94' lang='lat' dir='ltr'>a</span> <span class='ocrx_word' id='word_1_316' title='bbox 530 3212 601 3265; x_wconf 86' lang='lat' dir='ltr'>vitali</span> <span class='ocrx_word' id='word_1_317' title='bbox 613 3213 751 3266; x_wconf 89' lang='lat' dir='ltr'>fatisceret</span> <span class='ocrx_word' id='word_1_318' title='bbox 765 3227 870 3279; x_wconf 88' lang='lat' dir='ltr'>sapore.</span> <span class='ocrx_word' id='word_1_319' title='bbox 885 3214 989 3268; x_wconf 90' lang='lat' dir='ltr'>idcirco</span> <span class='ocrx_word' id='word_1_320' title='bbox 1002 3215 1076 3267; x_wconf 94' lang='lat' dir='ltr'>enim</span> <span class='ocrx_word' id='word_1_321' title='bbox 1089 3215 1187 3267; x_wconf 87' lang='lat' dir='ltr'>Gbristi</span> <span class='ocrx_word' id='word_1_322' title='bbox 1201 3214 1309 3281; x_wconf 91' lang='lat' dir='ltr'>praesul</span> 
     </span>
     <span class='ocr_line' id='line_1_30' title="bbox 51 3312 1307 3380; baseline -0.006 -8"><span class='ocrx_word' id='word_1_323' title='bbox 51 3313 229 3372; x_wconf 81' lang='lat' dir='ltr'>oriencius,</span> <span class='ocrx_word' id='word_1_324' title='bbox 241 3316 336 3365; x_wconf 90' lang='lat' dir='ltr'>sancto</span> <span class='ocrx_word' id='word_1_325' title='bbox 349 3312 449 3378; x_wconf 86' lang='lat' dir='ltr'>Spiritu</span> <span class='ocrx_word' id='word_1_326' title='bbox 462 3313 617 3375; x_wconf 87' lang='lat' dir='ltr'>roboratus,</span> <span class='ocrx_word' id='word_1_327' title='bbox 634 3313 742 3378; x_wconf 90' lang='lat' dir='ltr'>plebem</span> <span class='ocrx_word' id='word_1_328' title='bbox 755 3313 818 3366; x_wconf 90' lang='lat' dir='ltr'>licet</span> <span class='ocrx_word' id='word_1_329' title='bbox 831 3320 966 3380; x_wconf 78' lang='lat' dir='ltr'>agrestem</span> <span class='ocrx_word' id='word_1_330' title='bbox 985 3312 1052 3366; x_wconf 90' lang='lat' dir='ltr'>adiit</span> <span class='ocrx_word' id='word_1_331' title='bbox 1063 3313 1228 3380; x_wconf 84' lang='lat' dir='ltr'>intrepidus,</span> <span class='ocrx_word' id='word_1_332' title='bbox 1243 3315 1307 3367; x_wconf 91' lang='lat' dir='ltr'>etei</span> 
     </span>
    </p>

    <p class='ocr_par' dir='ltr' id='par_1_5' title="bbox 10 3410 1311 4376">
     <span class='ocr_line' id='line_1_31' title="bbox 10 3410 1308 3485; baseline -0.004 -17"><span class='ocrx_word' id='word_1_333' title='bbox 10 3418 32 3473; x_wconf 69' lang='grc' dir='ltr'>ι</span> <span class='ocrx_word' id='word_1_334' title='bbox 49 3414 133 3485; x_wconf 82' lang='lat' dir='ltr'>quid</span> <span class='ocrx_word' id='word_1_335' title='bbox 146 3410 341 3476; x_wconf 89' lang='lat' dir='ltr'>respuendum</span> <span class='ocrx_word' id='word_1_336' title='bbox 353 3411 452 3478; x_wconf 79' lang='lat' dir='ltr'>quidve</span> <span class='ocrx_word' id='word_1_337' title='bbox 464 3411 637 3477; x_wconf 85' lang='lat' dir='ltr'>sequendum</span> <span class='ocrx_word' id='word_1_338' title='bbox 651 3412 686 3464; x_wconf 88' lang='lat' dir='ltr'>sit</span> <span class='ocrx_word' id='word_1_339' title='bbox 695 3413 817 3465; x_wconf 91' lang='lat' dir='ltr'>ostendit</span> <span class='ocrx_word' id='word_1_340' title='bbox 827 3412 996 3480; x_wconf 87' lang='lat' dir='ltr'>diligentius,</span> <span class='ocrx_word' id='word_1_341' title='bbox 1010 3413 1104 3466; x_wconf 90' lang='lat' dir='ltr'>dicens</span> <span class='ocrx_word' id='word_1_342' title='bbox 1116 3412 1221 3466; x_wconf 92' lang='lat' dir='ltr'>idolum</span> <span class='ocrx_word' id='word_1_343' title='bbox 1234 3411 1308 3480; x_wconf 84' lang='lat' dir='ltr'>quod</span> 
     </span>
     <span class='ocr_line' id='line_1_32' title="bbox 50 3508 1309 3578; baseline -0.005 -8"><span class='ocrx_word' id='word_1_344' title='bbox 50 3515 200 3570; x_wconf 81' lang='lat' dir='ltr'>colerent</span> <span class='ocrx_word' id='word_1_345' title='bbox 219 3522 276 3563; x_wconf 89' lang='lat' dir='ltr'>uon</span> <span class='ocrx_word' id='word_1_346' title='bbox 297 3523 357 3563; x_wconf 89' lang='lat' dir='ltr'>csse</span> <span class='ocrx_word' id='word_1_347' title='bbox 378 3508 548 3563; x_wconf 90' lang='lat' dir='ltr'>conditorem</span> <span class='ocrx_word' id='word_1_348' title='bbox 559 3516 641 3577; x_wconf 87' lang='lat' dir='ltr'>atque</span> <span class='ocrx_word' id='word_1_349' title='bbox 659 3510 862 3565; x_wconf 90' lang='lat' dir='ltr'>moderatorem</span> <span class='ocrx_word' id='word_1_350' title='bbox 877 3513 1000 3564; x_wconf 91' lang='lat' dir='ltr'>omnium</span> <span class='ocrx_word' id='word_1_351' title='bbox 1014 3515 1109 3578; x_wconf 84' lang='lat' dir='ltr'>beum,</span> <span class='ocrx_word' id='word_1_352' title='bbox 1123 3511 1169 3565; x_wconf 91' lang='lat' dir='ltr'>sed</span> <span class='ocrx_word' id='word_1_353' title='bbox 1184 3512 1309 3578; x_wconf 91' lang='lat' dir='ltr'>sculptile</span> 
     </span>
     <span class='ocr_line' id='line_1_33' title="bbox 51 3608 1307 3678; baseline -0.003 -12"><span class='ocrx_word' id='word_1_354' title='bbox 51 3611 213 3670; x_wconf 83' lang='lat' dir='ltr'>artificum</span> <span class='ocrx_word' id='word_1_355' title='bbox 226 3609 353 3662; x_wconf 88' lang='lat' dir='ltr'>manibus</span> <span class='ocrx_word' id='word_1_356' title='bbox 365 3608 536 3676; x_wconf 87' lang='lat' dir='ltr'>fabricatum,</span> <span class='ocrx_word' id='word_1_357' title='bbox 557 3610 585 3661; x_wconf 92' lang='lat' dir='ltr'>in</span> <span class='ocrx_word' id='word_1_358' title='bbox 606 3623 662 3676; x_wconf 84' lang='lat' dir='ltr'>quo</span> <span class='ocrx_word' id='word_1_359' title='bbox 679 3609 762 3663; x_wconf 90' lang='lat' dir='ltr'>etiam</span> <span class='ocrx_word' id='word_1_360' title='bbox 775 3609 904 3677; x_wconf 78' lang='lat' dir='ltr'>daemon,</span> <span class='ocrx_word' id='word_1_361' title='bbox 913 3624 968 3664; x_wconf 90' lang='lat' dir='ltr'>non</span> <span class='ocrx_word' id='word_1_362' title='bbox 981 3611 1092 3678; x_wconf 80' lang='lat' dir='ltr'>aliquod</span> <span class='ocrx_word' id='word_1_363' title='bbox 1105 3624 1217 3670; x_wconf 85' lang='lat' dir='ltr'>numen,</span> <span class='ocrx_word' id='word_1_364' title='bbox 1228 3611 1307 3663; x_wconf 90' lang='lat' dir='ltr'>inba-</span> 
     </span>
     <span class='ocr_line' id='line_1_34' title="bbox 50 3709 1311 3777; baseline -0.004 -8"><span class='ocrx_word' id='word_1_365' title='bbox 50 3717 174 3773; x_wconf 82' lang='lat' dir='ltr'>bitans,</span> <span class='ocrx_word' id='word_1_366' title='bbox 190 3709 363 3764; x_wconf 85' lang='lat' dir='ltr'>fallacissima</span> <span class='ocrx_word' id='word_1_367' title='bbox 376 3709 552 3777; x_wconf 89' lang='lat' dir='ltr'>poscentibus</span> <span class='ocrx_word' id='word_1_368' title='bbox 563 3709 641 3763; x_wconf 90' lang='lat' dir='ltr'>daret</span> <span class='ocrx_word' id='word_1_369' title='bbox 655 3723 796 3776; x_wconf 85' lang='lat' dir='ltr'>responsa,</span> <span class='ocrx_word' id='word_1_370' title='bbox 811 3724 872 3764; x_wconf 89' lang='lat' dir='ltr'>cum</span> <span class='ocrx_word' id='word_1_371' title='bbox 887 3724 922 3763; x_wconf 91' lang='lat' dir='ltr'>ne</span> <span class='ocrx_word' id='word_1_372' title='bbox 935 3711 1040 3764; x_wconf 89' lang='lat' dir='ltr'>facilius</span> <span class='ocrx_word' id='word_1_373' title='bbox 1058 3711 1169 3777; x_wconf 84' lang='lat' dir='ltr'>quidem</span> <span class='ocrx_word' id='word_1_374' title='bbox 1182 3710 1311 3776; x_wconf 89' lang='lat' dir='ltr'>decipere</span> 
     </span>
     <span class='ocr_line' id='line_1_35' title="bbox 49 3808 1310 3878; baseline -0.006 -7"><span class='ocrx_word' id='word_1_375' title='bbox 49 3827 133 3871; x_wconf 83' lang='lat' dir='ltr'>suos</span> <span class='ocrx_word' id='word_1_376' title='bbox 156 3813 256 3878; x_wconf 85' lang='lat' dir='ltr'>posset</span> <span class='ocrx_word' id='word_1_377' title='bbox 275 3808 393 3862; x_wconf 91' lang='lat' dir='ltr'>cultores</span> <span class='ocrx_word' id='word_1_378' title='bbox 415 3822 498 3876; x_wconf 84' lang='lat' dir='ltr'>quam</span> <span class='ocrx_word' id='word_1_379' title='bbox 517 3822 567 3874; x_wconf 90' lang='lat' dir='ltr'>per</span> <span class='ocrx_word' id='word_1_380' title='bbox 587 3808 615 3861; x_wconf 94' lang='lat' dir='ltr'>id</span> <span class='ocrx_word' id='word_1_381' title='bbox 636 3809 711 3876; x_wconf 84' lang='lat' dir='ltr'>quod</span> <span class='ocrx_word' id='word_1_382' title='bbox 732 3823 747 3863; x_wconf 92' lang='lat' dir='ltr'>a</span> <span class='ocrx_word' id='word_1_383' title='bbox 768 3810 833 3863; x_wconf 90' lang='lat' dir='ltr'>foris</span> <span class='ocrx_word' id='word_1_384' title='bbox 851 3810 1032 3878; x_wconf 84' lang='lat' dir='ltr'>imaginaliter</span> <span class='ocrx_word' id='word_1_385' title='bbox 1044 3815 1190 3864; x_wconf 88' lang='lat' dir='ltr'>cernerent</span> <span class='ocrx_word' id='word_1_386' title='bbox 1203 3822 1310 3873; x_wconf 81' lang='lat' dir='ltr'>omnes,</span> 
     </span>
     <span class='ocr_line' id='line_1_36' title="bbox 10 3908 1310 3984; baseline 0.002 -23"><span class='ocrx_word' id='word_1_387' title='bbox 10 3916 33 3975; x_wconf 62' lang='grc' dir='ltr'><strong>Β</strong></span> <span class='ocrx_word' id='word_1_388' title='bbox 49 3920 161 3984; x_wconf 75' lang='lat' dir='ltr'>ipsum</span> <span class='ocrx_word' id='word_1_389' title='bbox 176 3916 273 3962; x_wconf 90' lang='lat' dir='ltr'>tamen</span> <span class='ocrx_word' id='word_1_390' title='bbox 286 3908 401 3962; x_wconf 87' lang='lat' dir='ltr'>interius</span> <span class='ocrx_word' id='word_1_391' title='bbox 421 3909 571 3962; x_wconf 88' lang='lat' dir='ltr'>latitantem</span> <span class='ocrx_word' id='word_1_392' title='bbox 585 3908 684 3963; x_wconf 91' lang='lat' dir='ltr'>intueri</span> <span class='ocrx_word' id='word_1_393' title='bbox 699 3923 754 3963; x_wconf 90' lang='lat' dir='ltr'>non</span> <span class='ocrx_word' id='word_1_394' title='bbox 767 3910 887 3963; x_wconf 84' lang='lat' dir='ltr'>valentes</span> <span class='ocrx_word' id='word_1_395' title='bbox 901 3926 907 3961; x_wconf 94' lang='lat'>:</span> <span class='ocrx_word' id='word_1_396' title='bbox 921 3911 1001 3963; x_wconf 85' lang='lat' dir='ltr'>eitius</span> <span class='ocrx_word' id='word_1_397' title='bbox 1013 3911 1086 3963; x_wconf 90' lang='lat' dir='ltr'>enim</span> <span class='ocrx_word' id='word_1_398' title='bbox 1101 3908 1152 3961; x_wconf 89' lang='lat' dir='ltr'>illis</span> <span class='ocrx_word' id='word_1_399' title='bbox 1164 3923 1234 3976; x_wconf 85' lang='lat' dir='ltr'>quae</span> <span class='ocrx_word' id='word_1_400' title='bbox 1248 3923 1310 3963; x_wconf 91' lang='lat' dir='ltr'>coo·</span> 
     </span>
     <span class='ocr_line' id='line_1_37' title="bbox 47 4008 1310 4085; baseline -0.006 -16"><span class='ocrx_word' id='word_1_401' title='bbox 47 4011 233 4085; x_wconf 82' lang='lat' dir='ltr'>spiciuntur</span> <span class='ocrx_word' id='word_1_402' title='bbox 243 4021 326 4075; x_wconf 81' lang='lat' dir='ltr'>quam</span> <span class='ocrx_word' id='word_1_403' title='bbox 338 4009 432 4062; x_wconf 82' lang='lat' dir='ltr'>invisis</span> <span class='ocrx_word' id='word_1_404' title='bbox 448 4008 516 4063; x_wconf 86' lang='lat' dir='ltr'>fides</span> <span class='ocrx_word' id='word_1_405' title='bbox 529 4009 683 4062; x_wconf 87' lang='lat' dir='ltr'>adhibetur.</span> <span class='ocrx_word' id='word_1_406' title='bbox 696 4009 732 4061; x_wconf 82' lang='lat' dir='ltr'>In</span> <span class='ocrx_word' id='word_1_407' title='bbox 745 4022 805 4076; x_wconf 81' lang='lat' dir='ltr'>quo</span> <span class='ocrx_word' id='word_1_408' title='bbox 816 4011 981 4076; x_wconf 80' lang='lat' dir='ltr'>propterea</span> <span class='ocrx_word' id='word_1_409' title='bbox 995 4010 1118 4062; x_wconf 82' lang='lat' dir='ltr'>demens</span> <span class='ocrx_word' id='word_1_410' title='bbox 1131 4009 1185 4062; x_wconf 87' lang='lat' dir='ltr'>ille</span> <span class='ocrx_word' id='word_1_411' title='bbox 1197 4011 1226 4062; x_wconf 90' lang='lat' dir='ltr'>et</span> <span class='ocrx_word' id='word_1_412' title='bbox 1237 4021 1310 4062; x_wconf 83' lang='lat' dir='ltr'>reiis</span> 
     </span>
     <span class='ocr_line' id='line_1_38' title="bbox 46 4106 1311 4181; baseline -0.003 -19"><span class='ocrx_word' id='word_1_413' title='bbox 46 4109 229 4181; x_wconf 70' lang='lat' dir='ltr'>aryut‘tur</span> <span class='ocrx_word' id='word_1_414' title='bbox 251 4107 450 4176; x_wconf 70' lang='lat' dir='ltr'>scelerisque·</span> <span class='ocrx_word' id='word_1_415' title='bbox 471 4109 504 4161; x_wconf 85' lang='lat' dir='ltr'>in</span> <span class='ocrx_word' id='word_1_416' title='bbox 527 4107 672 4162; x_wconf 84' lang='lat' dir='ltr'>membris</span> <span class='ocrx_word' id='word_1_417' title='bbox 685 4107 765 4161; x_wconf 81' lang='lat' dir='ltr'>idoli</span> <span class='ocrx_word' id='word_1_418' title='bbox 772 4121 879 4161; x_wconf 86' lang='lat' dir='ltr'>sensus</span> <span class='ocrx_word' id='word_1_419' title='bbox 899 4110 992 4172; x_wconf 81' lang='lat' dir='ltr'>alque</span> <span class='ocrx_word' id='word_1_420' title='bbox 1013 4108 1166 4161; x_wconf 83' lang='lat' dir='ltr'>rationem</span> <span class='ocrx_word' id='word_1_421' title='bbox 1179 4106 1311 4160; x_wconf 83' lang='lat' dir='ltr'>viventis</span> 
     </span>
     <span class='ocr_line' id='line_1_39' title="bbox 48 4204 1311 4274; baseline -0.004 -11"><span class='ocrx_word' id='word_1_422' title='bbox 48 4217 173 4269; x_wconf 74' lang='lat' dir='ltr'>inesse</span> <span class='ocrx_word' id='word_1_423' title='bbox 183 4208 282 4274; x_wconf 79' lang='lat' dir='ltr'>putat</span> <span class='ocrx_word' id='word_1_424' title='bbox 293 4204 438 4261; x_wconf 75' lang='lat' dir='ltr'>bominis.</span> <span class='ocrx_word' id='word_1_425' title='bbox 450 4206 592 4260; x_wconf 84' lang='lat' dir='ltr'>Hominis</span> <span class='ocrx_word' id='word_1_426' title='bbox 613 4207 715 4274; x_wconf 83' lang='lat' dir='ltr'>ipiiur</span> <span class='ocrx_word' id='word_1_427' title='bbox 734 4208 780 4260; x_wconf 85' lang='lat' dir='ltr'>est</span> <span class='ocrx_word' id='word_1_428' title='bbox 802 4206 936 4273; x_wconf 79' lang='lat' dir='ltr'>quinque</span> <span class='ocrx_word' id='word_1_429' title='bbox 955 4206 1006 4258; x_wconf 82' lang='lat' dir='ltr'>sei</span> <span class='ocrx_word' id='word_1_430' title='bbox 1017 4205 1157 4273; x_wconf 82' lang='lat' dir='ltr'>corporis</span> <span class='ocrx_word' id='word_1_431' title='bbox 1173 4205 1311 4258; x_wconf 83' lang='lat' dir='ltr'>sensibus</span> 
     </span>
     <span class='ocr_line' id='line_1_40' title="bbox 47 4306 1310 4376; baseline -0.004 -11"><span class='ocrx_word' id='word_1_432' title='bbox 47 4312 124 4375; x_wconf 77' lang='lat' dir='ltr'>uti,</span> <span class='ocrx_word' id='word_1_433' title='bbox 138 4306 230 4376; x_wconf 78' lang='lat' dir='ltr'>quod</span> <span class='ocrx_word' id='word_1_434' title='bbox 241 4306 275 4360; x_wconf 85' lang='lat' dir='ltr'>t‘n</span> <span class='ocrx_word' id='word_1_435' title='bbox 286 4306 483 4374; x_wconf 79' lang='lat' dir='ltr'>sculptilibus</span> <span class='ocrx_word' id='word_1_436' title='bbox 495 4307 670 4362; x_wconf 79' lang='lat' dir='ltr'>nullomodo</span> <span class='ocrx_word' id='word_1_437' title='bbox 689 4309 809 4361; x_wconf 80' lang='lat' dir='ltr'>comici</span> <span class='ocrx_word' id='word_1_438' title='bbox 822 4307 961 4360; x_wconf 79' lang='lat' dir='ltr'>inueniri</span> <span class='ocrx_word' id='word_1_439' title='bbox 974 4324 982 4361; x_wconf 91' lang='lat'>:</span> <span class='ocrx_word' id='word_1_440' title='bbox 993 4310 1067 4360; x_wconf 83' lang='lat' dir='ltr'>suni</span> <span class='ocrx_word' id='word_1_441' title='bbox 1085 4307 1168 4361; x_wconf 84' lang='lat' dir='ltr'>enim</span> <span class='ocrx_word' id='word_1_442' title='bbox 1180 4307 1310 4360; x_wconf 80' lang='lat' dir='ltr'>simela-</span> 
     </span>
    </p>

    <p class='ocr_par' dir='ltr' id='par_1_6' title="bbox 10 4406 1312 4679">
     <span class='ocr_line' id='line_1_41' title="bbox 10 4406 1312 4474; baseline -0.006 -7"><span class='ocrx_word' id='word_1_443' title='bbox 10 4420 27 4473; x_wconf 73' lang='grc'>1</span> <span class='ocrx_word' id='word_1_444' title='bbox 44 4424 123 4471; x_wconf 83' lang='lat' dir='ltr'>cra</span> <span class='ocrx_word' id='word_1_445' title='bbox 135 4409 235 4463; x_wconf 81' lang='lat' dir='ltr'>mute</span> <span class='ocrx_word' id='word_1_446' title='bbox 247 4406 455 4462; x_wconf 83' lang='lat' dir='ltr'>membrorum</span> <span class='ocrx_word' id='word_1_447' title='bbox 467 4420 559 4461; x_wconf 85' lang='lat' dir='ltr'>sensu</span> <span class='ocrx_word' id='word_1_448' title='bbox 570 4408 723 4474; x_wconf 81' lang='lat' dir='ltr'>carentia,</span> <span class='ocrx_word' id='word_1_449' title='bbox 737 4419 818 4474; x_wconf 81' lang='lat' dir='ltr'>qaae</span> <span class='ocrx_word' id='word_1_450' title='bbox 835 4406 899 4460; x_wconf 82' lang='lat' dir='ltr'>nisi</span> <span class='ocrx_word' id='word_1_451' title='bbox 917 4409 1041 4461; x_wconf 79' lang='lat' dir='ltr'>tentem</span> <span class='ocrx_word' id='word_1_452' title='bbox 1053 4406 1214 4460; x_wconf 73' lang='lat' dir='ltr'>submissis</span> <span class='ocrx_word' id='word_1_453' title='bbox 1227 4406 1312 4474; x_wconf 72' lang='lat' dir='ltr'>bejw-</span> 
     </span>
     <span class='ocr_line' id='line_1_42' title="bbox 46 4505 1312 4575; baseline -0.004 -11"><span class='ocrx_word' id='word_1_454' title='bbox 46 4517 176 4571; x_wconf 78' lang='lat' dir='ltr'>torum</span> <span class='ocrx_word' id='word_1_455' title='bbox 190 4506 278 4560; x_wconf 75' lang='lat' dir='ltr'>ulicis</span> <span class='ocrx_word' id='word_1_456' title='bbox 286 4507 468 4561; x_wconf 82' lang='lat' dir='ltr'>nullatenus</span> <span class='ocrx_word' id='word_1_457' title='bbox 479 4507 597 4561; x_wconf 85' lang='lat' dir='ltr'>moveri</span> <span class='ocrx_word' id='word_1_458' title='bbox 608 4509 725 4575; x_wconf 75' lang='lat' dir='ltr'>queam</span> <span class='ocrx_word' id='word_1_459' title='bbox 737 4520 758 4560; x_wconf 87' lang='lat' dir='ltr'><strong><em>a</em></strong></span> <span class='ocrx_word' id='word_1_460' title='bbox 770 4507 833 4560; x_wconf 85' lang='lat' dir='ltr'>ioco</span> <span class='ocrx_word' id='word_1_461' title='bbox 845 4520 921 4561; x_wconf 79' lang='lat' dir='ltr'>suae</span> <span class='ocrx_word' id='word_1_462' title='bbox 940 4505 1095 4560; x_wconf 81' lang='lat' dir='ltr'>stationis.</span> <span class='ocrx_word' id='word_1_463' title='bbox 1114 4506 1197 4560; x_wconf 83' lang='lat' dir='ltr'>Unde</span> <span class='ocrx_word' id='word_1_464' title='bbox 1217 4506 1312 4575; x_wconf 77' lang='lat' dir='ltr'>liqui-</span> 
     </span>
     <span class='ocr_line' id='line_1_43' title="bbox 45 4605 1311 4679; baseline -0.001 -18"><span class='ocrx_word' id='word_1_465' title='bbox 45 4615 98 4669; x_wconf 68' lang='grc' dir='ltr'>(ιο</span> <span class='ocrx_word' id='word_1_466' title='bbox 108 4610 223 4679; x_wconf 73' lang='lat' dir='ltr'>patet,</span> <span class='ocrx_word' id='word_1_467' title='bbox 245 4605 321 4675; x_wconf 73' lang='lat' dir='ltr'>ereio</span> <span class='ocrx_word' id='word_1_468' title='bbox 342 4606 491 4675; x_wconf 78' lang='lat' dir='ltr'>quiequid</span> <span class='ocrx_word' id='word_1_469' title='bbox 514 4607 549 4660; x_wconf 81' lang='lat' dir='ltr'>in</span> <span class='ocrx_word' id='word_1_470' title='bbox 568 4620 601 4662; x_wconf 87' lang='lat' dir='ltr'>se</span> <span class='ocrx_word' id='word_1_471' title='bbox 610 4606 747 4676; x_wconf 79' lang='lat' dir='ltr'>proprie</span> <span class='ocrx_word' id='word_1_472' title='bbox 758 4614 820 4660; x_wconf 80' lang='lat' dir='ltr'>nors</span> <span class='ocrx_word' id='word_1_473' title='bbox 832 4605 921 4663; x_wconf 84' lang='lat' dir='ltr'>babet</span> <span class='ocrx_word' id='word_1_474' title='bbox 934 4606 984 4660; x_wconf 80' lang='lat' dir='ltr'>eti</span> <span class='ocrx_word' id='word_1_475' title='bbox 990 4608 1154 4676; x_wconf 82' lang='lat' dir='ltr'>potestate,</span> <span class='ocrx_word' id='word_1_476' title='bbox 1166 4619 1222 4661; x_wconf 79' lang='lat' dir='ltr'>nec</span> <span class='ocrx_word' id='word_1_477' title='bbox 1234 4607 1311 4661; x_wconf 84' lang='lat' dir='ltr'>eliis</span> 
     </span>
    </p>
   </div>
   <div class='ocr_carea' id='block_1_3' title="bbox 0 0 1578 5482">
    <p class='ocr_par' dir='ltr' id='par_1_7' title="bbox 0 0 1578 5482">
     <span class='ocr_line' id='line_1_44' title="bbox 0 0 1578 5482; baseline 0 0"><span class='ocrx_word' id='word_1_478' title='bbox 0 0 1578 5482; x_wconf 95' lang='lat' dir='ltr'> </span> 
     </span>
    </p>
   </div>
  </div>
 </body>
</html>
