3136 5482
479 362 570 412 eret.
590 363 671 412 uta.
690 364 809 415 etms.
829 385 874 396 -
891 365 969 415 ooo.
990 365 1065 416 roes.
1327 354 1390 418 l65

149 523 243 580 taleas
256 529 293 583 ad
305 536 401 585 votum
413 532 522 598 explere
533 533 607 598 quod
620 537 714 586 eontra
728 533 773 586 bei
784 532 1003 600 dispositionem,
1016 537 1152 603 cupidinis
1171 542 1296 603 perustus
1315 541 1382 592 iace.

159 624 263 682 sibimet
274 635 393 685 conatus
406 631 443 682 sit
454 632 587 685 inhibere.

196 727 243 781 ta.
255 731 308 783 Sed
320 731 451 796 quoniam
473 730 607 798 magnalia
627 738 734 799 etopus
754 733 800 786 bei
813 731 842 785 in
856 734 956 787 sanetis
969 737 1028 801 ejus
1041 749 1169 802 persaepe
1182 737 1312 791 oblivioni
1330 739 1388 805 qui·

174 825 224 879 dem
233 829 392 883 mortalibus
405 830 531 893 traditur,
545 829 659 897 dignum
670 836 712 883 est
731 831 806 898 quod
828 834 900 886 illius
914 834 1061 887 memoriae
1075 836 1143 887 nibil
1156 837 1284 890 occultari
1307 851 1387 902 posse

155 922 216 991 iper
226 928 301 994 ipsius
313 929 458 994 aequitatis
470 942 552 996 opera
564 929 681 983 lucidius
695 932 894 994 manifestetur,
907 939 937 986 ut
949 935 1030 987 etiam
1043 933 1081 985 illi
1101 934 1136 987 de
1156 936 1256 1002 quibus
1269 937 1387 990 locuturi

138 1052 142 1109 Ι
185 1026 305 1095 incipimus
317 1027 346 1081 ln
360 1027 418 1081 suis
440 1027 622 1094 iniquioribus
645 1030 722 1082 laetis
739 1028 881 1085 sistantur.
897 1033 972 1084 Unde
992 1036 1020 1085 et
1031 1040 1233 1100 consequenter
1251 1035 1387 1088 subditur.

138 1112 143 1201 ζ
189 1125 337 1194 lomoigilur
348 1126 460 1194 quidam
474 1126 577 1192 praedii
591 1126 765 1180 medietatem
783 1126 867 1181 unius
884 1143 966 1195 quam
985 1129 1142 1196 possidebat
1154 1130 1294 1196 eeclesiae,
1308 1133 1386 1186 beato

138 1216 142 1289 l
191 1224 416 1292 pontiieturienoio
433 1238 483 1279 sua
504 1232 601 1293 sponte
621 1227 763 1294 delegavit.
777 1230 834 1292 Quo
855 1228 936 1281 etiam
958 1229 1069 1283 tandem
1082 1231 1254 1296 postmodum
1268 1238 1385 1295 rnortuo,

138 1290 143 1345 Ἰ
191 1324 273 1390 qu'tm
283 1323 352 1377 ilius
364 1325 435 1392 ejus,
447 1324 529 1376 heres
544 1312 727 1391 dominusque
747 1339 839 1379 rerum
853 1331 1028 1392 paternarum
1041 1325 1163 1395 effeetus,
1177 1330 1205 1382 lu
1224 1329 1283 1383 loeo
1302 1331 1386 1396 patris

138 1438 142 1505 p
159 1426 345 1490 rosmarinum
358 1437 421 1478 mox
433 1424 528 1490 utique
540 1429 734 1477 testamentum
747 1425 821 1492 quod
841 1431 918 1492 pater
931 1427 992 1492 ejus
1008 1432 1103 1481 saneto
1115 1429 1276 1495 consessori,
1289 1435 1320 1482 ut
1332 1430 1386 1483 dio·

138 1524 142 1573 i
193 1523 326 1589 bnestde
344 1523 460 1577 ecelesia
480 1528 576 1590 sponte
596 1523 715 1589 lenisset,
726 1524 840 1578 omnino
861 1524 948 1578 deleri
969 1531 995 1578 et
1008 1526 1086 1592 quasi
1099 1540 1148 1592 pro
1161 1539 1239 1592 posse
1257 1527 1388 1579 oblivioni

193 1622 270 1678 nuere
285 1634 338 1679 non
358 1622 512 1687 recusavit3
525 1635 577 1676 neo
594 1622 770 1677 donationem
789 1629 816 1676 et
838 1630 946 1690 paetum
968 1630 1096 1691 paternae
1117 1624 1251 1678 meroedis
1273 1625 1388 1680 firmiter

138 1710 142 1801 ἶμ
192 1725 249 1787 atque
257 1722 365 1777 fideliter
375 1722 537 1785 observans,
550 1725 605 1775 lteo
619 1727 768 1790 sanctoque
789 1723 909 1789 pontitlei
929 1725 988 1790 ejus
1004 1725 1127 1778 Orieneio
1150 1726 1281 1778 bonorem
1300 1725 1385 1786 dedit,

138 1818 143 1893 l
192 1819 401 1877 mediolanae
421 1821 444 1875 si
457 1822 586 1876 dominus
599 1827 626 1876 et
646 1827 735 1877 reotor
755 1825 807 1877 sibi
827 1825 1012 1890 potentialiter
1031 1825 1171 1891 possidere
1192 1826 1290 1891 eoepit,
1310 1827 1384 1892 igno·

138 1904 235 2009 {llum
249 1921 350 1990 quidem
370 1923 570 1989 omnipotentis
592 1921 788 1988 providentiam
810 1924 867 1976 suis
888 1924 1044 1991 quibusque
1064 1923 1189 1978 ildeiibus
1209 1925 1312 1990 ubique
1325 1925 1386 1979 talia

138 2020 141 2045 ⁵
192 2017 305 2078 dmenter
325 2024 468 2090 providere
480 2029 507 2076 et
527 2023 695 2089 providendo
717 2036 879 2077 oouservare
901 2030 927 2077 et
948 2023 1136 2078 conservando
1156 2026 1190 2077 ab
1212 2025 1384 2079 inimieorum

191 2116 298 2178 bulbus
308 2123 479 2179 moderando
499 2124 641 2178 sollicitius
661 2124 820 2177 defendere.
834 2128 1002 2191 Quapropter
1022 2125 1115 2192 itaque
1137 2124 1245 2178 ouidam
1259 2138 1309 2178 suo
1329 2125 1384 2178 filio

191 2215 261 2276 dedeo
274 2224 327 2289 jam
346 2223 448 2277 dietam
469 2223 613 2277 eeclesiam
633 2223 668 2276 ad
680 2222 873 2289 possidendam
892 2222 1013 2289 tradidit,
1027 2227 1054 2277 et
1066 2229 1191 2276 sanctum
1210 2223 1256 2276 llei
1268 2224 1382 2276 exbere-

191 2315 348 2386 damnabas
368 2336 460 2377 rerum
481 2323 540 2390 eius
561 2336 624 2375 eum
642 2322 743 2390 jugiter
761 2322 836 2374 abuti
856 2322 951 2376 voluit.
965 2321 1016 2375 Sed
1036 2323 1125 2389 iustus
1140 2323 1222 2388 judex
1241 2324 1322 2388 lleus,
1335 2324 1381 2389 qui

155 2406 237 2469 ”nibil
249 2421 294 2475 lale
313 2420 434 2476 inultum
445 2421 521 2475 abire
537 2421 647 2487 patitur,
662 2422 847 2475 ooalessorem
869 2435 949 2475 suum
971 2434 1026 2475 non
1040 2409 1107 2475 sinit
1118 2429 1149 2475 ut
1165 2424 1199 2475 ab
1220 2423 1385 2476 hereditario

188 2508 237 2580 litt,
252 2522 340 2587 quavis
361 2521 534 2588 ingeniorum
555 2533 588 2573 ao
602 2521 625 2572 si
647 2525 809 2586 praeventus
827 2520 984 2583 ealliditate,
1000 2521 1196 2575 frustraretur:
1211 2534 1272 2574 oum
1291 2523 1386 2588 utique

188 2606 253 2670 lirim
263 2620 370 2673 verbere
382 2619 513 2672 clericum
525 2617 676 2671 districtius
688 2620 782 2685 tangit,
796 2618 885 2671 donee
902 2633 932 2671 os
952 2632 1063 2686 quoque
1074 2620 1133 2685 ejus
1146 2620 1180 2672 ad
1192 2633 1287 2673 aurem
1306 2626 1387 2673 retor-

187 2720 256 2781 lltllt,
267 2719 391 2772 manibus
402 2719 584 2785 cruribusque
595 2719 754 2783 contractis,
764 2723 851 2771 totum
864 2732 926 2771 eum
939 2716 1058 2771 debilem
1071 2724 1098 2771 et
1111 2718 1187 2770 velut
1199 2720 1227 2772 in
1239 2721 1386 2773 amentiam

187 2817 265 2870 letetur
279 2817 406 2872 reddidit.
419 2817 459 2870 ad
472 2818 539 2870 baeo
551 2830 615 2884 erpo
628 2822 705 2883 pater
716 2819 775 2883 ejus
787 2816 981 2870 animadvertit
994 2830 1023 2869 se
1035 2830 1091 2870 non
1104 2822 1177 2870 reete
1188 2817 1260 2884 apud
1278 2823 1385 2871 tantum

153 2896 333 2972 Sotimsorem
353 2917 460 2984 egisse5
473 2916 560 2969 lilium
572 2930 651 2970 suum
664 2917 782 2970 debilem
802 2917 917 2982 arripuit
929 2921 956 2969 et
973 2923 1037 2969 ante
1055 2917 1153 2970 erebro
1166 2916 1231 2969 dicti
1249 2918 1385 2984 praesulis

138 3054 140 3069 ,
178 3007 258 3076 eleum
269 3023 374 3071 reatum
387 3030 468 3070 suum
480 3029 537 3069 non
553 3015 684 3083 ignorans
697 3017 783 3083 ponit,
797 3016 904 3082 eulpam
917 3016 1000 3069 etiam
1012 3028 1089 3068 suam
1103 3015 1280 3079 infidelitatis,
1294 3017 1384 3070 lieeta

175 3110 312 3185 bmnems,
327 3115 468 3170 bumiliter
480 3115 584 3182 pandit,
602 3117 756 3183 iterumque
768 3116 941 3169 medietatem
960 3116 1091 3169 eeclesiae
1103 3114 1245 3183 liliumque
1262 3115 1381 3170 debilem

168 3211 237 3268 simul
252 3216 312 3283 jure
331 3216 538 3270 testamentario
556 3217 737 3282 sanctissimo,
760 3221 789 3268 ut
811 3216 895 3281 prius,
914 3215 1026 3269 tradidit
1046 3215 1182 3269 Orienoio.
1195 3218 1272 3269 ‘luno
1293 3216 1383 3283 itaque

161 3314 248 3370 dirim
258 3317 409 3381 miseratio,
423 3317 466 3369 eui
480 3328 536 3370 non
548 3315 638 3369 tardat
656 3322 703 3369 aut
720 3317 855 3383 impotens
868 3320 908 3368 est
925 3315 1083 3368 morborum
1096 3315 1296 3381 vulnerumque
1309 3329 1384 3368 eura-

138 3415 199 3479 ldo,
210 3415 359 3470 elementer
369 3412 507 3468 desubito
519 3414 598 3468 adest
610 3416 776 3468 subveniens
793 3413 903 3467 inllrmo
916 3431 922 3466 :
934 3427 1016 3480 quem
1026 3427 1087 3467 mox
1101 3412 1135 3466 ad
1149 3413 1299 3467 redivivam
1312 3415 1381 3467 salu·

148 3524 203 3572 tun
214 3520 383 3579 revocatum
397 3515 424 3567 in
436 3516 580 3580 pristinum
594 3529 704 3582 quoque
729 3513 848 3568 offleium
871 3527 953 3567 sensu
965 3514 1088 3579 eorporis
1099 3513 1285 3580 membrisque
1296 3516 1382 3568 omni·

139 3622 196 3675 ltus
215 3616 384 3672 mirabiliter
403 3620 520 3682 reparat.
535 3616 611 3669 Unde
632 3614 794 3669 benedictus
816 3615 976 3682 peremnia
997 3617 1076 3679 ileos,
1097 3615 1144 3680 qui
1164 3614 1302 3668 neminem
1325 3615 1383 3668 vult

138 3717 245 3786 perire,
257 3713 307 3769 aed
321 3712 358 3767 ad
372 3713 493 3767 veritatis
505 3713 673 3782 agnitionem
686 3726 783 3766 omnes
802 3713 927 3766 homines
940 3713 1056 3767 lideliter
1073 3714 1167 3766 venire
1180 3720 1262 3781 atque
1274 3713 1303 3766 in
1322 3715 1376 3767 sin-

138 3816 253 3875 eeritate
264 3826 352 3870 verae
366 3812 430 3866 tldei
443 3813 570 3866 rundatos
581 3813 683 3881 jugiter
696 3812 872 3866 immobiliter
884 3825 1056 3879 permanere.

367 4264 520 4354 cxxii.
546 4265 671 4353 (lodex
692 4266 880 4376 signatus
903 4290 1014 4354 num.
1040 4265 1163 4353 2628.

147 4514 230 4571 ellim
248 4503 426 4578 bigotianus
437 4505 479 4569 aa,
492 4503 593 4557 deinde
605 4502 706 4571 Regius
718 4507 747 4557 d.
761 4506 862 4557 lesbo.

146 4617 309 4673 potiorum
328 4606 396 4669 157,
409 4604 474 4657 min.
488 4605 705 4671 (ammonae),
722 4606 802 4659 lineis
816 4605 914 4672 plenis,
929 4610 1056 4659 exaratus
1068 4619 1140 4658 suec.
1155 4606 1196 4657 til.
