3136 5482
167 334 233 400 480
510 345 635 396 curru.
655 344 755 395 cono.
771 343 947 395 alcman.
966 344 1047 395 mr.

164 524 289 578 tudinem
301 525 441 578 basilicam
463 526 577 576 Sanctae
597 522 695 574 blariae
715 520 914 588 ingrederetur,
927 519 995 573 vidit
1006 519 1035 571 in
1047 519 1134 585 ipsius
1146 518 1280 572 basilicae
1296 520 1388 585 porticu

162 620 300 692 quendam
320 623 469 691 inlrrmum,
491 621 598 675 aridum
619 620 749 674 membris
769 624 797 673 ct
816 624 996 683 contractum,
1015 619 1117 685 jacere,
1140 619 1186 671 cui
1210 630 1313 672 nornen
1340 625 1388 672 erat

162 724 311 777 lohannes.
333 724 366 775 llt
385 723 621 789 appropinquante
633 720 730 773 curisti
743 719 856 787 famulo,
875 718 1051 785 proclamavit
1067 714 1163 772 aridus
1187 733 1196 771 ε
1224 718 1346 773 Obsecro
1355 720 1386 779 te,

162 820 306 874 sacerdos
318 823 348 872 et
368 821 478 875 dilecte
490 821 560 887 Deo,
582 823 618 873 ut
640 820 753 874 babeas
770 820 805 873 in
821 833 870 874 me
881 819 1144 874 mesericordiam.
1158 821 1192 873 lit
1203 820 1345 887 respondit
1355 820 1385 872 illi

164 919 291 973 sacerdos
304 934 310 970 :
328 919 407 978 Quid
418 921 466 973 etr
477 923 513 972 ut
524 919 644 987 faciam
656 919 734 973 tibi?
746 921 795 985 Qui
809 920 979 986 respondens
991 920 1028 972 ait
1041 936 1048 971 :
1068 918 1103 972 ttt
1114 917 1232 973 babeas
1245 919 1280 973 irc
1288 919 1406 973 eremit

163 1018 376 1073 sericordtam.
390 1021 421 1071 ut
430 1019 528 1072 tollens
538 1019 573 1072 de
585 1019 704 1085 sacculo,
714 1017 791 1072 dedit
802 1019 841 1071 illi
854 1018 958 1086 aliquid
966 1019 1110 1086 pecuniae.
1124 1018 1228 1071 Aridus
1240 1024 1384 1072 autentum

162 1116 216 1170 tide
226 1118 323 1170 Christi
336 1119 455 1185 suscepit
467 1118 539 1172 dona
552 1118 699 1172 sacerdotis
712 1125 814 1171 etcum
827 1117 925 1172 eodem
938 1131 1052 1172 munere
1062 1118 1165 1171 meruit
1177 1118 1322 1171 sanitatem
1330 1118 1384 1170 roei·

164 1230 239 1283 pere.
253 1219 356 1281 Quanta
367 1218 479 1270 caritate
491 1224 518 1270 et
530 1217 674 1271 devotione
687 1217 874 1284 elemosynam
886 1217 999 1283 pauperi
1018 1217 1116 1270 tribuit
1130 1223 1160 1270 et
1177 1217 1290 1272 infirmo
1309 1223 1383 1271 osten·
1423 1222 1425 1281 ζ

164 1314 248 1383 ditur,
261 1330 323 1370 cum
336 1322 363 1370 et
375 1330 493 1385 egenum
514 1316 609 1370 ditavit
630 1318 688 1370 auri
708 1330 823 1371 munere
835 1322 864 1370 et
875 1317 1016 1371 intirmum
1029 1318 1185 1372 sublevavit
1197 1318 1305 1372 reddita
1315 1317 1382 1384 sospi-
1423 1310 1425 1389 i

163 1419 225 1468 talc.
237 1417 257 1468 0
267 1429 365 1482 magna
378 1416 506 1470 mercatio
518 1423 545 1469 et
556 1417 694 1471 miseratio
703 1418 770 1484 justi
783 1417 843 1469 viri.
855 1419 958 1470 Aurum
979 1416 1075 1470 tribuit
1093 1430 1183 1487 egeno
1196 1424 1226 1472 et
1243 1419 1380 1486 sospitatem
1393 1414 1411 1467 lt

165 1515 260 1567 tribuit
271 1514 390 1569 infirmo.

198 1615 230 1667 e.
242 1615 338 1668 inclito
349 1622 440 1668 autem
449 1616 493 1669 bei
506 1616 662 1670 confessore
674 1615 862 1683 hujuscemodi
874 1617 1014 1670 miraculis
1025 1623 1202 1684 coruscante,
1212 1619 1304 1685 coepit
1313 1613 1382 1670 maui-

164 1710 263 1765 festum
282 1726 344 1764 esse
365 1714 492 1766 omnibus
512 1712 585 1780 quod
604 1718 714 1767 sanctus
734 1715 883 1781 Augcricus
901 1715 999 1768 christi
1017 1719 1090 1768 esset
1102 1715 1244 1769 alumnus.
1258 1716 1382 1770 Gloriosus

164 1822 229 1878 ergo
241 1811 339 1863 Christi
351 1812 472 1878 pontifex
492 1826 556 1865 cum
576 1825 607 1866 ex
629 1824 705 1866 more
726 1813 824 1866 studiis
845 1813 1013 1879 spiritalibus
1034 1827 1148 1881 operam
1170 1795 1261 1881 daret,
1279 1828 1328 1882 per
1337 1815 1384 1867 loct

164 1917 321 1963 sanctorum
331 1912 470 1977 juvamina
481 1912 636 1965 orationum
653 1912 825 1980 perquirens,
845 1913 995 1978 piissimam
1013 1912 1217 1982 benignitatem
1229 1928 1312 1982 quarn
1324 1926 1384 1983 gere
1396 1910 1416 1963 tt

164 2009 210 2062 bat
221 2010 250 2062 in
263 2015 355 2064 mente
368 2010 487 2065 ostendit
499 2012 527 2063 in
542 2011 666 2064 miraculi
680 2011 876 2079 magnitudine.
887 2015 1003 2065 lanuam
1015 2025 1136 2080 namque
1147 2014 1294 2080 enjusdam
1303 2010 1384 2078 templi

162 2107 329 2175 jamjamque
341 2109 508 2176 ingrediens,
521 2110 628 2163 obviam
641 2110 735 2163 hebuit
746 2123 829 2163 unam
844 2110 984 2177 seminam,
997 2112 1112 2165 nomine
1122 2112 1316 2177 Teresindam,
1329 2122 1387 2180 guae

165 2207 321 2274 quindecim
334 2210 391 2262 tere
403 2209 484 2261 annis
496 2209 610 2275 expletis
622 2209 651 2261 in
663 2210 794 2272 tenebris,
807 2209 908 2262 sedens
920 2215 947 2262 et
958 2210 1103 2264 ambulans
1115 2212 1213 2265 lumen
1226 2212 1296 2266 caeli
1307 2212 1387 2265 videre

166 2318 222 2359 non
234 2313 347 2373 poterat.
361 2310 484 2374 Cumque
495 2321 555 2361 eam
568 2308 797 2361 clementissimus
808 2308 850 2360 vir
862 2309 909 2361 llei
922 2307 1035 2362 offensis
1052 2309 1172 2376 pedibus
1189 2317 1217 2364 et
1237 2314 1298 2366 looe
1309 2311 1388 2379 perlit

166 2406 294 2472 palpante
305 2408 404 2461 baculo
416 2409 516 2461 ostium
529 2408 624 2474 templi
636 2408 712 2461 exire
724 2406 906 2474 conspiceret,
927 2408 1006 2462 solita
1028 2409 1195 2464 miserorum
1212 2413 1314 2478 pictate
1329 2406 1423 2465 com-l

165 2511 265 2573 motus,
278 2507 386 2575 signum
398 2509 487 2561 crucis
499 2521 583 2574 super
595 2506 690 2561 oculos
699 2508 810 2561 orbatae
823 2508 941 2561 feminae
959 2521 1022 2561 cum
1040 2507 1094 2562 ilde
1106 2511 1208 2563 cbristi
1222 2510 1389 2566 devotissime

164 2602 238 2656 fecit.
252 2604 399 2657 confestim
411 2606 571 2671 aperiuntur
591 2605 663 2658 oculi
684 2605 753 2672 eius,
776 2604 849 2658 videt
869 2604 1018 2671 medicum,
1040 2605 1133 2660 laudat
1151 2609 1250 2674 licum,
1263 2607 1337 2676 quod
1349 2618 1391 2674 per

164 2701 333 2757 sacerdotem
344 2717 424 2757 suum
434 2711 571 2758 meruerat
584 2704 706 2770 recipere
719 2704 812 2757 lumen
824 2704 967 2758 oculorum
979 2717 1104 2758 suorum.

198 2802 230 2854 ’7.
242 2804 302 2855 Non
315 2809 375 2869 post
394 2803 480 2856 multo
501 2807 635 2869 tempore,
654 2802 723 2856 vidit
742 2807 853 2856 sanctus
874 2808 901 2854 et
921 2802 1037 2857 dilectus
1051 2805 1105 2857 beo
1117 2806 1251 2873 Agerinus
1263 2805 1391 2874 quandam

161 2901 347 2967 juvenculam,
369 2903 480 2955 nomine
501 2901 683 2965 Childindem,
704 2916 720 2955 a
740 2903 836 2968 spiritu
849 2903 991 2956 immundo
1006 2903 1083 2956 crine
1096 2904 1189 2959 soluto
1203 2906 1387 2960 miserabiliter
1399 2901 1424 2953 u

165 3000 267 3052 vexari.
281 3001 362 3066 Cujus
376 3002 487 3054 miseria
501 3000 619 3053 famulus
629 3002 735 3054 bomini
748 3006 910 3069 commotus,
925 3002 1052 3055 menibus
1062 3003 1120 3055 suis
1133 3004 1164 3056 in
1176 3007 1268 3057 crucis
1285 3003 1388 3058 modum

166 3099 301 3164 expansis,
315 3104 400 3153 totum
412 3113 442 3152 se
454 3099 537 3152 vertit
547 3101 582 3153 ad
594 3101 710 3164 caelum,
724 3100 759 3153 de
777 3113 832 3167 quo
851 3113 959 3166 semper
975 3100 1091 3168 adeptus
1107 3102 1198 3156 fuerat
1210 3101 1388 3171 hujuscemodi

166 3197 405 3264 medicamentum,
419 3205 446 3251 et
459 3199 564 3250 bomini
577 3199 750 3251 clementiam
764 3198 903 3251 humiliter
914 3200 1042 3264 exoravit,
1058 3213 1093 3252 ne
1105 3201 1225 3267 amplius
1236 3215 1314 3255 suam
1323 3213 1387 3255 crea·

165 3303 254 3351 turam
275 3300 443 3365 permitteret
463 3298 596 3365 possideri
618 3303 645 3351 ct
661 3299 805 3353 dilacerari
827 3313 842 3352 a
860 3299 998 3365 perditore
1009 3301 1119 3368 generis
1131 3301 1257 3355 humani.
1270 3303 1389 3356 oratione

165 3402 257 3451 autem
269 3398 385 3463 expleta,
407 3403 572 3451 contestatus
590 3404 630 3450 est
650 3399 755 3464 spiritui
776 3399 917 3452 immundo
935 3412 998 3452 cum
1010 3400 1088 3468 signo
1100 3401 1191 3454 crucis
1204 3402 1233 3453 in
1246 3402 1354 3455 nomine
1363 3403 1386 3451 et
1399 3394 1422 3448 lt

166 3495 264 3549 virtute
278 3501 387 3548 sanctae
399 3497 548 3549 Trinitatis.
571 3499 699 3549 Pervasor
720 3498 859 3564 antiquus,
881 3497 927 3549 tali
945 3497 1035 3564 gladio
1053 3510 1213 3565 percussus,
1225 3513 1289 3553 cum
1300 3509 1386 3566 spuma

165 3595 244 3662 ignea
255 3594 290 3648 de
311 3595 401 3660 puella
419 3596 566 3663 egreditur,
588 3601 615 3648 ct
633 3596 672 3647 sic
684 3596 848 3649 sanctissimi
871 3597 1002 3662 praesulis
1018 3596 1157 3663 adjutorio
1177 3599 1266 3666 imago
1280 3599 1325 3651 bei
1338 3609 1385 3649 ser·

165 3699 254 3747 vatur.

199 3790 230 3845 8.
243 3793 363 3858 Apostoll
385 3798 560 3858 praeceptum
582 3792 612 3845 in
632 3792 715 3846 corde
736 3805 848 3846 servans
868 3797 896 3845 et
915 3804 999 3858 opere
1019 3792 1173 3859 complens,
1187 3796 1234 3862 qui
1253 3797 1291 3849 ait
1304 3811 1310 3848 :
1322 3794 1385 3850 Sine

165 3890 396 3944 tetermtsrtmte
407 3894 502 3959 orate,
519 3892 552 3943 tn
565 3891 704 3945 omnibus
715 3892 840 3959 pretias
857 3892 949 3960 opita.
968 3894 1080 3944 Factum
1093 3898 1136 3946 est
1146 3898 1240 3946 autem
1251 3908 1314 3948 cum
1325 3905 1381 3961 qur·
1393 3888 1417 3941 ³

166 3988 229 4042 dam
243 3995 323 4043 nocte
337 3991 416 4056 juxta
429 4004 534 4042 morem
553 3991 667 4043 candela
685 3995 748 4044 ante
768 3991 869 4043 lectum
885 3992 944 4056 ejus
960 3990 1078 4056 arderet,
1092 3992 1185 4046 subito
1198 3995 1331 4047 exstincta
1341 3998 1384 4045 cst.

166 4092 225 4154 lpse
237 4093 328 4142 autem
341 4102 397 4142 non
409 4089 570 4154 dormiebat,
584 4090 632 4142 scd
646 4089 674 4142 in
687 4091 811 4143 oratione
824 4095 850 4142 et
863 4090 1053 4143 obsecratione
1064 4091 1173 4159 vigilias
1191 4093 1309 4146 eximius
1320 4098 1384 4160 pater

168 4200 250 4253 super
261 4202 291 4241 se
300 4201 331 4240 ae
343 4202 451 4257 gregem
464 4202 544 4242 suum
557 4189 730 4242 devotissime
743 4188 922 4242 custodiebat.
935 4190 968 4241 llt
980 4201 1044 4242 ecce
1057 4203 1120 4242 cum
1138 4206 1240 4261 magno
1252 4193 1384 4259 splendore

167 4287 278 4339 luminis
291 4287 433 4341 multitudo
446 4289 606 4356 angelorum
619 4302 681 4341 cum
694 4294 790 4342 sancto
802 4288 848 4341 liei
863 4289 965 4341 famulo
978 4289 1007 4341 in
1016 4291 1115 4343 eodem
1128 4292 1256 4346 cubiculo
1269 4294 1314 4346 ubi
1323 4294 1384 4359 jace

167 4386 212 4438 bat
224 4384 309 4449 affuit,
324 4388 352 4439 in
373 4387 479 4453 hymnis
501 4392 527 4439 et
545 4388 657 4454 psalmis
674 4394 702 4439 et
720 4389 831 4441 canticis
846 4388 1014 4454 spiritalibus
1026 4390 1126 4443 choros
1135 4389 1280 4453 ducentes,
1293 4384 1416 4446 creato-⁸

166 4498 226 4537 rem
238 4490 265 4538 et
285 4486 419 4538 bonomm
440 4486 563 4538 omnium
584 4491 816 4540 remuneratorem
838 4487 867 4537 in
889 4500 938 4540 suo
959 4487 1102 4541 sacerdote
1122 4488 1215 4543 divina
1233 4492 1384 4545 exultatione

167 4585 318 4640 laudantes.
334 4589 364 4639 ln
376 4601 557 4653 supernorum
570 4593 661 4641 autem
673 4588 773 4641 civium
785 4587 913 4641 societate
925 4593 953 4641 et
964 4587 1076 4642 caelesti
1088 4589 1262 4655 jucunditate
1281 4601 1383 4659 corpore
