3156 5452
637 301 762 350 calab.
784 299 885 346 coni).
906 297 1077 346 haeredit.
1098 295 1177 343 bat.

639 516 848 628 appendix
867 517 917 604 ad
938 515 1021 603 cod.
1049 514 1173 601 2553.

393 735 523 807 Incipit
534 735 612 793 vita
624 733 740 793 sancti
750 732 944 792 Anthonini
954 729 1132 801 martyris
1144 729 1242 787 edita
1257 743 1282 786 e.
1296 728 1426 786 domno

770 829 915 890 Pesccli
929 843 1036 900 papa.

330 1019 355 1067 1.
369 1019 415 1068 Dc
427 1015 495 1080 eins
507 1014 604 1067 nobili
615 1013 750 1078 origine.
775 1013 859 1079 igitur
879 1008 1123 1062 reverendissimus
1139 1007 1213 1058 testis
1226 1005 1325 1058 Christi
1341 1004 1537 1061 Anthoninus,

297 1116 378 1182 regali
392 1117 475 1180 stirpe
488 1113 654 1180 progenitus,
668 1113 702 1164 ab
720 1113 850 1178 hppamia
863 1109 1027 1162 Tholoncnsi
1047 1106 1146 1173 oppido
1165 1105 1253 1158 extitit
1261 1103 1407 1164 oriundus,
1428 1101 1537 1155 nobilis
1566 1098 1571 1105 '

296 1214 407 1280 quidem
419 1226 528 1280 genere,
550 1213 597 1264 scd
619 1212 737 1264 nobilior
758 1210 909 1284 sanctitate.
932 1208 981 1272 Qui
1004 1209 1074 1259 sicut
1086 1205 1174 1258 lilium
1187 1205 1260 1256 inter
1272 1203 1375 1268 spinas,
1389 1199 1485 1252 fidelis
1496 1200 1533 1252 ah
1551 1205 1569 1248 5

297 1312 452 1364 infidelibus
465 1310 623 1377 parentibus
636 1314 804 1374 procreatus,
817 1312 845 1361 ct
861 1309 1029 1372 temporibus
1049 1305 1152 1372 pippini
1172 1313 1198 1358 et
1210 1302 1371 1357 Theoderici
1384 1314 1483 1368 regum
1497 1301 1535 1352 ab

297 1414 361 1478 ipsis
375 1412 505 1463 infantiae
517 1423 583 1463 snae
595 1409 752 1474 crepundiis
773 1408 994 1460 manifestissime
1013 1407 1114 1460 sanetis
1135 1405 1223 1471 eoepit
1241 1403 1347 1469 pollere
1366 1401 1532 1455 virtutibus.

297 1511 386 1563 Sacris
399 1510 481 1562 ctiam
492 1509 589 1561 litteris
601 1509 741 1574 eleganter
752 1506 874 1570 edoctus,
889 1506 1018 1558 salutaria
1031 1509 1175 1570 praecepta
1187 1516 1257 1569 qnae
1274 1502 1384 1569 legebat
1405 1500 1467 1566 ipsc
1481 1513 1534 1566 per

296 1623 325 1662 se
335 1610 422 1674 ipsum
436 1607 552 1660 fideliter
565 1607 715 1670 adimplere
736 1606 872 1657 studebat.
891 1604 1049 1671 Relulgchat
1063 1605 1152 1669 itaque
1165 1605 1219 1654 lico
1232 1601 1348 1653 dilectus
1360 1600 1466 1653 sanctis
1478 1599 1533 1649 rir-

298 1709 408 1770 tutibus,
432 1706 589 1758 innocentia
610 1705 756 1770 praeditus,
780 1704 952 1768 simplicitate
973 1705 1147 1768 conspicuus,
1169 1701 1314 1754 sanctitate
1337 1701 1527 1753 venerabilis.
1552 1704 1571 1749 tt

300 1806 465 1873 benignitate
483 1803 637 1856 laudabilis.
660 1803 794 1854 castitatis
808 1803 890 1854 ctiam
903 1801 976 1854 dono
989 1801 1184 1868 pmelulgidus,
1198 1814 1229 1852 ex
1244 1799 1331 1865 ipsius
1352 1798 1532 1851 veneratione

298 1902 511 1968 rirtutismagno
532 1900 678 1965 splendore
698 1912 856 1960 coruscans,
878 1899 1030 1964 exemplum
1052 1900 1139 1951 bonae
1160 1898 1377 1951 conversationis
1397 1897 1528 1950 omnihus

297 2001 501 2052 ‹lernonstrabat
513 1998 654 2051 sollicitus.
668 2000 792 2051 Caritatis
810 2004 901 2052 autem
914 1998 986 2051 dono
1000 1998 1162 2061 exuberans,
1179 1995 1331 2049 secundum
1344 1995 1527 2062 apostolicum

299 2103 472 2164 praeceptum
494 2098 530 2148 ita
551 2102 610 2148 erat
628 2097 656 2148 in
677 2097 734 2162 ipsa
756 2097 886 2149 fundatus
908 2103 937 2148 nt
957 2097 1089 2148 veraciter
1101 2101 1193 2161 posset
1211 2094 1451 2161 comprehendere
1465 2107 1527 2148 curn

298 2199 399 2251 sanctis
411 2209 482 2262 qnae
498 2197 531 2246 sit
544 2195 667 2260 latitudo,
683 2196 835 2248 sublimitas
847 2202 875 2249 ct
886 2196 1063 2262 profundum.
1084 2197 1137 2247 llac
1155 2196 1246 2261 itaque
1259 2193 1445 2260 profunditate
1458 2206 1526 2248 com-
1541 2193 1564 2242 lt

299 2303 374 2362 perta
385 2299 427 2349 sir
439 2297 484 2348 liei
498 2309 553 2349 non
567 2296 742 2348 mediocriter
753 2297 911 2362 adornatus,
925 2295 1107 2348 meditabatur
1117 2295 1145 2346 in
1155 2294 1215 2360 lege
1224 2293 1343 2357 bomini,
1357 2298 1389 2346 ut
1401 2292 1527 2345 videlicet
1547 2338 1553 2357 ,

299 2395 395 2447 diebus
417 2407 449 2446 ac
471 2394 596 2445 noctibus
618 2394 646 2444 in
667 2393 764 2459 vigiliis
786 2399 813 2446 ct
832 2395 1002 2448 orationibus
1021 2394 1178 2460 persisteret
1196 2393 1323 2446 minister
1335 2391 1451 2446 sedulus
1464 2397 1528 2446 etot

299 2496 435 2560 plantatus
447 2494 476 2544 in
488 2494 569 2544 dorne
587 2490 693 2544 bornini
712 2493 820 2544 lloreret
838 2499 868 2544 ut
880 2494 968 2560 palma
981 2500 1008 2546 et
1021 2500 1050 2546 ut
1062 2493 1161 2546 cedrus
1174 2493 1270 2546 Libani
1285 2492 1527 2559 multiplicaretur.

301 2598 428 2646 Fructum
440 2605 505 2644 nero
518 2593 606 2644 bonae
618 2593 784 2656 operationis
797 2594 909 2645 licutino
923 2594 1041 2646 reddens
1054 2599 1180 2658 operator
1197 2593 1381 2661 gratissimus,
1395 2593 1533 2646 stabilita-

299 2700 410 2758 temque
422 2690 557 2742 firmitatis
569 2690 598 2742 in
616 2690 698 2743 corde
716 2705 765 2744 suo
784 2693 960 2744 innnobiliter
977 2693 1078 2754 iercns,
1098 2693 1183 2745 lorica
1198 2691 1321 2757 justitiae
1332 2691 1531 2754 circumdatus,

299 2791 373 2857 galea
386 2790 480 2841 salutis
494 2796 624 2855 senioque
646 2789 709 2842 fidei
722 2797 869 2855 protectus,
889 2805 936 2856 spe
954 2791 1110 2843 firmissima
1127 2792 1280 2855 roboratus,
1294 2795 1321 2842 et
1332 2789 1425 2857 gladio
1445 2790 1547 2843 sancti

299 2891 414 2954 Spiritus
438 2889 628 2941 honestissime
650 2898 779 2954 armatus,
803 2899 1011 2957 ceterarumque
1034 2893 1164 2944 virtutum
1190 2890 1393 2957 pretiosissimis
1418 2890 1547 2958 gemmis

297 2990 449 3055 decoratus,
472 2989 711 3056 inexpugnabilem
735 2991 835 3043 athleta
861 2992 1025 3044 fortissimus
1047 2992 1185 3044 victoriam
1210 2992 1336 3057 sumpsit,
1361 2989 1483 3056 qualiter
1500 2991 1545 3043 ad

297 3099 441 3139 numerum
456 3087 597 3139 levitarum
611 3088 771 3141 ascenderet
784 3096 809 3143 ct
822 3091 856 3141 ad
869 3091 986 3156 palmam
1000 3090 1119 3156 martyrii
1136 3091 1250 3142 feliciter
1262 3090 1429 3156 perveniret.

331 3185 362 3236 2.
376 3187 422 3236 De
435 3184 560 3236 invidia
577 3185 697 3237 diaboli
715 3188 875 3239 adversus
899 3202 979 3239 eum.
999 3191 1064 3241 Cura
1084 3190 1175 3254 itaque
1193 3189 1323 3241 adsersus
1342 3190 1533 3242 beatissimum

296 3285 447 3350 agonistam
467 3285 655 3336 hnthoninnm
668 3283 803 3338 diabolica
816 3286 911 3340 seditio
925 3289 958 3339 ab
967 3289 1102 3340 artrnculo
1115 3302 1175 3341 suo.
1191 3301 1257 3357 rege
1269 3289 1426 3354 supradicto
1447 3291 1535 3344 Theo·

297 3382 400 3440 elorico,
423 3383 452 3432 in
474 3381 567 3433 odium
591 3382 756 3435 intlammata
771 3391 969 3448 concresceret,
984 3387 1040 3452 ipsc
1060 3387 1159 3437 Christi
1172 3386 1251 3438 miles
1260 3386 1400 3440 desiderio
1411 3389 1534 3454 martyrii

298 3488 472 3543 exaestuans,
491 3495 524 3532 cx
543 3480 643 3547 oppido
657 3485 802 3548 appamiae
815 3498 943 3551 egressus
962 3487 1051 3553 lugam
1070 3486 1185 3551 arripuit
1202 3490 1228 3538 et
1246 3486 1279 3538 ad
1293 3486 1389 3539 limina
1402 3490 1544 3554 apostole·

302 3595 362 3632 rnm
376 3581 446 3632 Petri
468 3586 493 3632 ct
513 3581 587 3632 Pauli
606 3583 656 3633 itcr
679 3583 847 3646 accelerans,
860 3598 950 3650 usque
973 3585 1006 3637 nd
1031 3585 1231 3638 salernitanam
1255 3585 1391 3639 civitatem
1406 3589 1533 3654 pervenit

300 3679 479 3746 peragrando,
495 3681 637 3745 requirens
647 3682 734 3734 sicubi
745 3683 887 3736 christiani
902 3685 1021 3737 nominis
1033 3685 1105 3738 siros
1120 3685 1174 3737 tide
1186 3691 1212 3737 et
1229 3686 1381 3738 sanctitatis
1403 3686 1535 3754 religione

300 3777 444 3830 inveniret.
464 3778 583 3830 Tandem
603 3780 693 3845 itaque
710 3779 830 3834 ducente
846 3784 960 3835 benninc
973 3785 1097 3849 pervenit
1110 3784 1143 3836 ad
1157 3785 1295 3850 quendam
1307 3784 1411 3849 lecum,
1431 3785 1537 3838 invenit

300 3888 381 3940 ipram
400 3876 531 3940 plurimos
549 3878 576 3928 in
595 3877 648 3929 hdc
660 3878 758 3930 tlhristi
771 3886 936 3946 sanctaeque
948 3882 1089 3948 religionis
1103 3883 1282 3948 persistentes
1293 3882 1378 3945 viros,
1389 3883 1438 3950 qni
1448 3885 1537 3937 omni·
1557 3904 1571 3913 ”

299 3974 351 4025 bus
365 3975 421 4025 suis
435 3987 483 4039 pro
498 3977 611 4027 boruino
627 3977 780 4029 secundum
799 3980 985 4046 evangelicum
1005 3987 1179 4047 praeceptum
1196 3983 1401 4045 renuntiantes,
1413 3995 1571 4036 crucem*

300 4086 353 4139 que
363 4086 439 4125 suam
451 4072 484 4125 ad
496 4073 665 4138 sequendum
677 4077 820 4129 bominum
831 4078 966 4141 tollentes,
976 4078 1010 4130 de
1031 4080 1205 4132 orientalium
1217 4080 1340 4144 partibus
1349 4081 1535 4135 advenerant:

301 4172 373 4222 inter
384 4184 454 4237 quos
471 4172 551 4222 ctiam
564 4170 598 4222 dc
611 4175 799 4237 superioribus
812 4176 1001 4230 ecclesiasticis
1024 4179 1153 4245 gradibus
1174 4179 1339 4230 sanctissimi
1361 4181 1535 4234 habebantur
1555 4187 1571 4202 ·

302 4273 423 4334 pastores
440 4274 520 4335 atque
540 4270 675 4323 doctores.
699 4275 766 4325 Cum
788 4275 888 4340 quibus
902 4276 943 4327 sir
960 4277 1134 4329 beatissimus
1156 4276 1250 4329 decern
1273 4280 1300 4329 ct
1322 4282 1385 4331 ecto
1406 4281 1487 4332 annis
1509 4279 1571 4331 inl

303 4379 396 4419 eremo
406 4380 592 4433 commanens,
603 4369 665 4436 igue
679 4384 829 4425 succensus
840 4372 924 4425 divini
937 4377 1048 4439 amoris,
1061 4376 1202 4428 derirtute
1214 4376 1379 4429 invirtutem
1392 4377 1429 4430 ad
1440 4376 1571 4431 altiores

303 4465 504 4530 conscendens,
518 4480 564 4518 vas
581 4468 697 4520 electum
711 4483 725 4521 a
740 4473 863 4537 Domino,
877 4474 911 4526 ab
930 4474 1034 4526 eisdem
1058 4472 1161 4527 sanctis
1173 4473 1297 4539 patribus
1318 4473 1353 4527 ad
1365 4474 1571 4529 diaconales(

304 4563 496 4630 clectusatquc
509 4567 672 4619 constitutus
685 4577 726 4621 cst
738 4572 940 4637 suscipiendam
953 4574 1121 4641 dignitatem.
1136 4575 1190 4626 llac
1203 4572 1287 4640 igitur
1299 4574 1428 4627 familiari
1441 4575 1563 4628 irater*
