3156 5452
159 339 221 402 124
504 348 630 397 curun.
650 347 751 397 coen.
771 346 947 396 nlotoon.
967 345 1049 394 aar.

156 524 257 574 tionem
279 519 353 571 idem
367 531 435 583 papa
447 516 615 580 triumphum
630 516 708 568 beati
721 513 849 579 martyris
868 513 1082 567 Atheniensibus
1103 520 1199 567 uotum
1213 512 1275 566 ficri
1298 527 1394 579 procu-

156 622 234 673 rarit.
250 618 325 683 Quod
347 623 435 670 totum
456 618 484 669 in
503 617 561 668 Vita
583 617 733 669 eomndem
752 616 939 668 consessorum
960 615 1021 666 luce
1041 615 1141 667 clarius
1161 615 1325 667 declaratur
1344 626 1394 679 per

157 722 224 773 haec
238 719 336 771 rerba:
355 717 428 770 Cum
445 718 660 782 persecutores
678 728 751 768 suos
773 715 876 767 beatus
895 715 1064 780 Dionysius
1084 715 1164 782 fines
1183 715 1392 768 Parisiorum

155 817 414 885 appropinquare
432 815 590 882 corruperit,
607 815 790 869 Sarwtinum
813 817 844 868 et
865 815 1058 868 Antoninum
1080 814 1124 867 ad
1146 828 1180 868 se
1199 815 1392 868 accersivit:

154 916 269 983 ortibus
286 915 448 983 proecepit
468 916 503 966 ut
513 927 669 967 sermones
689 917 718 966 et
733 927 848 981 (iporeae
869 914 970 981 ipsius
982 915 1128 967 sollerter
1148 913 1425 967 intenderemus

156 1015 325 1068 memoriae
338 1014 597 1077 commendarent,
614 1027 653 1066 ac
664 1013 776 1079 quibus
795 1015 1022 1066 tormentorum
1031 1011 1196 1079 penertbus
1202 1026 1267 1079 per
1268 1013 1394 1080 passio·

158 1128 236 1167 itum
247 1113 404 1180 supplicio
416 1112 554 1179 coporis
568 1111 665 1165 eitam
679 1113 775 1180 finire
785 1113 1017 1179 conspicimus,
1030 1112 1220 1178 quoruociue
1232 1113 1396 1166 Romanae

156 1213 241 1266 sedis
248 1211 396 1279 pontifici
406 1214 436 1264 et
449 1206 592 1279 fidelibus
604 1224 680 1278 quos
692 1214 766 1265 tunc
779 1211 892 1264 ibidem
905 1211 1081 1264 tumuerint
1090 1224 1149 1278 per
1161 1210 1307 1265 ordirtem
1318 1223 1395 1263 uun·

159 1315 242 1366 tiarc
254 1313 424 1378 studerent,
437 1325 549 1377 cosque
560 1311 672 1365 obnixe
695 1312 891 1378 deposcerent
912 1314 946 1364 ut
968 1310 1205 1364 Atheniensium
1223 1309 1393 1364 civibusca

159 1414 235 1465 nota
247 1410 396 1478 facerent,
410 1411 561 1477 quatinus
572 1413 602 1463 ct
614 1411 677 1477 ipsi
697 1411 827 1464 Domino
838 1424 897 1477 pro
917 1423 1012 1463 cursu
1027 1409 1168 1464 laborum
1185 1410 1255 1475 ejus
1266 1409 1393 1476 impleto
1410 1406 1435 1458 ll

159 1510 284 1578 pretias
297 1511 425 1577 aperent
435 1512 465 1563 ct
476 1522 550 1576 erpa
565 1511 687 1563 cultum
698 1510 765 1576 mats
777 1509 852 1563 bono
866 1510 972 1564 ctrrirno
983 1511 1105 1578 fierertt.
1117 1511 1154 1561 ic
1167 1508 1270 1562 deinde
1282 1508 1394 1575 subjun-

159 1609 233 1676 gitur
247 1623 253 1659 :
271 1608 486 1661 Consulumato
497 1607 649 1673 siquidem
663 1607 750 1660 beato
762 1607 909 1672 Dionysio
916 1620 977 1674 per
989 1606 1302 1674 martyriipalmom,
1322 1606 1392 1660 Sau-

160 1706 833 1773 cttuusctArrtouinus,sr'cuteispracceptum
841 1704 1393 1774 suerat,iteraqpredieutes,1tomam

161 1803 343 1858 (tunilioutc
355 1803 483 1857 Domino
492 1806 703 1869 peruenerunt
714 1821 723 1869 ,·
735 1806 764 1856 ct
776 1804 848 1868 jorn
859 1803 945 1856 beato
970 1804 1123 1857 Clemente
1144 1803 1304 1869 martyrio
1316 1814 1392 1856 coro

161 1904 245 1969 irato,
260 1902 294 1954 tu
304 1902 411 1954 eadem
421 1902 494 1953 sede
505 1903 650 1954 sarlatum
661 1902 855 1965 Artacletum,
870 1901 998 1956 notione
1023 1903 1188 1967 Graecum,
1201 1902 1240 1954 dc
1252 1900 1388 1966 Atheon,
1404 1898 1428 1950 tt

161 2000 217 2067 qui
227 1998 366 2067 sueretu
378 1999 464 2053 beato
476 1999 568 2053 Petro
580 1999 720 2066 apostolo
729 1998 891 2065 presbyter
908 2000 1085 2064 ordinatus,
1093 2003 1313 2054 consecratum
1319 2012 1388 2066 pou·

161 2099 276 2167 tificem
297 2100 492 2151 invenerunt.
510 2099 633 2165 Cniper
644 2098 760 2163 omnia,
773 2098 855 2152 sicut
875 2099 920 2151 cis
933 2098 1041 2152 beatus
1066 2098 1387 2164 omnusimjmreru,

162 2201 291 2251 actuset
312 2197 463 2262 martyrii
479 2198 546 2262 ejus
566 2197 707 2250 ordinem
728 2200 962 2262 narraverunt&
976 2198 1042 2264 ipse
1057 2209 1130 2251 vero
1154 2195 1388 2251 Atheniensibra

162 2297 332 2349 aruntiuoit.

166 2501 328 2573 Epistola
343 2501 516 2562 willelmi
529 2501 692 2562 monachi
713 2504 761 2561 mi
776 2505 921 2560 lvonem
933 2501 1102 2559 abbatem
1116 2498 1215 2558 beati
1231 2495 1390 2569 Dionysii
1402 2500 1439 2553 w

207 2601 251 2659 de
264 2600 503 2660 menelotione
517 2600 697 2673 praeconii
711 2599 828 2660 sancti
842 2598 1004 2670 Dionysii
1013 2591 1086 2673 (Gir.
1100 2612 1204 2674 supra,
1213 2612 1243 2674 p.
1257 2591 1392 2671 liusq.

200 2779 313 2831 homino
326 2783 352 2830 et
363 2779 444 2846 digno
457 2780 608 2833 reverendo
621 2781 690 2846 patri
704 2780 779 2832 ivoni
790 2780 883 2831 abbati
896 2778 1027 2835 ccclesiae
1039 2776 1206 2830 sanctissimi
1218 2775 1341 2842 llyonisii
1354 2775 1401 2838 (l),

167 2875 250 2927 irater
261 2878 425 2941 willermus,
437 2879 549 2931 fratrum
561 2893 671 2932 suorum
685 2880 827 2941 minimus,
839 2883 983 2931 aeternam
994 2876 1023 2929 in
1035 2877 1142 2928 Christo
1152 2875 1281 2928 salutem.
1292 2876 1404 2935 Persae,

167 2981 196 3026 ut
216 2976 302 3040 aiunl,
315 2977 442 3031 dominos
463 2992 528 3031 suos
550 2993 631 3032 mauu
649 2994 733 3033 vacua
757 2993 812 3032 nou
827 2976 1018 3039 salutationi
1041 2989 1102 3028 cum
1124 2988 1190 3028 voce
1211 2972 1411 3041 gratulationis

165 3074 327 3140 obsequium
341 3076 478 3140 protertur
490 3078 621 3140 muneris,
635 3077 746 3143 idcirco,
759 3083 789 3130 ut
802 3081 877 3143 puto,
890 3076 955 3142 quia
967 3076 1080 3126 verbum
1094 3078 1201 3126 constal
1211 3086 1274 3125 esse
1294 3073 1396 3140 gratius

167 3174 240 3239 quod
254 3187 337 3239 opere
349 3177 566 3230 commendatur.
580 3179 635 3229 iloc
654 3177 725 3243 apud
740 3190 783 3229 me
795 3182 935 3242 reputans,
949 3176 1026 3240 coepi
1046 3173 1187 3226 revolvere
1205 3184 1319 3225 omnem
1336 3185 1396 3235 sup

169 3271 329 3334 pellectiiem
351 3286 448 3337 nicam,
462 3279 516 3326 tam
529 3288 627 3327 novam
645 3289 727 3342 quam
749 3280 877 3339 veterem,
891 3280 918 3326 et
932 3287 990 3325 rem
1012 3272 1183 3333 familiarem,
1199 3271 1221 3321 si
1246 3270 1318 3323 torte
1332 3267 1395 3336 quid

168 3370 285 3422 inveniri
307 3377 399 3437 posset
410 3372 483 3438 quoti
504 3373 557 3424 tuis
578 3374 697 3438 placeret
709 3375 797 3427 oculis
817 3380 843 3425 et
864 3373 971 3425 sederet
991 3370 1078 3424 cordi.
1095 3370 1148 3422 Sed
1168 3382 1232 3422 cum
1256 3381 1341 3433 penes
1357 3379 1397 3418 me

168 3469 236 3519 niiril
250 3470 302 3521 tale
314 3471 492 3533 inveniretur,
506 3485 619 3524 necesse
632 3473 714 3524 habui
731 3471 766 3524 ad
779 3474 939 3538 apothecam
953 3469 1052 3522 modici
1066 3467 1152 3522 nostri
1166 3479 1312 3519 recurrere
1324 3466 1396 3519 etde

168 3566 259 3619 alieno
280 3573 405 3619 mutuum
426 3582 545 3623 smnerc.
557 3572 588 3621 Et
608 3570 720 3636 quidem
741 3570 813 3622 inter
833 3582 899 3634 opes
919 3569 1014 3620 atticas
1026 3573 1053 3619 et
1073 3563 1223 3618 orientales
1235 3565 1397 3629 speciesque

170 3665 327 3731 peregrinas
345 3672 372 3717 et
390 3667 499 3732 odoras,
512 3666 613 3733 quibus
632 3667 820 3721 ammirandus
832 3671 859 3719 et
878 3667 1012 3719 amandus
1023 3665 1070 3718 ilie
1083 3669 1176 3717 noster
1189 3662 1315 3716 medicus
1329 3661 1398 3714 Guil-

171 3760 273 3814 lormus
285 3764 319 3827 (2)
332 3762 403 3815 lianc
417 3770 537 3816 nostram
549 3765 643 3816 ditarit
655 3765 832 3830 provinciam,
845 3778 908 3817 cum
920 3764 1007 3817 oculis
1025 3762 1119 3816 omnia
1136 3760 1284 3827 diiigenter
1296 3759 1397 3827 perius-

171 3867 294 3924 trassem,
309 3862 376 3913 nihil
396 3864 513 3915 occurrit
525 3862 599 3929 quod
611 3864 680 3916 votis
700 3865 753 3915 tuis
766 3865 851 3931 iungis
868 3864 1041 3915 aestimarem
1059 3872 1221 3928 congruere,
1236 3859 1306 3911 nihil
1321 3856 1392 3924 quod

171 3975 214 4013 me
228 3961 313 4029 inagis
326 3962 473 4017 laetificare
493 3965 619 4029 potuerit,
633 3977 714 4030 quam
735 3964 830 4016 laudes
842 3969 869 4016 ct
889 3962 1067 4029 praeconium
1079 3972 1236 4028 ugonesquc
1266 3964 1293 4010 et
1307 3962 1398 4021 martt-

171 4059 243 4112 rium
258 4059 352 4114 domni
373 4064 684 4128 etcommunispatroni
705 4063 790 4115 nostri
811 4063 979 4129 Ariopagitae
1001 4060 1131 4126 Dionysii,
1152 4058 1264 4126 generis
1287 4067 1393 4123 quoque

173 4160 299 4213 nobilitas
312 4166 339 4213 ct
359 4161 472 4213 illustris
485 4164 538 4214 vila
550 4167 577 4214 ci
595 4162 766 4228 philosophia
777 4166 805 4213 el
821 4162 945 4214 doctrina
963 4159 1111 4226 singularis
1132 4163 1159 4210 et
1171 4156 1268 4224 gioria,
1282 4154 1388 4222 quaein

171 4272 329 4325 praecorum
350 4261 431 4314 variis
444 4261 584 4314 codicibus
597 4262 702 4328 repperi
723 4260 945 4327 quadriformiter
957 4264 1075 4318 exarata,
1087 4269 1169 4309 sensu
1183 4267 1250 4307 sane
1263 4262 1390 4307 consona.

204 4440 238 4504 (i)
255 4443 340 4506 liujus
351 4441 470 4493 nominis
482 4442 515 4500 li,
528 4442 574 4507 qui
587 4440 751 4494 coenobium
764 4440 833 4492 rexit
845 4452 889 4491 an.
905 4440 1011 4491 libili
1023 4436 1119 4502 (Gall.
1133 4434 1257 4501 Christ,
1268 4442 1334 4487 tom.
1345 4431 1408 4487 l'il.

173 4537 200 4588 p.
214 4524 281 4588 tlt).
300 4551 332 4562 -
348 4525 383 4588 (2)
394 4524 443 4587 Qui
456 4523 614 4576 nominatur
626 4524 654 4575 in
667 4523 846 4588 inscriptione
857 4522 968 4574 alterius
979 4520 1112 4586 epistolae
1126 4519 1160 4571 ab
1175 4519 1256 4584 hujus
1270 4515 1410 4581 scriptore

175 4604 273 4657 missae
284 4606 322 4669 (Ρ.
337 4607 377 4667 l,
392 4611 456 4658 lom.
470 4606 617 4665 cllllllllil,
629 4619 656 4670 p.
673 4606 732 4656 lili
748 4606 835 4667 extu).
