3156 5452
266 350 358 398 nmn.
378 349 461 398 una.
481 350 596 399 ranis.
616 370 661 379 —
677 351 829 401 cernua.
850 353 896 400 nn
913 353 991 403 coo.
1011 351 1086 402 avoc.
1225 338 1290 402 317

53 518 265 572 infelicissimus
276 517 447 586 iniquissime
460 517 626 585 suscepisset
639 518 795 585 imperium,
805 522 912 572 tantum
925 520 984 587 ejus
997 521 1105 574 animus
1115 519 1150 574 de
1160 520 1207 575 illa
1218 525 1291 575 tran·

54 616 154 671 sitoria
170 617 281 671 inllatus
294 623 334 670 est
352 618 455 671 laetitia
468 623 499 672 ut
517 630 568 671 nec
585 617 735 684 suimetipsi
749 618 757 637 ·
772 618 961 673 recordaretur
974 634 1026 674 nec
1042 626 1156 674 ventura
1169 622 1287 688 timeret,
1351 626 1358 643 ·
1395 627 1400 639 ’

55 718 224 784 praeteritae
245 719 327 772 etiam
348 731 417 787 quas
438 718 570 772 habuerat
595 719 737 785 angustiae
760 730 775 770 a
795 718 879 772 corde
903 720 963 786 ejus
985 717 1145 790 effugerent.
1169 724 1292 789 itumque

56 815 138 868 illum
160 817 273 870 honoris
293 817 335 869 sui
353 816 539 870 blandimenta
556 815 703 883 delectant,
716 816 790 884 quod
803 818 831 869 in
844 817 1005 884 baptismate
1023 820 1185 886 promiserat
1205 826 1291 874 totum

12 917 35 969 5
52 917 188 970 mentitus
200 922 251 980 est,
265 929 322 970 non
334 917 422 971 solum
435 922 556 983 apostata
568 916 665 976 iactus.
679 930 773 970 verum
792 919 875 970 etiam
887 925 917 970 ut
937 919 1097 987 religionem
1109 895 1289 974 christianam

58 1015 194 1070 radicitus
205 1015 315 1070 tolleret
326 1016 402 1069 omni
415 1014 526 1084 ingenio
540 1016 682 1081 tractabat,
694 1016 749 1069 illis
762 1016 889 1070 videlicet
898 1018 1054 1072 christianis
1063 1020 1165 1087 quibus
1176 1019 1293 1075 suadere

60 1121 181 1183 poterat,
193 1116 255 1169 aliis
276 1129 391 1169 munera
412 1115 496 1169 multa
509 1115 568 1167 auri
581 1121 609 1168 et
630 1117 735 1184 argenti
756 1117 927 1184 aliarumque
947 1120 1099 1184 specierum
1119 1120 1291 1186 promittens,

61 1217 125 1270 aliis
136 1216 310 1283 principandi
330 1217 462 1270 honorem
484 1216 616 1279 tribuens,
631 1216 750 1284 denique
770 1218 871 1270 multos
884 1221 941 1271 arte
961 1218 1095 1273 achristo
1112 1221 1294 1287 captivavitet

61 1316 98 1370 ad
110 1316 269 1370 societatem
278 1314 462 1368 damnationis
472 1319 600 1368 aeternae
612 1314 721 1369 diabolo
731 1328 824 1369 secum
834 1316 1007 1383 mancipavit.
1017 1293 1189 1373 Avunculum
1199 1332 1294 1374 revera

10 1417 45 1468 lii
60 1429 144 1470 suum
163 1415 314 1478 lulianum,
335 1427 418 1481 quem
435 1415 493 1481 jam
514 1414 736 1482 memoravimus,
757 1414 876 1468 similem
897 1415 949 1469 sibi
970 1417 1082 1471 nomine
1103 1421 1131 1471 et
1151 1417 1231 1485 tacto,
1245 1432 1294 1485 per

61 1515 126 1569 talia
138 1514 311 1568 hortamenta
332 1513 483 1580 decipiens,
498 1518 557 1566 uta
576 1515 630 1566 beo
643 1514 703 1567 vivo
724 1513 820 1569 taciem
833 1515 940 1568 animae
961 1527 1027 1568 suae
1039 1521 1174 1571 averteret
1193 1522 1220 1570 et
1232 1517 1295 1572 dae-

63 1626 162 1668 mones
174 1611 301 1666 adoraret
321 1613 450 1666 obtinuit.
466 1613 516 1675 Qui
538 1625 600 1665 cum
617 1613 784 1666 similiterut
804 1625 889 1678 nepos
908 1627 975 1667 suus
996 1614 1089 1682 refuga
1110 1614 1177 1684 legis
1198 1616 1297 1670 Christi

62 1711 175 1768 enectus
196 1716 281 1777 esset,
295 1713 384 1778 coepit
404 1712 635 1766 Antiochenorum
648 1711 777 1781 'affligere
798 1713 1035 1780 ecclesiamquac
1055 1727 1071 1767 a
1091 1714 1246 1769 christianis
1261 1714 1297 1770 de

64 1814 106 1867 bis
116 1813 220 1880 quibus
233 1812 304 1865 idola
317 1812 454 1879 quondam
467 1825 515 1865 sua
529 1812 713 1879 spoliaverant
724 1824 791 1866 auro
812 1817 840 1865 et
852 1817 965 1880 argento
986 1813 1080 1866 multis
1092 1813 1180 1868 modis
1199 1819 1296 1869 ornata

17 1910 49 1963 ld
63 1919 131 1966 erat.
144 1915 262 1978 insuper
273 1917 300 1964 et
311 1911 345 1964 ad
366 1911 558 1978 imperatorem
571 1911 686 1964 accessit
706 1917 738 1964 ut
753 1917 919 1978 potestatem
940 1913 966 1965 ei
983 1911 1147 1967 concederet
1167 1915 1296 1983 persequi

65 2012 230 2066 christianos
249 2016 275 2065 et
288 2010 457 2065 'destruere'
475 2012 604 2065 ecclosias
625 2016 707 2078 atque
718 2009 890 2078 depraedari.
905 2013 988 2077 Quam
1010 2016 1169 2078 potestatem
1182 2027 1245 2067 cum
1257 2015 1292 2068 ab
1349 2021 1435 2074 'coci

66 2125 98 2167 eo
110 2111 272 2178 accepisset,
286 2110 400 2177 perfecit
411 2109 484 2178 quod
502 2110 628 2178 volebat;
643 2123 740 2163 aurum
753 2116 781 2163 et
797 2098 940 2179 argentum
953 2112 988 2165 ab
1004 2113 1127 2166 ecclesiis
1140 2113 1210 2177 tulit,
1223 2114 1294 2166 chri·
1312 2083 1473 2140 ‘mmm

67 2213 169 2266 stianos
181 2211 276 2280 hagene
288 2210 430 2277 compulit.
444 2211 493 2275 Qui
507 2211 596 2264 locum
609 2209 706 2264 dantes
719 2211 786 2275 irae,
797 2210 965 2278 ubicumque
976 2216 1102 2278 poterant
1120 2215 1175 2266 beo
1192 2213 1294 2266 servire

67 2309 222 2365 studebant.

10 2404 44 2456 ἱ)
96 2408 127 2463 8.
142 2411 211 2463 bom
232 2410 299 2463 haec
319 2414 411 2477 ageret
429 2408 554 2462 lulianus
574 2413 602 2462 et
621 2409 769 2462 christiana
785 2409 828 2462 lex
849 2409 953 2476 ubique
973 2423 989 2463 a
1010 2411 1145 2464 ministris
1167 2413 1297 2466 sathanae

65 2508 254 2577 impediretur,
276 2509 448 2563 beatissimus
468 2507 658 2575 theodoritus,
670 2511 733 2562 lesu
754 2509 853 2562 christi
873 2509 1002 2563 sacerdos
1023 2511 1221 2572 Antiochenus.
1241 2524 1298 2565 non

67 2609 134 2663 sicut
145 2609 229 2663 ceteri
250 2608 407 2662 austeritate
426 2608 624 2674 persecutionis
643 2607 817 2663 tremelactus
840 2607 908 2677 tirgit
927 2610 956 2662 in
968 2609 1137 2665 absconditis
1153 2610 1201 2665 ubl
1215 2610 1300 2665 latere

67 2709 207 2776 potuisset,
220 2708 279 2775 sed,
292 2708 362 2761 sicut
374 2707 452 2762 miles
465 2707 605 2761 tortissimi
619 2708 801 2774 imperatoris,
815 2708 843 2760 ln
861 2715 955 2774 aperto
965 2721 1061 2776 campo
1078 2710 1220 2776 prosilivit,
1233 2715 1299 2764 tam·

67 2821 149 2875 quarn
171 2806 297 2861 diceret:
319 2807 392 2867 Oura
415 2809 461 2860 eet
484 2807 539 2874 qui
561 2806 748 2861 contradicit
770 2805 872 2861 mitit
892 2807 1011 2862 Stcmm
1033 2808 1131 2864 amul
1151 2827 1160 2865 :
1178 2809 1233 2877 qui
1253 2812 1299 2864 est

10 2897 47 2950 Β
67 2905 272 2960 edomamus
291 2886 591 2974 monocerotem
617 2917 674 2959 me.
688 2908 747 2959 lion
769 2905 842 2958 enim
863 2906 976 2958 timebat
997 2920 1106 2961 servum
1128 2908 1229 2962 diaboli
1252 2909 1298 2962 bei

68 3019 179 3072 servus;
201 3005 262 3059 ideo
284 3018 334 3059 nec
354 3005 388 3057 ab
408 3006 478 3059 urbe
500 3005 643 3059 Antiochia
673 3004 780 3074 lugiens
803 3005 869 3058 exiit
897 3018 949 3059 nec
978 3006 1121 3061 ecclesiam
1142 3007 1298 3074 dereliquit,

68 3117 129 3159 com
142 3104 233 3172 potius
245 3105 305 3159 sine
325 3105 528 3158 intermissione
549 3105 577 3157 in
598 3106 658 3171 ipsa
678 3104 791 3158 ecclesia
804 3118 866 3158 cum
880 3104 1011 3159 iratribus
1023 3107 1069 3174 qui
1083 3120 1145 3160 cum
1157 3119 1191 3160 eo
1213 3107 1240 3160 in
1252 3106 1299 3159 illa

68 3205 246 3271 temptatione
258 3208 467 3271 permanserant
479 3203 566 3258 olllcia
584 3204 689 3257 dierum
704 3210 731 3257 et
748 3204 868 3257 noctium
887 3206 941 3257 beo
954 3205 1134 3270 persolvebat.
1148 3205 1224 3269 Quod
1236 3218 1299 3260 cum

66 3304 191 3357 lolianus
204 3302 355 3357 avunculus
366 3302 467 3356 tuliani
486 3303 620 3367 caesaris,
635 3303 760 3357 minister
776 3302 904 3356 videlicet
924 3302 1103 3370 crudelitatis,
1116 3304 1298 3374 cognovisset,

10 3393 48 3448 ὓ
66 3403 123 3470 qui,
136 3403 208 3455 dcut
216 3403 274 3470 jam
285 3402 415 3468 diximus,
429 3414 445 3455 a
458 3403 576 3469 pessimo
595 3401 759 3468 imperatore
778 3401 911 3454 nefariam
924 3405 1064 3467 acceperat
1086 3407 1256 3468 potestatem,
1269 3406 1299 3455 ut

68 3500 213 3570 gratiosior
232 3505 286 3553 tam
311 3499 419 3553 caesari
439 3512 522 3567 quam
543 3501 618 3552 omni
640 3499 739 3566 palatio
767 3497 853 3565 lieret,
875 3498 1072 3565 comprehendi
1095 3500 1298 3554 sanctissimum

69 3598 263 3654 theodoritum
280 3600 367 3666 jubet.
381 3600 430 3664 Qui
448 3613 512 3653 cum
532 3601 748 3664 comprehensus
769 3598 875 3662 luisset,
888 3609 998 3652 carcere
1015 3600 1124 3653 clausus
1145 3605 1194 3652 est.
1214 3601 1245 3650 tit
1268 3606 1298 3651 ut

67 3700 205 3768 graviores
215 3699 255 3752 illi
266 3703 358 3752 essent
369 3698 498 3752 tenebrae
510 3698 627 3751 carceris
636 3704 663 3751 et
675 3697 874 3752 intolerabilius
887 3702 1063 3764 tormentum,
1082 3698 1152 3750 sicut
1163 3697 1234 3752 solet
1245 3699 1254 3717 '
1267 3698 1295 3751 in
1352 3709 1438 3762 wod,

68 3800 196 3865 obscuro,
208 3804 239 3852 ut
251 3811 349 3864 pavore
361 3811 438 3851 mens
450 3798 568 3851 hominis
579 3797 759 3863 concutiatur,
773 3798 871 3851 cotidie
883 3798 917 3851 ad
929 3799 1018 3853 lucem
1031 3798 1107 3851 illum
1120 3797 1296 3864 producebat,
1326 3774 1383 3828 ⁵⁰¹⁰
1396 3789 1464 3826 ⁰³⁵⁰·

27 3897 53 3952 ib
67 3904 97 3952 ut
109 3897 206 3951 videns
217 3912 272 3951 una
285 3898 352 3952 hora
364 3897 451 3951 lucem
466 3903 492 3950 et
505 3903 597 3964 postea
617 3902 670 3950 tota
691 3898 736 3950 die
748 3901 775 3949 et
787 3902 868 3949 nocte
890 3898 1006 3965 caligine
1020 3898 1194 3951 tenebrarum
1207 3898 1296 3964 perlu-

69 4012 125 4063 sus,
138 4000 217 4065 quasi
228 4011 291 4051 cum
303 3997 461 4050 ostendatur
473 3996 599 4050 famelico
611 3996 688 4050 cibus
707 4001 753 4049 aut
765 3996 866 4048 sitienti
889 3996 1001 4062 plenum
1014 3997 1048 4048 de
1061 3997 1162 4062 optimo
1175 3996 1238 4048 vino
1251 4002 1297 4048 aut

68 4099 160 4165 aliqua
172 4099 283 4164 potione
294 4110 340 4150 vas
352 4103 379 4150 et
392 4096 528 4150 modicum
540 4097 711 4162 permittatur
723 4102 841 4163 gustare,
854 4096 892 4147 sic
903 4103 997 4148 sancto
1011 4096 1120 4162 martyri
1133 4095 1296 4148 theodorito

68 4202 142 4252 esset
162 4198 210 4251 lux
230 4197 430 4263 desiderabilis,
444 4209 505 4249 cum
527 4210 587 4248 eam
609 4195 746 4250 modicum
765 4200 792 4247 et
804 4196 882 4261 quasi
898 4196 1065 4248 transeundo
1086 4196 1199 4258 videret,
1213 4208 1296 4261 quam

67 4297 166 4363 utique
177 4296 258 4347 sciret
270 4307 326 4347 non
338 4295 390 4347 sibi
402 4294 449 4348 diu
461 4294 675 4347 concedendam.
689 4295 720 4344 lit
738 4293 788 4345 hoc
814 4305 870 4345 non
882 4299 941 4346 erat
961 4292 1025 4345 satis
1038 4292 1112 4344 illius
1123 4291 1276 4344 crudelitati
1288 4309 1295 4357 3

10 4401 47 4455 w
64 4401 189 4450 ceterum
206 4395 321 4460 jubebat
343 4396 399 4447 suis
415 4392 590 4446 carnificibus
611 4396 641 4444 ut
660 4405 760 4457 corpus
781 4393 839 4457 ejus
859 4391 973 4444 diversis
987 4391 1099 4444 fustium
1112 4398 1139 4443 ct
1160 4392 1296 4459 virgarum

62 4495 153 4564 plagis
166 4495 356 4548 verberaretur
370 4510 377 4545 :
391 4492 464 4560 quod
478 4493 516 4544 illi
530 4492 681 4545 voluntarie
694 4497 720 4543 et
733 4504 815 4556 supra
828 4491 939 4543 modum
953 4491 1098 4544 iaciebant.

98 4596 132 4648 4.
145 4597 213 4648 curn
225 4607 289 4661 ergo
300 4594 397 4647 beatus
408 4592 587 4645 theodoritus
599 4592 635 4643 ita
647 4595 720 4643 esset
735 4602 844 4642 carcere
855 4590 965 4644 clausus
983 4597 1013 4643 ut
1031 4604 1079 4656 per
1100 4589 1173 4643 diem
1184 4591 1289 4642 crucia-
