3156 5452
378 357 470 406 amn.
489 339 572 407 nar.
591 356 707 406 ranis.
724 354 890 405 -ooon,
909 349 985 414 aeae,
1004 349 1079 401 acca.
1279 334 1339 401 101

458 578 667 691 Appendix
686 578 737 665 etl
757 577 844 665 cod.
872 574 997 663 2036.

174 796 328 868 ltnhtola
341 794 469 855 Leonis
482 808 575 866 pape
590 793 777 854 Romensis
792 795 836 852 de
852 805 1000 864 corpore
1014 789 1130 850 suncti
1144 788 1284 851 umbi.

119 972 229 1025 ludet
242 973 354 1025 nomine
375 972 418 1024 leo
439 970 584 1036 episcopus
596 969 706 1037 regibus
719 971 728 989 ⁶
741 969 898 1022 francorum
920 972 947 1019 et
962 966 1139 1019 vandalorum
1154 966 1299 1033 gothorum
1312 968 1340 1017 et

50 1080 286 1123 romanorum
309 1068 476 1120 notescimus
496 1067 573 1120 vobis
596 1066 631 1120 de
652 1067 834 1120 translacionc
854 1064 1007 1119 beatissimi
1028 1065 1116 1117 iacobi
1134 1064 1227 1118 iratrls
1250 1063 1339 1117 sancti

55 1167 220 1221 ioannis
231 1164 346 1231 apostoli
359 1170 386 1217 et
393 1166 559 1232 evangeliste
567 1169 594 1216 et
606 1177 661 1232 quo
674 1163 719 1217 dic
732 1163 905 1219 dessecatum
917 1171 960 1218 est
971 1170 1053 1231 caput
1062 1165 1123 1217 eius
1134 1164 1168 1217 ab
1181 1163 1265 1218 erode
1277 1176 1341 1231 rega

31 1276 49 1327 s
60 1265 287 1319 iherosolima
299 1270 327 1317 et
338 1265 378 1315 sic
389 1262 455 1316 inoc
468 1263 585 1316 levatum
597 1269 639 1317 est
651 1275 750 1330 corpus
762 1263 822 1316 eius
835 1264 941 1332 navigio
954 1276 1039 1317 manu
1051 1263 1154 1316 domini
1167 1264 1341 1332 gubernante

68 1364 227 1430 septima
239 1375 360 1429 namque
379 1362 423 1415 die
443 1362 581 1428 requiebit
593 1363 659 1415 ratis
671 1364 699 1414 in
713 1362 803 1416 locum
816 1375 870 1429 que
882 1361 984 1415 dicitur
993 1362 1078 1415 bisria
1090 1362 1163 1414 inter
1181 1360 1251 1415 duos
1266 1361 1341 1415 ribos

74 1475 171 1530 oue
180 1462 276 1517 cicitur
288 1462 372 1515 bisria
391 1461 469 1514 etsie
491 1459 555 1513 inde
567 1461 685 1514 levatum
706 1467 749 1515 est
761 1474 860 1527 corpus
878 1462 938 1515 eius
950 1467 1046 1515 centro
1059 1461 1125 1515 solis
1142 1463 1172 1514 in
1183 1473 1247 1514 aera
1259 1466 1287 1514 et
1298 1460 1340 1514 sui

10 1548 12 1563 '
80 1559 236 1628 oiscipnti
249 1561 341 1614 ssentlo
354 1566 381 1614 et
393 1558 592 1628 indulgentiam
604 1560 656 1614 deo
675 1561 793 1627 petendo
806 1567 833 1614 et
848 1561 1045 1629 elongaverunt
1055 1562 1113 1632 xiia
1130 1560 1205 1614 milia
1224 1565 1256 1614 ut
1276 1572 1339 1613 san-

85 1661 189 1712 ctum
199 1672 297 1726 eorpus
317 1659 377 1712 eius
397 1658 563 1711 tumulatum
576 1664 618 1711 est
638 1659 689 1711 suh
710 1660 781 1712 arcis
800 1657 991 1712 marmaricis:
1007 1658 1123 1711 Undeet
1142 1663 1199 1712 tres
1211 1656 1339 1725 discipuli

58 1756 81 1808 it
91 1767 181 1810 etun
190 1771 220 1812 eo
231 1758 260 1811 in
272 1758 371 1812 eodem
383 1759 444 1811 loco
462 1763 568 1811 sortem
580 1759 664 1811 abent
676 1757 869 1824 requiescendi
881 1758 927 1824 qui
945 1756 1037 1810 ilatum
1050 1757 1179 1824 dragonis
1190 1757 1339 1810 exstinese·

95 1862 181 1908 runt
191 1863 214 1910 et
225 1862 384 1926 argumenta
397 1856 645 1911 eiusdisrubemnt
657 1858 685 1909 in
698 1863 817 1910 montem
830 1856 879 1924 qut
888 1857 922 1910 ab
936 1855 1013 1909 initio
1023 1860 1201 1924 vogatuserat
1210 1855 1339 1909 hilicinus

98 1956 134 2000 et
149 1967 185 2007 ea
194 1963 257 2010 tunc
268 1961 381 2011 uocatus
393 1962 420 2009 et
433 1962 554 2010 montem
567 1970 647 2025 sagro
659 1958 743 2010 choro
756 1956 868 2010 nomina
880 1956 933 2023 hec
945 1961 1018 2008 sunt.
1031 1958 1194 2023 Torquatus.
1206 1954 1338 2022 'lyscions

99 2054 135 2099 et
164 2057 311 2109 anastasius
327 2056 374 2110 alii
393 2069 459 2110 vero
472 2057 545 2111 iiiior
557 2062 711 2110 remeantes
731 2054 906 2109 iherosolima
918 2056 1022 2123 regresi
1043 2059 1117 2108 sunt.
1131 2054 1180 2119 Qui
1199 2060 1227 2108 et
1245 2057 1338 2109 omnia

102 2154 264 2220 conscripta
286 2154 366 2207 nobis
386 2155 416 2206 in
436 2154 569 2208 sinodum
590 2153 763 2207 retulerunt:
785 2155 835 2207 vos
854 2153 945 2207 omnis
966 2152 1150 2206 christianitas
1170 2153 1218 2220 qui
1237 2152 1337 2206 ividem

60 2233 90 2285 ¹⁸
101 2239 291 2318 ibitispreces
302 2265 318 2305 a
329 2251 381 2306 deo
393 2250 494 2307 offerre
504 2253 568 2320 quia
580 2257 685 2306 certum
705 2257 748 2305 est
758 2252 823 2320 quia
845 2253 882 2304 ibi
896 2253 1066 2306 reconditum
1086 2257 1128 2306 est
1139 2265 1238 2318 corpus
1249 2253 1339 2306 sancti

102 2335 201 2404 ia(acilii
210 2350 325 2418 apostoli
338 2351 367 2403 in
379 2363 446 2417 paee
460 2369 467 2405 :

585 2527 875 2541 ψ

315 2767 478 2855 LXXII.
500 2765 626 2857 codex
646 2770 835 2881 signatus
856 2796 971 2858 num.
992 2770 1123 2900 Ι2042.

129 2976 210 3036 Olim
222 2983 315 3037 Fontis
334 2986 448 3037 Nostrae
467 2985 598 3039 bominac
608 2989 651 3052 (r),
664 2988 775 3052 deinde,
790 2994 820 3041 ut
841 2988 960 3055 videtur,
972 2987 1079 3055 collegii
1096 2987 1299 3042 claromontani
1311 2993 1337 3042 et

76 3054 136 3122 'rh
145 3090 267 3147 tianeus,
280 3080 381 3135 deinde
392 3082 566 3137 colbertinus
576 3088 618 3153 80,
632 3091 726 3152 postca
737 3087 836 3154 Regius
848 3088 878 3140 c.
891 3088 966 3141 5635.
980 3089 1006 3139 5.

125 3170 277 3234 Foliorum
290 3181 349 3244 iti,
363 3182 426 3247 mai.
439 3184 494 3247 (ον,
506 3184 556 3235 tib
570 3191 596 3241 ><
611 3185 690 3250 theti),
701 3185 837 3238 columnis
850 3185 933 3248 binis,
946 3191 1072 3239 exaratus
1086 3198 1156 3238 saec.
1171 3187 1238 3238 ltili.

202 3279 240 3354 1⁰
276 3277 394 3356 Liber
422 3279 541 3358 Mileti
573 3282 747 3382 episcopi
779 3281 982 3380 sardensis
1016 3281 1066 3359 de
1099 3284 1264 3361 transitu
1299 3293 1337 3360 et

255 3403 529 3504 assumptione
547 3404 683 3483 beatae
700 3406 840 3483 Mariae
856 3407 1019 3507 virginis
1036 3406 1112 3503 (iol.
1134 3405 1301 3501 88⁹·89').

122 3526 580 3601 nunonemnnrsnco.
1014 3539 1019 3550 ’

202 3632 241 3710 2⁰
261 3633 367 3710 Visio
386 3632 582 3713 Elisabeth
609 3636 772 3714 ancillae
791 3638 946 3715 Domini
974 3636 1024 3715 de
1050 3638 1333 3716 resurrectione

250 3754 386 3834 beatae
403 3757 543 3835 Mariae
561 3759 696 3837 matris
714 3759 856 3838 Christi
875 3760 955 3850 (iol.
976 3759 1065 3849 89⁹).

132 3884 191 3938 Rei.
201 3887 228 3941 ln
244 3901 330 3956 opere
350 3891 482 3957 inscripto
506 3892 624 3959 Corpus
635 3893 864 3946 revelationum
875 3893 925 3946 SS.
939 3893 1103 3961 Birpiticc
1117 3894 1331 3962 Hildeoarclis,

104 3975 301 4041 mustellae
311 3989 460 4052 (coloniae.
474 3991 556 4057 teau),
569 4005 596 4057 p.
609 3992 693 4044 both.
732 4046 736 4053 ,
755 4011 757 4015 ·

204 4084 242 4162 3⁰
259 4087 346 4163 Vita
364 4088 485 4166 sancti
505 4087 690 4166 Bernardi
711 4087 955 4169 claraevallis
968 4090 1122 4169 abbatis
1135 4102 1173 4169 et
1190 4057 1330 4192 optimi

253 4209 427 4289 doctoris
446 4211 525 4301 (fol.
549 4211 762 4300 103¹-lcss‘l.

127 4327 180 4383 Εὐ·
192 4340 257 4396 act.
270 4343 328 4408 ss,
341 4343 374 4396 ao
388 4342 415 4395 u.
425 4345 458 4396 so
469 4345 546 4412 hug„
560 4349 627 4398 tom
641 4346 683 4409 tv,
693 4339 723 4410 p.
737 4344 850 4397 ase-sar
862 4346 901 4407 (n.
915 4348 983 4410 aro).

126 4487 166 4553 (ί)
176 4496 215 4556 Ut
226 4513 330 4559 constat
341 4521 375 4559 er
389 4512 452 4561 nota
464 4508 594 4574 inscripta
604 4508 651 4563 iol.
666 4513 692 4562 lr
704 4521 787 4562 manu
800 4511 902 4563 saeculi
916 4513 969 4564 illi
983 4528 989 4564 :
1003 4512 1062 4565 Iste
1075 4512 1155 4565 liber
1167 4515 1213 4566 est
1225 4513 1332 4569 Fontis

101 4571 206 4634 ”mre
228 4588 353 4642 Domine
371 4589 406 4640 in
432 4589 674 4643 vulcominis
694 4592 816 4646 corius.
828 4592 928 4646 Scene.
942 4593 1028 4659 dyoe.
1052 4594 1092 4646 Μ.
1106 4595 1143 4647 Η.
1160 4596 1330 4650 ceterarctr'.

1356 965 1438 1013 'voc
1455 959 1521 1021 fere

1381 1026 1490 1079 deleta.
