3136 5482
280 342 348 409 240
625 358 753 408 curan.
773 358 875 408 cono.
894 356 1067 408 sacroue.
1087 356 1166 406 aar.
1198 371 1204 382 ·

615 578 822 690 Appendix
852 579 902 666 ad
932 577 1015 667 cod.
1051 576 1173 666 3778.

363 811 439 857 vrrs
463 811 492 859 s.
512 811 633 872 uuum,
653 812 806 861 auoroas
827 812 966 861 runcoro
991 791 1073 881 (Cir.
1093 811 1204 876 supra,
1223 810 1257 876 p.
1275 789 1361 869 239,
1382 789 1446 873 3⁰).

804 979 992 1047 [Prolatus-l

458 1149 484 1198 1.
521 1148 554 1199 Ut
565 1159 638 1209 reor,
651 1149 789 1199 extremos
802 1146 823 1198 si
837 1145 920 1198 terret
931 1145 1009 1211 spina
1022 1156 1153 1208 racemos,

481 1248 507 1298 si
521 1246 613 1298 tribuli
627 1244 704 1312 licus,
718 1245 892 1311 opobalsama
906 1245 929 1297 si
942 1243 1095 1310 caprificus,

482 1346 572 1398 Thura
584 1346 627 1399 vel
641 1347 744 1399 urticae
757 1346 800 1398 vel
811 1345 912 1399 sudent
924 1345 1006 1398 mella
1019 1346 1145 1412 myricae,

481 1447 594 1511 Noxque
607 1445 665 1497 dies
677 1444 764 1508 beret,
778 1451 839 1511 post
851 1445 918 1498 haec
929 1425 1043 1511 sperare*
1051 1444 1145 1497 liceret

480 1542 587 1596 Laudes
596 1544 732 1608 justorum
746 1543 880 1609 proferret
893 1543 985 1611 lingua
998 1555 1107 1597 reorum
1118 1559 1126 1608 ;
1173 1606 1177 1613 Ι
1239 1600 1243 1605 ,

483 1641 515 1692 Ut
527 1642 536 1660 ·
550 1645 644 1705 reputo
657 1652 774 1704 mecum,
788 1641 809 1692 si
822 1653 877 1707 quo
890 1641 1070 1694 medicamine
1082 1652 1212 1708 gmecum

481 1739 521 1790 Sit
532 1738 573 1792 ias
585 1738 714 1791 athletam
730 1743 821 1791 vatum
833 1752 961 1793 revocare
973 1745 1090 1806 poetam,

484 1838 609 1905 Orpheus
620 1843 701 1904 atque
715 1839 808 1904 Linus,
823 1839 907 1906 magis
924 1839 970 1892 ille
981 1846 1061 1906 poeta
1072 1837 1184 1901 latinus,

486 1939 544 1990 Sint
559 1937 635 2002 prius
648 1943 677 1990 ut
689 1938 740 1990 vivi
754 1938 796 1991 vel
809 1951 883 1992 nuno
895 1938 993 1992 tierent
1004 1938 1125 2003 rediviui¹

483 2039 538 2105 lix,
552 2039 695 2091 duillelme
708 2043 716 2059 ·
728 2040 762 2103 (l)
775 2045 861 2106 pater,
874 2039 922 2092 sed
934 2039 990 2092 Odo
1001 2040 1036 2103 (Ξ)
1048 2039 1190 2092 carissime
1203 2038 1302 2102 irater,

484 2141 523 2190 Tu
536 2152 656 2205 quoque,
669 2139 780 2190 Gunteri
792 2140 837 2203 (3),
851 2138 940 2191 iratris
950 2152 1018 2206 gens
1030 2140 1111 2192 unica
1123 2138 1192 2203 ueri,
1235 2170 1241 2185 ·

482 2241 556 2291 Esset
568 2237 736 2294 credendum
749 2237 822 2304 quod
835 2252 905 2291 onus
918 2239 953 2290 sit
964 2239 999 2292 ab
1010 2252 1059 2292 ore
1070 2238 1223 2308 gerendum

477 2336 553 2400 Quod
566 2338 647 2390 vultis
660 2337 744 2389 menti
758 2338 871 2390 minimo
884 2339 934 2390 suh
946 2338 1019 2392 iasce
1030 2339 1148 2407 gementi

479 2436 641 2489 posthabitis
655 2435 747 2488 multis
760 2436 902 2501 imponere
913 2437 1035 2490 carmine
1047 2436 1135 2491 cultis.

476 2539 526 2602 lle,
540 2547 615 2600 rogo,
629 2534 744 2587 credatis
758 2536 848 2588 minus
860 2549 920 2588 esse
932 2537 1006 2602 quod
1017 2550 1077 2590 esse
1089 2538 1207 2603 putatis;

476 2638 506 2687 lit
519 2636 589 2687 bene
602 2636 623 2687 si
636 2636 746 2701 scirem,
759 2639 798 2688 tot
807 2636 895 2702 iurgia
909 2635 980 2688 ferre
993 2637 1145 2702 nequirem.

310 2806 344 2866 (lp
362 2800 470 2852 h'ullum
484 2800 564 2864 hujus
578 2796 697 2850 nominis
708 2798 833 2851 abbatem
853 2799 943 2852 sancti
965 2800 1049 2851 hauri
1070 2802 1238 2854 fossatensis
1258 2814 1451 2859 memoratum
1469 2817 1525 2870 rep

280 2883 400 2949 perimus
413 2882 522 2933 saeculo
536 2883 577 2944 ill,
591 2893 645 2946 uuo
660 2880 751 2932 iioruit
773 2880 897 2933 Fulcoius
908 2898 916 2946 ;
929 2882 978 2934 sed
999 2881 1195 2936 advertendum
1209 2889 1254 2937 est
1272 2888 1382 2941 seriem
1395 2887 1525 2941 abbatum

280 2966 479 3019 fossatensium
492 2964 565 3015 illius
579 2965 707 3029 temporis
717 2977 771 3017 non
783 2965 847 3016 satis
860 2965 992 3031 integram
1004 2971 1169 3032 comperiam
1184 2980 1256 3033 esse,
1265 2976 1294 3023 et
1306 2970 1384 3025 torte
1394 2973 1526 3025 Gulielmo

279 3050 367 3102 locum
385 3049 525 3115 assignare
536 3049 577 3099 ias
589 3053 662 3098 esset
674 3049 745 3099 inter
758 3047 880 3100 Odonem
894 3050 916 3100 ll
932 3054 959 3101 et
971 3050 1130 3102 Gunterium
1144 3049 1187 3102 vel
1200 3056 1265 3116 post
1279 3053 1454 3108 landricum
1467 3056 1525 3119 (cir.

282 3130 365 3183 Gall.
383 3129 503 3193 Christ„
515 3135 581 3181 tom.
592 3132 644 3192 Vll,
656 3143 681 3193 p.
696 3129 763 3193 abl).
775 3132 852 3181 Forte
866 3131 946 3181 etiam
959 3131 1058 3196 aliquis
1069 3132 1217 3197 conjecerit
1230 3134 1277 3186 hic
1290 3136 1416 3190 indicari
1428 3137 1525 3191 Guliel-

279 3227 353 3265 mum
367 3213 442 3263 illum
456 3213 502 3277 qui
525 3212 601 3264 titulo
620 3213 719 3263 Prioris
740 3213 890 3276 praefuisse
903 3213 1000 3279 legitur
1017 3214 1131 3281 antiquo
1148 3214 1287 3269 coenobio
1300 3218 1524 3274 Glannaioliensi

277 3299 333 3361 (op.
347 3296 403 3352 cit..
418 3300 482 3346 tom.
496 3296 558 3359 llll',
570 3309 595 3358 p.
609 3296 658 3345 ti88
670 3296 705 3359 b),
720 3307 836 3360 eamque
850 3297 1035 3359 conjecturam
1053 3296 1118 3348 inde
1131 3297 1249 3350 manime
1261 3299 1433 3354 eonllrmari
1453 3310 1525 3368 puta·

280 3379 312 3430 rit
325 3377 397 3444 quod
411 3378 439 3428 in
452 3376 546 3430 codice
558 3378 618 3428 bar.
631 3378 706 3437 bati,
721 3378 770 3428 hoc
790 3376 849 3428 loco
872 3383 898 3428 et
919 3378 946 3428 in
969 3376 1023 3429 line
1043 3380 1124 3430 totius
1145 3378 1309 3434 documenti
1323 3382 1415 3450 (sicut
1432 3390 1459 3438 et
1477 3387 1525 3437 boe

280 3461 422 3526 posteriori
436 3460 494 3511 loeo
507 3460 535 3509 in
548 3459 640 3511 codice
655 3459 855 3522 bellovacensi),
869 3472 918 3524 pro
932 3461 1042 3512 nomine
1056 3460 1181 3513 Gulielmi
1191 3462 1380 3519 substitutum
1393 3469 1525 3534 reperitur

289 3545 496 3606 il'ulerunue,·
519 3556 600 3608 porro
621 3542 779 3593 ll'aleranus
803 3543 965 3594 coenobium
987 3544 1205 3597 Glannaloliense
1223 3548 1339 3602 abbatis
1365 3552 1424 3616 jam
1451 3552 1524 3604 titulo

280 3627 388 3694 regebat
401 3631 520 3677 extremo
542 3625 648 3676 sacculo
669 3627 700 3675 xl
722 3624 810 3690 (ibid,
824 3640 850 3690 p.
867 3625 973 3689 ditium
988 3624 1061 3677 unde
1082 3626 1212 3680 credibile
1235 3629 1272 3681 sit
1284 3644 1405 3687 carmen
1426 3635 1522 3688 Fulcoii

281 3710 405 3775 primitus
417 3708 535 3760 dicatum
548 3708 631 3759 luisse
644 3707 777 3758 Gulielmo
791 3709 872 3772 priori
886 3708 1110 3777 diannaioliensi,
1121 3711 1199 3775 cujus
1212 3723 1322 3766 nomen
1335 3717 1454 3769 retinuit
1466 3718 1521 3770 cod.

278 3794 353 3847 biiii,
368 3792 475 3843 saeculo
488 3792 519 3841 xl
534 3795 667 3849 exaratus,
681 3789 728 3841 sed
742 3791 788 3855 qui
801 3790 869 3842 alios
882 3789 951 3842 duos
964 3791 1071 3843 codices
1085 3790 1199 3844 ineunte
1211 3795 1332 3849 saeculo
1345 3800 1393 3851 xii
1406 3799 1523 3864 descrip-

281 3887 340 3926 sere
353 3874 478 3925 librarios
490 3872 662 3924 substituisse
676 3885 775 3923 nomen
790 3872 924 3924 walerani
937 3873 1052 3924 abbatis.
1066 3874 1117 3926 Sed
1136 3879 1163 3927 et
1182 3877 1343 3931 Fussalensi
1359 3882 1522 3934 monasterio

280 3957 404 4009 abbatem
419 3955 565 4019 praefuisse
579 3953 750 4006 waleranum
763 3953 901 4019 quendam
914 3956 992 4007 aiunt
1005 3956 1127 4008 breulius
1139 3963 1166 4010 et
1178 3959 1390 4014 sammarthani
1402 3963 1521 4031 (op.cit..

280 4046 345 4091 tom.
359 4040 412 4092 i'll.
426 4052 452 4103 p.
465 4039 511 4089 eat
525 4038 559 4100 s),
573 4037 694 4088 lontibus
707 4036 817 4103 quidem
830 4037 938 4103 ignotis.
952 4039 1094 4091 Praeterea
1113 4040 1142 4090 in
1160 4040 1260 4093 eodem
1275 4046 1454 4098 monasterio
1465 4047 1522 4097 loe

279 4122 378 4174 satensi
392 4120 525 4186 degebant
537 4126 600 4171 ante
620 4118 739 4170 modium
761 4120 899 4170 saeculum
919 4121 951 4171 xl
973 4120 1029 4172 0do
1047 4126 1076 4173 et
1094 4123 1254 4189 Gunterius,
1267 4138 1395 4191 quorum
1414 4128 1523 4181 nomina

280 4217 342 4256 mox
362 4208 523 4268 sequuntur.
542 4229 575 4238 -
592 4201 627 4266 (i)
647 4203 756 4252 Praeter
772 4199 893 4253 odonem
906 4204 938 4266 ll,
958 4202 1084 4255 abbatem
1097 4204 1124 4255 S.
1138 4205 1223 4256 hlaurl
1247 4206 1430 4262 Fossatensis
1453 4222 1522 4263 anno

283 4287 355 4345 tosa,
369 4291 450 4337 notus
460 4290 501 4335 est
512 4283 581 4335 alius
594 4281 661 4347 odo,
682 4282 803 4347 ejusdem
825 4284 951 4336 coenobii
965 4286 1125 4351 monachus,
1138 4286 1186 4352 qui
1199 4286 1273 4340 circa
1289 4289 1420 4345 medium
1433 4305 1522 4346 saecu·

280 4368 336 4420 lum
354 4370 386 4419 ill
398 4366 557 4431 conscripsit
571 4366 654 4416 l'itam
675 4364 820 4416 burchardi
839 4367 947 4418 comitis
966 4368 1150 4423 corboliensis
1170 4368 1254 4433 paulo
1275 4369 1403 4427 interius
1424 4375 1455 4428 in
1476 4375 1522 4427 boc

280 4449 373 4502 codice
390 4448 563 4511 descriptam.
586 4474 619 4484 -
640 4446 676 4513 (5)
694 4447 840 4498 Gunterius
857 4447 968 4512 quidam
983 4449 1067 4502 abbas
1086 4448 1258 4503 Fossatensis
1280 4461 1348 4508 erat
1367 4468 1445 4510 anno
1464 4457 1524 4510 tole

281 4530 376 4596 (Gall.
390 4528 511 4595 Christ„
525 4536 591 4581 tom.
606 4530 658 4587 vti,
673 4542 698 4593 p.
711 4530 757 4580 sat
773 4527 807 4594 c).
821 4528 890 4592 Quid
902 4536 994 4582 autem
1009 4531 1062 4584 sibi
1074 4531 1158 4584 velint
1171 4531 1256 4585 verba
1267 4546 1348 4602 quae
1360 4544 1524 4607 sequumur.

282 4610 396 4679 fratris
406 4623 481 4678 pena
493 4611 589 4663 unica
601 4610 677 4676 veri,
691 4610 807 4662 latemur
820 4610 899 4662 nobis
913 4624 968 4664 non
982 4624 1041 4665 esse
1054 4618 1239 4677 perspectum.
