3136 5482
223 303 809 357 stan.uar.1>an1s.-cou.uac.
1005 271 1007 277 ’
1078 289 1145 356 379

138 488 165 527 es
179 480 271 528 autem
289 476 350 541 ejus
370 475 464 543 gratia,
484 475 636 528 secundum
655 460 808 528 iohannem
826 473 1022 543 evangelistam
1040 474 1145 541 primus

139 590 157 627 u
170 576 274 628 cbristo
288 576 402 628 Domino
416 581 508 628 nostro
522 575 633 639 electus,
654 575 805 628 secuudum
823 587 887 628 vero
905 576 1065 628 Matthaeum
1080 578 1145 629 llar-

138 674 194 727 lus.
206 676 254 727 liic
266 680 339 728 sorte
351 674 563 741 praedicationis
581 675 751 742 aquilonales
768 675 903 741 nationes,
921 675 1042 742 Scythias
1060 676 1145 728 Picto·

138 787 188 826 imo
209 774 321 826 bebaias
344 775 485 841 ipsamque
505 773 641 827 civitatem
661 773 772 826 nornine
793 777 885 826 Patras
907 774 1021 839 accepit,
1045 774 1074 826 in
1092 787 1145 841 qua

138 886 244 939 rpensus
257 880 299 925 est
311 885 328 924 11
350 874 527 926 kalendarum
541 873 739 934 decembrium,
752 873 845 939 ibique
860 873 997 939 occubuit,
1012 873 1080 926 etin
1093 887 1146 941 qua

138 984 197 1024 ossa
207 972 280 1024 illius
292 985 380 1039 usque
393 973 426 1024 ad
441 978 548 1039 tempus
557 973 726 1025 Constantini
736 971 833 1039 llagui,
844 971 891 1023 filii
907 972 1035 1037 Helenae,
1046 970 1147 1026 attilio·

140 1076 149 1122 t
160 1072 330 1125 Constantini
343 1086 406 1125 cum
419 1075 576 1136 Constante,
588 1072 666 1139 quasi
684 1071 770 1138 spatio
788 1071 886 1124 cclxx.
903 1071 986 1123 trium
998 1084 1145 1125 annorum.

138 1185 181 1238 mo
202 1173 538 1239 aconstantinopolitanis
560 1174 629 1226 miro
645 1171 911 1238 favosoque'ductu
932 1172 996 1225 inde
1018 1177 1143 1240 suscepta
1205 1175 1214 1194 ·
1251 1173 1257 1185 '

150 1274 214 1321 sunt
226 1271 501 1337 Constantinopolim,
527 1276 553 1324 et
570 1284 631 1323 cum
651 1282 749 1337 magua
767 1269 852 1338 gloria
870 1273 896 1321 et
914 1269 1032 1322 maximo
1044 1269 1147 1323 bonore

143 1374 168 1421 ta
180 1375 245 1421 sunt
257 1374 284 1422 et
293 1376 453 1423 manserunt
466 1384 575 1436 semper
588 1382 675 1435 usque
688 1369 722 1422 ad
740 1374 848 1434 tempus
863 1367 1056 1421 'theodotionis
1077 1368 1147 1423 cbri-

138 1469 191 1533 ›ris,
205 1469 292 1534 spatio
304 1470 408 1522 scilicet
420 1483 473 1522 cx.
487 1483 633 1522 annorum.

149 1568 241 1621 divino
255 1569 385 1622 instinctu
398 1582 444 1629 rex
457 1570 603 1633 Pictorum,
617 1568 730 1622 nomine
741 1572 841 1637 lingas,
852 1567 1070 1636 illiusllurginst‚
1083 1581 1146 1621 cum

138 1680 339 1735 sconsurgeus,
353 1670 520 1721 Britannicas
540 1670 665 1722 nationes
686 1669 825 1722 dexteram
845 1668 927 1735 bajus
947 1667 1054 1721 insulae
1071 1668 1145 1720 babi-

139 1766 207 1820 sima
219 1769 368 1821 vastatione
381 1768 557 1835 interficiens,
571 1774 709 1835 postremo
728 1769 852 1835 pervenit
869 1780 956 1834 usque
973 1766 1007 1820 ad
1019 1780 1145 1833 campum

138 1868 218 1918 navit.
239 1870 275 1920 llo
295 1872 417 1934 tempore
437 1882 532 1921 omncs
552 1881 641 1934 paene
661 1868 744 1921 totius
766 1867 872 1921 insulae
885 1872 980 1934 gentes
992 1867 1144 1920 unanimo·
1206 1868 1215 1888 ‘
1251 1866 1282 1921 ’.

140 1980 168 2018 es
181 1966 424 2020 circumdederunt
447 1982 519 2036 eum,
538 1969 661 2022 volentes
677 1981 740 2021 eum
759 1980 821 2020 eum
842 1967 962 2020 exercitu
975 1979 1025 2019 suo
1037 1966 1147 2032 penitus

138 2071 224 2117 autem
237 2066 281 2119 ‹lie
294 2068 383 2119 evenit
395 2067 452 2133 regi
466 2068 604 2133 praedicto
616 2080 678 2120 cum
692 2070 798 2132 septem
813 2064 958 2118 comitibus
975 2065 1147 2117 amicissimis

138 2165 310 2218 :ircumlulsit
322 2179 369 2219 eos
383 2166 474 2219 divina
495 2168 550 2231 lux,
564 2172 591 2219 et
609 2166 689 2232 proni
711 2166 739 2218 in
761 2165 843 2218 iacies
861 2178 933 2230 suas,
951 2177 1006 2217 non
1024 2163 1147 2217 valentes

150 2263 309 2318 ceciderunt
330 2266 357 2317 in
380 2270 490 2317 terram.
504 2267 536 2317 Et
549 2278 612 2318 ecce
625 2278 675 2318 vox
696 2265 730 2317 de
742 2265 818 2317 caelo
838 2263 931 2316 audita
952 2265 1012 2315 est:
1034 2262 1145 2330 Urceus,

143 2377 191 2416 ane
206 2366 382 2432 apostolum
405 2364 529 2428 Cltristi,
548 2365 705 2418 Aatdrcam
725 2364 859 2431 contine,
876 2363 931 2430 qai
947 2362 1146 2415 miserescunt

138 2464 244 2516 mum
256 2467 349 2531 atque
360 2464 609 2518 custodiendum.
624 2465 682 2517 Sed
693 2463 899 2531 cecesiacum
911 2461 1015 2517 crocis
1031 2460 1147 2516 Christi

148 2575 222 2617 aere
239 2567 332 2631 atque
347 2565 518 2631 praecedat
538 2566 649 2617 contre
667 2563 810 2617 inimicos
832 2565 909 2617 tuos.
931 2561 1147 2615 Verumtamen

138 2665 202 2715 'tem
215 2661 399 2716 hereditatis
418 2666 490 2716 ittae
501 2666 627 2730 partem
639 2665 675 2715 ot
689 2665 696 2682 ·
709 2664 918 2729 eleemoynam
934 2662 995 2714 Deo
1012 2659 1146 2728 omnipo·
1175 2663 1263 2718 ‘cod
1276 2666 1313 2716 et.

138 2773 211 2813 nore
222 2761 326 2815 sancti
337 2762 482 2815 Arzdrece
493 2763 501 2780 ·
514 2763 581 2828 ejus
594 2761 680 2828 offer.
700 2762 788 2814 Tertia
805 2766 895 2814 autem
914 2761 958 2813 die
975 2758 1068 2813 divina
1080 2771 1146 2812 voce
1159 2765 1214 2828 ⁴(S.
1225 2762 1267 2826 Α.)
1276 2762 1342 2817 cod.

138 2874 173 2910 rm
184 2861 333 2912 exercitum
345 2861 372 2911 in
383 2861 417 2926 xij
429 2867 531 2913 turmas
541 2860 632 2914 divisit
641 2862 660 2924 ¹,
670 2868 697 2914 et
709 2862 816 2929 signum
826 2860 915 2912 crucis
923 2871 1146 2926 unamquamque
1160 2830 1324 2950 “¹⁶3⁸zgg¹⁸⁰'

138 2959 231 3024 lebat;
245 2959 291 3012 lux
303 2965 393 3013 autem
406 2960 498 3012 divina
511 2962 728 3027 uniuscujusque
740 2961 809 3027 signi
828 2960 915 3025 capite
928 2959 1056 3026 fulgebat.
1069 2960 1144 3011 Tunc
1190 2932 1300 3014 dimisit.

138 3062 183 3110 ico
197 3060 377 3124 omnipotenti
389 3065 470 3126 atque
484 3065 577 3114 sancto
590 3061 714 3113 Andreae
727 3059 851 3126 apostolo
863 3059 962 3126 gratias
975 3065 1097 3126 egerunt.

139 3162 213 3209 utem
225 3159 367 3210 venientes
380 3158 533 3211 incolumes
544 3159 562 3225 ',
577 3159 711 3212 decimam
724 3171 790 3211 suae
804 3157 963 3210 hereditatis
974 3163 1077 3223 partem
1091 3160 1145 3210 lieo
1171 3225 1176 3236 Ι
1200 3159 1287 3236 ‘cod

138 3270 181 3308 eae
194 3258 317 3321 apostolo
330 3259 478 3310 venerabili
493 3258 616 3311 volentes
638 3256 745 3321 offerre,
768 3256 909 3323 implendo
926 3256 1001 3322 quod
1013 3257 1144 3321 scriptum
1170 3225 1321 3279 ¹⁰⁰⁰¹¹¹¹¹⁰⁵⁸

138 3368 280 3420 acconam
293 3358 322 3407 ct
331 3356 438 3408 ornatio
452 3357 571 3409 muodo
586 3359 661 3409 secut
674 3356 766 3422 cobis,
784 3357 919 3408 incertum
930 3367 995 3407 vcro
1005 3354 1144 3407 trabebant

140 3454 243 3506 cialiter
261 3455 421 3522 vectigalem
441 3458 506 3517 ileo,
526 3456 706 3521 principalem
729 3455 865 3507 civilatem
889 3457 982 3507 sancto
995 3453 1143 3506 Andreae·
1199 3457 1286 3511 'cod

138 3558 213 3605 ¹rent.
232 3556 307 3605 Tunc
320 3536 387 3606 inito
410 3555 534 3617 consilio,
555 3555 637 3619 binis,
652 3556 739 3622 trinis,
763 3552 955 3620 quatriduanis
967 3552 1064 3606 diebus
1074 3553 1142 3619 jeju·
1185 3522 1300 3576 mmm·

139 3653 161 3704 ei
184 3654 379 3718 omnipotentis
400 3653 616 3706 misericordiam
638 3640 816 3719 postulantes,
840 3666 913 3706 unus
933 3653 1143 3706 custodientium

138 3751 245 3805 ,ndreae
257 3753 371 3818 apostoli
395 3753 630 3820 Constantinopoli
649 3754 753 3806 visione
765 3753 857 3805 divina
872 3758 900 3805 el
912 3752 1077 3805 revelatione
1091 3765 1145 3805 am·

138 3852 285 3903 instructus
298 3858 338 3905 est
350 3854 457 3905 dicente
472 3870 478 3906 :
493 3853 554 3906 Exi
568 3854 605 3906 dc
618 3855 704 3906 terra
718 3855 773 3905 tuo
786 3854 815 3905 et
832 3853 871 3905 de
886 3851 1070 3919 obductione
1088 3854 1143 3905 itta

138 3951 213 4002 uiris
234 3952 289 4017 tui,
312 3955 341 4005 ct
363 3953 442 4004 eade
461 3953 495 4004 in
516 3956 636 4005 terram
650 3966 745 4019 quam
763 3954 976 4005 monstravero
990 3950 1054 4004 tibi.
1068 3955 1143 4004 Tunc

138 4052 254 4103 imitante
266 4057 346 4117 atque
359 4053 430 4104 riam
444 4053 519 4104 illius
532 4052 703 4105 custodiente
725 4066 854 4118 prospere
872 4052 996 4118 pervenit
1013 4051 1047 4104 ad
1059 4051 1143 4103 verti-

138 4151 180 4209 ris.
195 4149 222 4200 id
235 4156 276 4202 est
290 4151 415 4218 lliqinucl.
431 4152 529 4204 Eadem
543 4160 633 4204 autem
648 4153 713 4205 bora
727 4165 780 4219 qua
794 4152 849 4203 illic
862 4151 949 4204 lassus
962 4150 1070 4204 sederet
1079 4163 1142 4202 cum

138 4249 256 4312 mitibus,
270 4250 316 4302 lux
338 4251 517 4303 circumfulsit
529 4252 620 4303 divina
640 4264 731 4319 regem
753 4252 888 4304 Pictorum
906 4251 1062 4302 venientem
1081 4264 1143 4304 cum

138 4350 143 4400 l
157 4351 303 4415 specialem
316 4352 405 4403 locum
420 4353 466 4417 qui
479 4354 486 4369 ·
500 4352 600 4405 dicitur
614 4357 758 4415 llartenau,
772 4358 799 4403 et
810 4351 958 4403 claritatem
976 4363 1032 4403 non
1053 4351 1143 4403 leren-
1155 4347 1163 4365 '
1175 4347 1240 4400 cod.
1250 4360 1330 4414 quac.

146 4448 173 4498 in
196 4448 277 4501 facies
296 4463 376 4515 suas;
390 4456 417 4502 et
438 4452 524 4502 sanati
543 4457 607 4503 sunt
627 4450 760 4504 claudici
781 4448 854 4503 caeci
868 4462 983 4502 numero
997 4454 1101 4515 septam
1114 4453 1140 4502 et

138 4559 158 4598 e
171 4559 268 4599 caecus
280 4547 450 4602 illuminatus
463 4552 551 4602 ostili
562 4549 627 4603 inde
645 4549 711 4603 vidit
721 4550 739 4568 ··
752 4550 842 4603 locum
855 4548 967 4614 plenum
980 4547 1136 4601 visitatione
1151 4612 1169 4634 ..
1180 4544 1320 4669 &aaziastifft

1240 4650 1246 4666 .
1300 4627 1329 4664 1.
