3136 5482
184 330 248 397 186
524 348 648 401 carru.
668 350 770 400 ooon.
789 350 963 402 naoroon.
982 348 1062 401 uer.

25 520 92 582 [bro.
104 522 144 585 u]
380 521 493 572 Necnon
507 519 676 584 praecellens
687 517 773 572 animi
786 519 937 573 constantia
949 519 1026 584 clari,

380 621 412 671 lit
425 619 508 672 robur
519 621 620 673 meniis
631 620 713 672 simul
725 624 753 671 et
762 620 892 687 patientia
905 620 993 679 sortis,

376 719 504 770 Primitus
517 718 649 783 infirmos,
663 718 727 771 lidei
740 723 805 772 tuno
818 703 915 772 robore
928 718 1021 773 firmos

375 819 428 870 llos
441 817 568 883 reddens,
582 824 707 871 sanctum
719 817 802 871 dabat
815 818 868 870 illis
880 819 983 884 optime
995 819 1093 871 zelum.

376 919 407 969 ut
419 931 534 971 numero
547 922 664 985 quantos
676 918 799 971 dicemus
811 920 922 971 confore
934 917 1042 972 clausos

374 996 440 1068 Cum
453 1030 538 1082 puero
550 1018 644 1082 eprico
657 1016 739 1071 simul
752 1024 779 1070 et
791 1031 852 1069 ctum
866 1021 952 1070 rnatre
964 1018 1066 1070 lulitta.

371 1116 498 1170 aemulor
510 1117 614 1184 antiqui
628 1118 728 1170 seriem
741 1118 808 1170 baec
821 1116 974 1171 reroeando
987 1117 1083 1170 libelli.

371 1216 626 1284 quadringentenos
637 1223 734 1285 quater
745 1217 873 1270 undenos
885 1217 975 1283 simul,
989 1217 1088 1285 inquii,

371 1316 434 1368 lstis
445 1329 508 1367 cunr
520 1315 621 1368 sanetis
634 1315 787 1369 retinebant
798 1316 907 1368 vincula
920 1314 1042 1377 claustri,

370 1417 442 1477 Quos
454 1426 548 1467 secum
560 1412 622 1466 lidei
636 1413 749 1480 cupiunt
761 1417 920 1467 convertere
932 1413 1041 1466 cbristi.

371 1518 443 1578 Quae
456 1514 577 1567 lacerant
591 1518 696 1567 mentes
708 1514 836 1567 vitiorum
848 1518 972 1567 sternere
983 1516 1077 1565 sentes

372 1616 426 1667 llos
437 1613 611 1667 exhortantes
623 1612 843 1681 documentaque
855 1613 973 1679 plurima
985 1611 1093 1675 dantes,

371 1712 450 1765 verbi
463 1710 592 1765 sementis
605 1711 705 1778 qulbus
718 1712 823 1765 obtinet
840 1711 931 1765 abdita
945 1710 1056 1776 mentis,

373 1811 574 1864 altestabantur
585 1811 702 1864 nibilum
721 1811 779 1864 fore
791 1813 902 1879 segnius
913 1823 1044 1879 umquam

373 1915 426 1964 Nec
438 1911 515 1978 pejus
527 1910 624 1963 Christi
638 1924 720 1978 quarn
734 1923 834 1964 nornen
847 1923 903 1964 non
917 1913 1059 1966 venerari:

375 2014 429 2064 lloc
441 2015 482 2063 est
494 2022 558 2062 nam
571 2011 659 2064 solum
672 2023 727 2078 quo
742 2016 794 2064 stat
805 2025 893 2078 genus
904 2024 986 2064 ornne
997 2012 1175 2081 redemptum

375 2115 538 2177 llumanum,
553 2111 624 2177 dieo,
639 2113 739 2177 pariter
750 2112 870 2165 solvatur
881 2114 909 2164 in
922 2114 992 2180 ipso.

277 2215 381 2265 xlm.
417 2212 489 2263 llaec
500 2210 727 2265 documentorum
739 2212 782 2277 pia
795 2213 939 2279 margarita
952 2223 1093 2266 sacrorum

373 2315 432 2366 Non
445 2312 506 2364 data
519 2318 584 2365 sunt
595 2314 700 2375 suibus,
713 2314 788 2367 velut
799 2314 868 2367 baec
881 2328 931 2380 per
941 2315 1025 2368 verba
1036 2315 1201 2379 probamus.

375 2415 444 2465 lstos
457 2412 589 2478 exemplis
601 2418 629 2466 et
641 2413 733 2465 multis
746 2420 806 2480 post
818 2414 990 2467 documentis

377 2516 522 2579 Postquam
535 2526 645 2567 veraces
658 2518 804 2567 senserunt
815 2526 879 2568 vera
891 2514 1047 2581 loquentes,

376 2615 465 2666 Gratia
477 2612 603 2667 caelestis
617 2612 678 2667 iidei
691 2614 796 2668 donum
808 2619 885 2680 paral
896 2614 971 2680 ipsis,

375 2717 432 2778 Qua
445 2713 505 2767 sine
518 2714 556 2766 nil
569 2715 636 2766 recti
652 2714 755 2767 mundo
769 2715 831 2781 quis
844 2714 873 2766 in
886 2716 937 2768 boc
949 2716 1057 2780 operari

376 2813 517 2865 Praevalet
528 2825 559 2865 ac
572 2814 656 2865 sacris
668 2813 814 2865 virtutibus
828 2811 998 2879 amplificari.

377 2911 500 2976 benique
513 2911 556 2962 eni
570 2911 709 2976 proprium
722 2918 763 2963 est
775 2924 928 2977 quosquam
941 2910 1081 2963 nouvelle
1094 2909 1189 2976 perire

377 3011 424 3062 Ast
436 3013 466 3062 ut
477 3010 616 3063 salventur
628 3010 751 3063 dextram
764 3011 897 3077 praebere
910 3021 1069 3074 supernam,

309 3144 311 3148 r
380 3111 501 3176 Compita
513 3114 661 3175 perpetuae
673 3123 728 3176 quo
740 3108 846 3175 possint
858 3109 991 3162 scandere
1002 3109 1083 3173 vitae,

381 3211 455 3263 Fecit
466 3216 493 3263 et
504 3212 554 3263 hos
567 3209 679 3276 paribus
691 3208 800 3263 bestilia
813 3210 938 3276 linquere
952 3209 1021 3262 votis

380 3312 412 3362 Et
426 3310 553 3363 delestari
567 3311 716 3376 serpentini
729 3324 805 3363 orma
817 3311 926 3372 veneni,

380 3410 513 3462 Omnibus
524 3416 551 3462 ct
563 3411 669 3476 pompis
681 3410 767 3463 zabuli
781 3410 932 3463 certissime
945 3411 1054 3476 spretis,

381 3514 515 3574 Quaerere
527 3525 588 3563 curn
602 3512 702 3563 sanclis
715 3510 803 3563 felicia
815 3509 913 3577 gaudia
927 3510 1014 3577 regni.

379 3611 411 3661 Et
422 3610 489 3676 quid
503 3610 562 3675 plus
575 3609 645 3677 dico,
659 3623 707 3676 per
720 3609 860 3676 multaque
872 3609 953 3662 verba
967 3612 1103 3661 susurro?

382 3712 498 3763 istorum
514 3711 617 3762 meritis
630 3716 656 3762 el
669 3710 815 3776 praeclaris
827 3708 999 3762 documentis

379 3814 438 3863 lani
452 3814 517 3863 sunt
528 3811 645 3863 confessi
658 3823 687 3862 se
700 3810 728 3860 in
741 3810 853 3862 nomine
865 3808 976 3862 eredere
989 3806 1099 3861 Christi.

380 3911 471 3963 Laude
484 3910 578 3975 Patris,
592 3908 659 3964 Nati.
673 3910 789 3962 reboant
800 3915 827 3962 el
839 3908 968 3961 Flaminis
979 3907 1053 3969 alini,

382 4010 451 4061 llaec
462 4009 513 4060 tria
527 4009 663 4073 personis,
677 4010 735 4062 sore
747 4002 890 4075 majestate
903 4006 950 4061 sed
964 4021 1051 4060 unurn

381 4106 539 4168 Credentes,
554 4109 676 4173 proprios
688 4110 734 4173 qui
748 4113 821 4161 certe
836 4107 910 4161 solus
924 4107 1051 4159 alumnos

380 4206 518 4259 Praevalet
530 4219 544 4257 a
558 4208 664 4258 cunetis
677 4205 764 4258 hostis
777 4207 881 4258 salvare
891 4204 1010 4271 periclis,

385 4309 415 4358 ln
428 4306 543 4359 caeleste
556 4319 636 4358 suum
650 4305 752 4371 pariter
763 4305 942 4359 transducere
954 4317 1079 4371 regnum.

384 4406 427 4458 Sic
439 4405 550 4471 squalor
561 4404 657 4457 mundi
670 4403 733 4457 fidei
746 4406 851 4457 fervore
864 4405 982 4458 lacescit.

302 4507 370 4558 XV.
407 4506 507 4556 Omnes
520 4505 548 4556 bi
561 4506 656 4572 saneti,
671 4504 756 4571 magis
769 4510 850 4572 atque
862 4505 947 4570 magis
959 4503 1067 4556 solidati

387 4605 474 4670 Atque
489 4616 571 4667 super
583 4601 701 4668 lapidem
715 4603 821 4655 fundati
834 4607 930 4655 cuncta
943 4606 1095 4660 tenentem.
