3136 5482
375 352 469 402 BIBL.
489 352 571 402 NAT.
591 354 706 403 putus.
726 376 771 383 --
787 353 939 402 APPEND.
959 353 1006 401 ΑΙ)
1024 352 1101 401 COD.
1121 351 1197 400 3778.
1329 333 1396 399 263

375 524 428 577 voa
440 524 556 577 laetum
569 523 645 578 teeti
656 523 760 591 sotum
771 524 957 577 contemnite
967 521 1054 591 freti.

242 621 363 685 501011.
400 623 446 674 llis
459 627 500 675 est
511 623 617 677 ablatus
630 622 710 676 dietis
723 624 815 688 timor,
828 624 869 674 bis
882 626 1025 688 reparatus

367 725 460 776 iustus
472 724 567 777 mortis
581 737 668 788 amor,
682 738 773 791 neque
784 723 874 776 luctus
883 725 911 774 in
925 723 966 774 bis
979 735 1068 787 nequo
1081 720 1192 772 clamor.

368 826 460 876 blense
471 824 583 891 quidem
595 826 680 891 quino
692 832 858 890 centumque
871 829 1022 890 quaterque
1034 825 1182 887 quaternos

368 925 466 975 buetor
477 925 511 976 ab
523 924 567 975 bis
578 925 673 977 castris
684 936 774 977 eoram
788 938 818 975 se
830 915 921 991 dirigit
933 923 1023 974 astris.

367 1021 467 1075 Occidit
478 1024 610 1077 Antonius
622 1037 715 1077 eomes
729 1030 756 1076 et
768 1023 1016 1076 Constantinianus.

364 1125 419 1174 Nec
432 1122 542 1191 longum
554 1127 662 1188 tempus
674 1124 798 1190 sequitur
809 1136 858 1174 sua
871 1123 983 1189 pignora
996 1123 1113 1173 llaurus

367 1223 436 1272 burn
445 1221 518 1286 jacet
529 1234 562 1273 ex
574 1233 660 1285 more,
673 1221 766 1273 lateris
777 1226 894 1273 vexante
905 1219 1010 1278 dolore,

365 1319 488 1373 cilicium
500 1333 582 1386 supra
592 1322 634 1372 111
649 1327 758 1374 sanetus
770 1320 847 1388 gleba
861 1320 950 1380 beata,

366 1421 485 1486 Sumptis
497 1419 611 1473 viviticis
622 1433 700 1474 sacro
713 1421 842 1473 libamine
854 1419 943 1481 donis,

366 1518 423 1571 lllic
436 1517 552 1572 residuis
563 1521 656 1585 paucis
668 1520 839 1572 adstantibus
852 1519 916 1583 illis,

366 1616 481 1682 Spiritus
492 1621 618 1670 externas
631 1617 769 1684 linquens,
782 1615 940 1670 scandendo
952 1628 1095 1682 supernas,

367 1716 424 1778 Quo
434 1715 489 1781 jam
502 1715 606 1768 tirones
618 1715 770 1781 praemisit,
784 1713 839 1767 adit
852 1715 986 1782 regiones.

366 1819 454 1869 llente
466 1818 541 1884 prius
552 1816 603 1869 risi
616 1821 686 1871 licus
698 1817 732 1870 ad
746 1822 851 1883 portam
865 1816 982 1882 paradisi

364 1918 485 1969 llaurum
499 1917 647 1981 condonat,
661 1919 766 1970 meritis
779 1928 901 1983 auroque
913 1920 1034 1979 coronat,

364 2017 468 2082 Perque
483 2018 541 2069 vias
553 2022 641 2070 rectas
651 2018 755 2083 justum
767 2016 877 2070 deducit
889 2021 916 2067 et
926 2020 1008 2071 artas.

364 2113 541 2183 Ostenditque
556 2117 603 2169 bei
617 2129 742 2183 regnum,
754 2115 827 2182 quod
841 2115 944 2167 lumine
957 2113 1014 2178 spei

362 2214 481 2279 viderat,
495 2220 577 2283 atque
589 2213 642 2268 lide
655 2229 702 2281 spe
716 2217 804 2282 majus
812 2214 917 2281 judicat
929 2226 997 2265 esse.

300 2313 359 2366 5⁷.
396 2313 448 2367 Sed
461 2314 527 2382 quid
540 2319 665 2381 peccator
677 2314 736 2367 11011
749 2327 893 2380 praesumo
906 2314 1006 2366 relator

360 2413 445 2466 110011
457 2419 608 2485 gestorum,
622 2416 754 2468 scelerum
768 2428 873 2468 memor
885 2415 943 2480 ipse
956 2413 1098 2466 meorum?

361 2515 451 2566 1101110
464 2514 545 2567 nimis
559 2527 645 2581 prona
657 2516 730 2569 10101
741 2516 776 2568 ad
789 2515 915 2568 caelestia
930 2513 1003 2567 dona
1017 2528 1024 2563 ε

360 2615 445 2677 Quam
457 2627 541 2681 prope
555 2628 617 2667 sum
629 2615 731 2682 lingua,
742 2629 823 2682 quam
837 2615 917 2682 longe
930 2613 1053 2679 simplice
1066 2613 1130 2666 rita.

359 2714 434 2766 llanc
446 2725 502 2766 nou
514 2712 597 2766 eredo
609 2714 677 2777 tore,
691 2715 754 2781 quia
767 2714 915 2780 peccatoris
927 2711 956 2764 in
968 2725 1016 2765 ore

358 2813 429 2864 Laus
440 2817 492 2878 est,
506 2818 645 2879 acceptam
658 2827 719 2878 nec,
733 2816 832 2879 1101110,
846 2814 893 2866 11111
906 2812 1066 2878 speciosam.

358 2911 481 2978 suscipe,
494 2925 605 2979 quaeso,
620 2917 722 2978 tamen,
735 2917 789 2980 quo
802 2913 837 2965 sit
849 2912 973 2965 laudasse
986 2912 1109 2963 levamen

361 3012 593 3077 repercuterem,
607 3017 633 3065 te
644 3012 783 3077 dilexisse,
797 3026 930 3066 meorum.

358 3110 415 3162 Nec
427 3122 471 3162 me
482 3123 653 3177 compescam
666 3118 757 3164 10111011
770 3117 843 3165 aula
857 3111 936 3164 laude
948 3111 1097 3177 quiescam,

357 3207 385 3259 si
399 3221 455 3261 non
468 3221 517 3274 per
527 3213 627 3278 grates,
639 3210 775 3262 vincendo
788 3224 836 3276 per
848 3210 1045 3276 improbitates.

356 3311 412 3361 Nec
418 3307 494 3361 desit
505 3311 598 3363 Mauro
610 3310 704 3363 titulus
718 3309 870 3376 descriptus
883 3312 912 3362 in
925 3323 993 3363 auro
1008 3325 1014 3359 :

356 3407 483 3462 carmina
501 3421 563 3461 nam
576 3408 644 3462 testa
656 3409 756 3461 meruit
768 3410 819 3462 sibi
833 3423 882 3475 per
895 3410 967 3462 bene
979 3415 1072 3477 gesta3

355 3509 451 3561 lituos
463 3511 611 3574 utcumque
623 3509 777 3562 scribemus
790 3509 1009 3576 qualiacumque.

390 3707 439 3760 llic
450 3707 518 3759 situs
529 3711 572 3760 est
582 3709 700 3770 llaurus,
714 3721 876 3776 semperque
889 3709 958 3761 11101
969 3710 1047 3775 quasi
1060 3708 1162 3768 laurus,

359 3805 450 3861 Floret
461 3807 500 3859 uti
514 3807 603 3873 palma
615 3806 714 3861 domus
727 3807 793 3861 llaec
803 3808 949 3861 uirtutibus
960 3809 1041 3861 olma.

356 3907 405 3960 llic
416 3910 458 3960 est
469 3905 605 3972 plantatus
616 3908 694 3974 quasi
706 3906 806 3962 cedrus
816 3907 1013 3972 multiplicatus
1025 3926 1033 3972 3

355 4006 404 4058 llic
415 4010 443 4058 et
454 4005 611 4059 fructiferae
621 4019 735 4073 germen
748 4007 899 4074 pinguescit
911 4008 1008 4060 olivae.

358 4103 834 4173 11100000011110111001111οῐ00011
848 4106 948 4173 debile,
962 4108 1063 4163 nisum.

355 4206 516 4257 Sermonem
528 4210 631 4269 mutus,
644 4206 714 4257 redit
726 4205 790 4257 hine
802 4219 817 4257 a
830 4205 964 4258 daemone
976 4210 1060 4259 tutus.

356 4306 420 4368 Quis
433 4316 490 4370 rex,
503 4305 565 4370 quis
578 4305 706 4370 princeps
718 4306 768 4358 luit
779 4311 825 4358 aut
837 4311 920 4372 queat
931 4318 991 4359 esse
1002 4306 1140 4373 deinceps,

355 4405 476 4467 Quorum
489 4402 658 4470 pyramidem
672 4405 766 4456 titulus
778 4405 950 4457 comitabitur
962 4405 1056 4458 idern?

354 4503 462 4556 Tollere
473 4504 621 4570 quiverunt
632 4502 705 4570 quod
719 4503 834 4557 reddere
845 4518 902 4558 non
914 4509 1069 4571 potuerunt.

355 4601 576 4655 octavodecimo
589 4600 709 4654 nudatus
721 4616 830 4656 earcere
843 4606 851 4623 ⁹
864 4604 929 4656 linio
992 4662 996 4667 ,

353 4704 432 4755 Astra
446 4701 591 4753 februariis
604 4700 689 4754 fertur
703 4702 810 4767 petiisse
824 4702 955 4756 kalendis.
