3136 5482
352 356 443 405 eren.
464 355 544 405 nar.
564 355 679 406 rarus.
699 376 744 388 -
759 355 914 406 nerano.
933 356 981 405 an
997 355 1075 405 con.
1095 351 1187 405 seen·
1307 338 1374 404 549

140 520 260 575 sentiam
273 521 403 588 devotus3
416 520 581 588 tandemque
592 529 655 588 post
663 523 761 590 longos
773 523 877 575 viarum
890 535 1027 580 recursus,
1039 519 1084 573 illa
1098 521 1243 589 peregrina
1256 520 1374 587 felixque

138 622 330 675 lliberniensis
341 622 477 676 catervula
489 623 657 676 latiniacum
670 624 795 689 veniens,
809 629 933 675 sanctum
947 623 992 674 bei
1014 621 1192 686 amplioribus
1203 635 1285 688 quarn
1298 634 1371 673 corn-

138 723 280 788 perissent
289 721 383 775 rident
396 721 494 775 llorere
513 723 670 776 virtutibus.
684 726 755 787 Quos
772 721 937 776 laetabundo
958 721 1110 786 suscipiens
1130 721 1231 785 anime,
1245 733 1292 774 eos
1305 720 1371 773 inibi

138 822 246 876 diutius
257 823 287 875 in
299 821 398 875 christi
412 823 518 876 bonvini
528 823 653 878 formavit
665 825 784 878 servitio.

173 923 225 975 1⁵7.
239 920 400 975 succedenti
412 935 475 975 vero
487 928 618 988 ternpore,
632 928 776 989 postquam
797 921 916 975 eundem
938 922 1028 974 locum
1042 923 1111 974 Deus
1124 923 1217 973 noster
1229 933 1278 986 per
1298 919 1370 972 beati

138 1021 188 1075 riri
201 1022 330 1075 meritum
342 1020 426 1074 multa
448 1020 629 1088 probabilium
650 1023 771 1075 virorum
792 1023 946 1076 honestavit
964 1021 1169 1081 numerositate,
1182 1020 1272 1072 eidem
1289 1019 1368 1071 beato

138 1122 197 1176 viro
217 1121 287 1175 velie
302 1123 389 1188 patuit
404 1126 434 1174 ut
447 1122 593 1176 saxoniam
611 1128 759 1186 revertens,
774 1123 925 1175 foillanum
939 1126 966 1174 et
980 1122 1126 1174 llltanum·
1145 1120 1232 1173 socios
1246 1119 1367 1187 egregios
1424 1125 1511 1201 sepa,

138 1222 247 1275 risitare
259 1221 379 1274 deberet.
393 1222 442 1286 Qui
455 1227 580 1275 sanctum
591 1223 679 1275 virum
692 1222 864 1275 liminianam
876 1222 1057 1274 latiniacensi
1069 1219 1272 1288 congregationi
1290 1231 1366 1284 prae·
1394 1189 1541 1324 gffipuffd

138 1322 239 1385 terens,
253 1322 305 1374 iter
316 1322 448 1374 accelerat
459 1326 486 1372 et
498 1322 527 1373 in
539 1321 626 1375 fhndc
637 1321 777 1374 linimento
788 1321 865 1374 ducis
877 1321 989 1373 nomine
1000 1323 1128 1373 blacerias
1140 1319 1301 1384 hospitatur,
1318 1318 1364 1371 ubi
1398 1335 1485 1377 num.
1497 1327 1524 1378 tt.

138 1419 278 1488 quendam
290 1420 420 1473 hominus
432 1421 491 1486 eJ'us
502 1419 671 1474 orationibus
680 1421 774 1473 favens
787 1419 871 1485 ipsius
884 1419 1014 1486 principis
1027 1416 1140 1471 unicum
1152 1417 1240 1470 fllium
1252 1430 1267 1470 a
1277 1421 1365 1469 morte

138 1518 280 1572 suscitarat
291 1519 415 1585 patrique
427 1532 505 1584 spem
526 1520 720 1574 consolationis
735 1523 881 1572 recrearet.
895 1518 943 1570 tlbi
966 1517 1163 1584 aliquantisper
1182 1527 1365 1578 commorans,

138 1617 210 1687 praui
222 1616 379 1671 infirmitate
391 1617 562 1684 deprimitur,
576 1624 602 1672 et
622 1619 686 1685 quia
707 1618 815 1671 fidelem
837 1632 917 1671 suurn
938 1619 1112 1685 omnipotens
1130 1621 1199 1670 fieus
1209 1618 1265 1683 jani
1283 1615 1366 1683 digna

138 1714 295 1771 decreverat
310 1718 480 1770 remunerari
499 1718 634 1783 mercede,
647 1725 706 1784 pest
726 1717 864 1786 angelicae
884 1718 1047 1771 visitationis
1065 1718 1292 1781 consolationem,
1306 1719 1367 1782 post

138 1816 202 1870 sacri
216 1817 338 1882 corperis
350 1822 376 1869 et
387 1816 528 1885 sanguinis
540 1821 677 1883 sumptam
690 1816 908 1882 vivificationem,
922 1818 1041 1870 animam
1054 1818 1113 1883 ejus
1130 1816 1241 1868 caelesti
1266 1813 1365 1879 palatio

138 1913 261 1982 collocat,
273 1928 429 1982 corpusque
441 1917 501 1982 ejus
519 1916 547 1968 in
568 1917 648 1969 terris
669 1916 762 1969 multis
782 1916 975 1969 miraculorum
1000 1914 1265 1982 frequentationibus
1283 1914 1366 1965 hono

138 2027 208 2080 rans,
222 2015 386 2068 hodiernum
399 2015 473 2068 diem
485 2017 640 2082 specialiter
654 2017 713 2082 eius
725 2021 834 2069 sanctae
852 2017 1001 2069 memoriae
1022 2019 1173 2068 consecrat.
1187 2015 1269 2080 Cujus
1282 2012 1365 2078 pieta·

138 2113 168 2166 tis
180 2114 310 2168 auxilium
322 2113 419 2168 devote
431 2115 568 2180 poscimus
579 2119 609 2168 ut
621 2116 785 2169 famulorum
798 2128 910 2168 suorum
922 2117 949 2168 ei
960 2115 1063 2181 placeat
1075 2114 1200 2175 servitus,
1210 2112 1364 2178 Christique

138 2214 256 2268 livorem
277 2216 316 2268 eis
336 2215 456 2268 clemens
476 2215 582 2269 delerat
602 2230 670 2282 quos
692 2217 720 2268 in
740 2218 781 2269 sui
804 2217 960 2270 memoriale
981 2218 1019 2268 sie
1046 2215 1186 2278 exhilarat,
1209 2215 1365 2279 praestante

138 2313 231 2368 aedem
243 2312 358 2367 bomine
372 2318 464 2369 nostre
475 2316 539 2368 lesu
551 2316 667 2379 Christo,
678 2316 721 2369 cui
734 2322 774 2368 est
784 2330 845 2368 cum
857 2318 935 2368 Patre
946 2319 972 2367 et
981 2320 1075 2367 saneto
1085 2314 1205 2366 flamine
1215 2326 1264 2378 par
1273 2311 1362 2377 spten-

138 2413 193 2477 lor,
208 2412 362 2466 communis
378 2426 456 2480 apex,
470 2415 571 2467 sociale
582 2428 723 2475 cacumen,
737 2416 797 2468 sine
809 2420 933 2480 tempore
945 2427 1058 2480 regnum
1071 2419 1098 2466 et
1108 2413 1194 2465 virtus
1205 2411 1301 2464 eadern
1315 2423 1363 2476 per

138 2511 240 2565 Infinita
251 2511 423 2566 saeculorum
436 2514 554 2567 saecula.
568 2516 663 2567 Amen.

372 2610 504 2680 [Esusbeu
521 2625 686 2667 rnnnsenno
707 2627 740 2667 br
758 2625 894 2668 nmneunn
911 2625 977 2668 eosr
994 2615 1125 2676 nlenten]

164 2710 216 2764 18.
229 2712 339 2764 Sacram
352 2712 448 2764 Christi
460 2725 492 2765 ac
504 2713 669 2766 venerabilis
681 2713 774 2767 fursei
787 2714 947 2766 memoriam
966 2712 1048 2781 digne
1061 2712 1151 2764 omnis
1172 2710 1291 2762 mundus
1304 2710 1359 2762 exi·

138 2813 186 2865 nia
198 2812 281 2865 lande
294 2813 399 2880 recolit,
412 2814 475 2880 quia
489 2815 561 2867 hune
581 2814 615 2867 ad
637 2816 776 2881 exemplar
797 2815 991 2868 imitandorum
1011 2816 1148 2868 bonorum
1166 2813 1360 2878 omnipotentis
1376 2848 1380 2854 ,

138 2913 178 2964 bei
190 2912 279 2979 gratia
290 2912 411 2979 protulit,
424 2926 517 2979 quem,
530 2913 594 2965 dum
608 2913 696 2966 vitalis
709 2915 819 2979 spiritus
831 2915 889 2980 eius
902 2914 1016 2967 artubus
1029 2913 1122 2976 caluit,
1139 2912 1231 2965 multis
1244 2913 1360 2963 miracu·

139 3021 221 3062 erum
234 3008 365 3077 prodigiis
377 3010 498 3063 nobilem
518 3010 646 3064 reddidit.
660 3013 708 3065 llic
728 3013 829 3064 etenim
847 3025 896 3078 per
914 3011 998 3064 multa
1010 3016 1145 3064 terrarum
1159 3012 1243 3076 spatia
1256 3010 1360 3062 aeterni

138 3107 238 3162 lomini
250 3109 396 3175 propalans
406 3110 572 3174 testimonia,
582 3110 750 3164 diversarum
760 3112 890 3164 virtutum
904 3110 1016 3164 floribus
1029 3111 1180 3172 adornavit,
1193 3110 1273 3163 uthis
1283 3109 1360 3162 daret

138 3208 295 3275 nequitatem
305 3209 436 3275 iustitiae,
449 3209 503 3261 illis
515 3209 701 3264 fortitudinem
723 3211 902 3275 constantiae,
917 3213 966 3265 hos
978 3210 1123 3278 prudentia
1144 3210 1243 3263 callere
1261 3210 1360 3262 laceret

138 3308 266 3374 arpentis
278 3320 340 3361 curn
352 3306 425 3361 dono
437 3309 611 3363 columbinae
622 3311 812 3376 simplicitatis,
826 3311 886 3363 illos
907 3312 1102 3377 temperantiae
1122 3310 1282 3363 informaret
1294 3309 1359 3363 liba·

138 3407 215 3471 nine,
229 3421 292 3461 cum
303 3408 404 3475 quibus
416 3409 489 3462 illius
501 3422 623 3463 summae
636 3411 743 3464 virtutis
754 3416 845 3478 posset
857 3411 1012 3477 participari
1026 3410 1153 3464 laetitiae.
1168 3413 1222 3464 lloc
1234 3410 1359 3463 sanctita-

139 3507 163 3559 is
176 3506 305 3561 relucens
316 3508 467 3576 privilegio,
480 3510 696 3562 innumerabiles
709 3509 830 3564 fidelium
845 3515 965 3563 catervas
977 3510 1074 3561 Christi
1088 3510 1194 3563 bomini
1208 3508 1361 3575 subjugavit

138 3605 267 3670 trocinio,
280 3617 330 3671 pro
342 3619 459 3672 quorum
472 3607 559 3660 salute
571 3621 675 3660 merces
687 3608 737 3659 sibi
750 3607 878 3674 ampliata
888 3607 1021 3673 redditur,
1032 3607 1097 3659 dum
1109 3607 1136 3659 in
1149 3606 1259 3675 regione
1270 3607 1361 3659 inven-

139 3706 198 3758 ium
211 3703 275 3758 felix
287 3709 314 3757 et
326 3705 405 3758 beata
417 3707 477 3772 ejus
489 3707 579 3760 anima
593 3708 751 3774 collocetur,
765 3721 836 3774 quae
848 3708 877 3759 in
895 3706 1050 3761 diademate
1062 3707 1192 3773 perennis
1204 3707 1359 3773 speciosita-

138 3805 163 3858 ia
174 3805 287 3871 inserta,
300 3805 373 3858 inter
384 3819 506 3859 summos
518 3807 642 3859 caelestis
662 3808 754 3860 euriae
777 3809 910 3860 retinetur
931 3807 1037 3875 egregia
1049 3813 1076 3859 et
1089 3808 1212 3860 relictum
1233 3808 1261 3860 in
1279 3807 1359 3860 terris

138 3916 230 3970 crpus
251 3904 344 3957 multis
364 3905 558 3959 miraculorum
580 3907 706 3959 honestat
728 3907 822 3971 titulis,
844 3920 915 3974 (piae
933 3907 1032 3960 cotidie
1053 3911 1213 3959 accrescunt
1232 3920 1281 3972 pro
1299 3908 1358 3973 ejus

138 4002 214 4066 tona
228 4001 262 4054 ad
275 4002 385 4056 laudern
397 3995 560 4057 conditoris.
573 4007 604 4057 ln
617 4006 698 4072 huius
710 4006 790 4073 igitur
802 4006 873 4058 beati
892 4006 984 4058 l'ursei
1004 4004 1115 4057 salutari
1134 4006 1265 4058 memoria
1279 4007 1359 4072 hujus

138 4100 189 4152 ilis
202 4101 409 4167 compositionis
430 4101 541 4155 edentes
562 4104 671 4169 scripta,
685 4104 745 4170 ejus
765 4104 902 4169 poscimus
919 4103 1006 4169 jurari
1027 4115 1107 4168 prece
1127 4115 1175 4168 pro
1198 4104 1275 4170 cujus
1293 4105 1360 4157 haec

138 4200 321 4266 emponimus
332 4214 435 4266 amore,
448 4206 533 4269 utque
545 4203 595 4255 sibi
609 4203 731 4256 clemens
743 4203 772 4254 in
794 4217 859 4270 pace
879 4205 963 4257 societ
981 4215 1051 4270 quos
1073 4204 1102 4256 in
1114 4217 1163 4258 sua
1183 4206 1263 4259 lande
1276 4210 1357 4258 tenet.

138 4300 179 4364 tui
192 4296 233 4351 sie
250 4299 370 4351 mirabili
383 4299 480 4353 ordine
493 4301 617 4354 llaimoni
630 4301 693 4354 duci
714 4315 778 4354 suae
792 4302 917 4368 patefecit
937 4301 1021 4354 finem
1040 4304 1121 4368 vitae,
1135 4305 1223 4369 cujus,
1237 4310 1266 4356 ut
1280 4319 1359 4370 prae·

138 4396 258 4463 linimus,
271 4397 384 4450 unicum
398 4397 483 4451 illium
496 4399 622 4451 advitam
637 4400 781 4459 revocavit,
795 4400 858 4466 quia
871 4402 925 4452 beo
939 4414 1046 4464 semper
1063 4405 1089 4451 et
1102 4400 1203 4467 ubique
1218 4403 1350 4456 militavit.

163 4496 216 4548 te.
233 4498 299 4548 liam
311 4495 378 4548 duni
391 4496 434 4549 hic
453 4498 549 4550 beatus
561 4497 602 4550 vir
624 4498 651 4550 in
664 4499 787 4565 eiusdem
807 4499 884 4551 ducis
897 4499 1078 4565 possessione,
1092 4500 1222 4552 blacerias
1236 4503 1355 4560 nomine,

138 4597 198 4650 itae
210 4608 318 4662 ponens
335 4598 494 4662 terminum,
507 4597 542 4650 ad
562 4599 630 4652 caeli
644 4599 749 4652 scandit
769 4613 893 4667 regnum,
909 4600 998 4653 eidem
1020 4601 1159 4666 praedicto
1171 4602 1229 4655 viro
1250 4604 1355 4671 signum
