3136 5482
350 367 442 417 enen.
460 367 544 418 nar.
563 365 680 417 annm.
700 385 745 396 -
761 365 914 416 urrann.
932 365 980 415 nn
997 365 1076 415 eon.
1094 362 1171 413 aare.
1308 346 1376 413 2213

342 539 440 592 Balnea
451 543 565 605 septena
578 550 629 592 nee
640 539 742 593 desunt
753 538 839 592 ubera
853 538 935 604 plena
949 554 955 588 ι

341 641 463 693 llaurum
475 638 617 693 doetrinae
630 639 793 693 Benedictus
804 651 920 691 munere
935 638 1016 691 binae

339 737 382 790 Sic
394 749 510 802 puerum
522 736 598 802 iuvit,
612 749 664 789 neo
677 748 741 789 enm
753 734 919 803 quandoque
932 733 1056 792 removit,

342 837 432 889 boner
443 834 572 888 instruxit
585 835 738 901 fortemque
751 847 799 901 per
811 834 895 886 ardua
909 837 917 854 ·
930 832 1018 886 duxit.

339 934 459 986 ltilitiam
470 933 570 987 christi
582 939 729 1001 postquam
742 933 781 986 sio
793 933 885 986 intulit
897 932 950 996 isti,

338 1037 395 1088 los
405 1039 436 1087 ut
449 1046 610 1102 magnorum
623 1034 727 1088 tirones
740 1046 822 1099 saepe
833 1033 954 1087 virorum

341 1133 429 1185 armis
441 1139 468 1187 et
480 1133 574 1186 faleris
586 1137 614 1186 et
626 1134 704 1200 equis
717 1145 817 1186 ornare
828 1132 941 1195 severis,

340 1236 486 1300 Postquam
499 1232 641 1286 dimittunt
652 1238 680 1287 et
691 1246 738 1287 eos
750 1232 785 1286 ad
798 1232 900 1298 praelia
915 1229 1027 1284 mittunt
1041 1246 1048 1282 :

342 1336 379 1387 be
391 1334 489 1387 merito
502 1333 592 1387 dietus
604 1333 644 1386 sio
656 1337 780 1387 llaurum
791 1334 834 1386 vir
846 1331 1009 1386 Benedictus

341 1433 430 1501 Signis
443 1434 561 1500 ornavit,
574 1433 721 1487 virtutibus
733 1437 761 1486 et
771 1432 921 1486 decoravit.

308 1533 341 1585 6.
376 1535 408 1586 Ut
421 1545 508 1586 novus
520 1539 642 1586 armatus
658 1532 777 1598 proludit
791 1531 825 1584 ad
837 1544 913 1585 arma
927 1536 1046 1597 paratus.

339 1628 383 1682 sio
395 1642 484 1683 novus
497 1629 540 1682 bio
552 1630 605 1683 tiro
617 1635 757 1696 tamquam
770 1630 920 1683 certamine
932 1627 1003 1695 diro,

340 1729 479 1794 primitus,
492 1728 526 1782 ad
540 1742 645 1783 morem
658 1728 791 1796 doctoris,
804 1730 833 1781 in
845 1728 1009 1782 exteriorem

343 1828 416 1881 Bella
428 1828 564 1883 merendo
576 1830 675 1894 virum,
686 1829 743 1896 jam
755 1829 877 1896 dimicat,
891 1833 922 1881 ut
933 1840 1043 1894 quoque
1055 1826 1156 1879 mimm

341 1930 435 1982 Posset
445 1929 493 2011 qui
506 1926 589 1982 sistro
601 1927 783 1983 decoraverat
795 1941 855 1982 esse
867 1927 1007 1995 magistro.

344 2029 448 2096 Quippe
461 2034 595 2096 quaterno
607 2029 707 2084 fruitur
718 2031 758 2083 sio
769 2034 892 2096 tempore
905 2028 997 2095 pleno.
1053 2104 1055 2108 ἱ

341 2129 468 2195 apposita
481 2129 557 2183 nulla
568 2130 661 2183 tunica
676 2129 807 2196 nullaque
818 2128 935 2194 cuculla,

343 2229 405 2282 iilis
417 2243 561 2297 caprarum
574 2244 686 2285 earnem
698 2231 833 2284 tribulans
845 2230 990 2285 olidarum.

339 2329 393 2381 lieo
405 2334 496 2382 tamen
509 2328 625 2394 absistit,
638 2329 687 2383 sed
701 2342 809 2395 semper
822 2334 914 2382 nostra
927 2328 1028 2381 resistit

338 2427 429 2491 bleba,
444 2432 564 2494 tumens,
577 2427 689 2495 fragilis,
704 2427 757 2480 nisi
770 2433 877 2493 compta
890 2427 960 2481 roret
971 2427 1050 2494 quasi
1065 2426 1133 2477 vitis.

342 2528 462 2590 Qualiter
474 2524 597 2595 indulget
607 2529 705 2592 ventri,
719 2529 765 2594 qui
778 2533 853 2581 veste
867 2527 980 2595 refulget

342 2626 409 2691 Tali,
422 2627 555 2691 dieamus,
569 2629 615 2694 qui
629 2632 682 2681 tam
696 2628 873 2680 venementer
886 2640 1010 2680 amamus

340 2725 468 2779 camales
479 2739 566 2790 escas,
580 2725 632 2779 nisi
645 2726 733 2793 l'allor,
746 2725 780 2778 ad
793 2726 1003 2790 unimammas,

298 2829 302 2835 ·
341 2824 451 2877 l'eroula
463 2825 511 2892 qui
523 2838 608 2878 cenae
620 2831 724 2892 septem
737 2831 878 2891 oapmmus
891 2837 1032 2891 amoenae,

341 2924 391 2988 Qui
408 2924 494 2991 magis
506 2925 655 2978 immensas
666 2930 694 2978 et
706 2929 762 2978 toto
775 2931 897 2992 tempore
910 2937 1020 2978 mensas

339 3023 455 3075 ‘lantum
468 3020 608 3091 diligimus
620 3025 775 3092 monitique
787 3025 905 3079 libenter
917 3025 1034 3077 adimus.

341 3122 453 3176 sobrius
465 3129 492 3175 at
504 3129 600 3176 venter
612 3125 708 3189 ltauri,
723 3138 774 3179 neo
786 3123 955 3179 sufficienter

342 3224 394 3274 leo
406 3221 576 3275 oonfldenter
587 3236 639 3276 neo
651 3225 709 3277 vult
720 3224 856 3290 prandere
870 3225 1038 3291 frequenter.

343 3320 438 3374 Nobile
446 3322 630 3387 jamstratum
644 3336 728 3389 super
740 3324 833 3377 omnia
847 3323 933 3376 lutera
946 3323 1055 3376 beatum

341 3421 426 3474 lauri
438 3419 556 3486 dicatur,
569 3421 642 3490 quod
654 3429 772 3488 ametur,
786 3423 860 3490 quod
874 3428 1009 3476 teneatur.

342 3521 401 3572 Non
414 3520 509 3573 tborus
520 3521 606 3574 auleis
618 3521 726 3575 renidet
736 3535 785 3575 seu
798 3523 938 3588 conopes,

343 3622 401 3673 Non
413 3619 531 3688 dapibus
543 3621 644 3675 laetum
659 3622 711 3676 lert
723 3634 823 3689 eorpus
836 3623 917 3676 molle
931 3627 1062 3689 tapetum.

344 3720 438 3774 Pluma
451 3722 562 3788 quidem
576 3722 675 3787 mollis,
689 3735 745 3777 non
758 3722 874 3777 eandida
887 3723 973 3776 lintea
985 3724 1074 3777 tollis:

344 3819 397 3873 Sed
410 3820 535 3873 sabulum
548 3820 656 3887 plumas
671 3827 699 3875 et
710 3822 812 3876 oaleem
825 3823 910 3875 lintea
923 3835 1025 3883 sumas,

339 3918 432 3972 Cilicio
444 3932 527 3986 supra
538 3921 578 3973 nil
592 3920 700 3975 mollius
712 3922 778 3974 assit
790 3929 819 3975 et
832 3923 912 3988 inira,

340 4018 373 4069 Et
386 4019 424 4070 sio
437 4031 493 4071 non
505 4020 559 4073 vile
569 4021 654 4073 llauri
666 4032 802 4088 compone
813 4021 913 4074 cubile.

342 4119 444 4170 burum
457 4122 596 4172 certamen
607 4120 692 4173 llauri
705 4120 862 4173 venerabile
876 4119 975 4173 damen

340 4215 480 4269 indiderat
492 4217 611 4282 primum
625 4219 757 4270 membris
771 4223 797 4271 et
809 4219 872 4270 vicit
884 4219 917 4271 ad
931 4220 1015 4271 imum
1027 4238 1040 4296 ;⁸

338 4315 502 4381 accepitque
515 4327 625 4369 erucem
637 4317 816 4383 sequiturque
829 4330 877 4383 per
890 4318 982 4370 omnia
996 4318 1084 4371 lucem

340 4413 495 4480 Discipulus
507 4419 608 4482 gratus,
620 4428 668 4482 per
680 4415 788 4468 subdita
801 4416 878 4483 signa
892 4416 1030 4481 probatus.

234 4515 339 4578 ⁷(lti).
376 4513 508 4565 Extiterat
520 4512 605 4566 irater
616 4515 718 4579 tunica,
732 4527 813 4581 quem
827 4515 957 4581 parvulus
972 4521 1040 4579 ater,
1142 4524 1151 4588 ᾗ

339 4613 437 4664 cetera
450 4611 582 4677 psallebat
594 4612 660 4667 dum
677 4613 765 4680 plebs,
780 4613 814 4666 ad
827 4626 898 4668 rana
911 4614 1046 4668 trahebat.
