3136 5482
292 380 385 430 nmo.
404 379 487 429 uos.
507 378 623 428 eunte.
643 397 688 408 -
703 377 858 427 neeuuo.
877 376 924 425 no
939 375 1017 426 ooo.
1036 371 1111 423 3778.
1249 353 1315 420 257

283 547 413 614 Surpere
424 545 538 614 fecisti,
552 546 667 600 viduae
678 545 732 613 qut
744 542 914 599 restituisti

285 647 420 713 Prolem,
437 645 556 701 Christe
564 647 626 714 pie,
635 643 783 712 precibus
793 644 939 712 placatus
952 641 1086 708 Heliae,-

284 745 425 812 Porripe,
441 743 570 813 diri-ete,
584 757 722 811 monum,
735 743 777 797 da
789 755 901 809 eorpus
913 752 1045 808 surpere
1057 751 1180 794 aunum.

286 843 377 911 Surgit
388 843 544 910 defunctus,
557 856 639 910 prece
649 843 715 910 justi
727 840 758 894 m
770 839 917 894 redivivus.

285 942 328 995 sio
340 949 416 996 curat
428 945 547 1009 Maurus,
561 943 679 996 inimicis
692 942 778 995 faetus
791 941 906 994 amicus.

284 1042 329 1092 Vir
340 1041 387 1108 qui
400 1042 518 1094 surrexit
530 1042 617 1094 saneti
630 1040 758 1095 mandata
772 1039 873 1107 recepit

283 1141 320 1192 Ne
332 1139 398 1193 dum
410 1140 473 1206 vita,
487 1140 587 1207 lotum,
601 1152 694 1194 eomes
706 1144 757 1205 est,
771 1139 884 1193 intraret
896 1139 925 1190 in
938 1136 1014 1189 illum
1026 1153 1033 1200 ;

288 1239 344 1291 iioc
358 1237 420 1293 ideo
434 1238 544 1305 iaceret,
559 1251 594 1292 ne
605 1239 732 1306 plausum
745 1243 858 1292 sanctus
870 1236 992 1290 haberet.

162 1337 211 1391 40
224 1338 285 1402 (to).
320 1339 385 1391 doto
398 1343 462 1391 sunt
474 1339 540 1391 anni
553 1344 698 1405 postquam
709 1338 752 1391 vir
763 1341 876 1391 venerat
888 1336 954 1389 illio.

287 1439 343 1491 iioo
354 1438 442 1504 spatio
454 1437 587 1504 templum
599 1437 700 1491 factum
713 1437 764 1490 fuit
775 1441 857 1503 atque
869 1435 998 1489 dicatum.

289 1535 399 1589 Praesul
411 1549 474 1589 oum
485 1537 597 1604 reliquis
608 1530 754 1603 Eutropius
766 1535 969 1602 Andegavensis

288 1634 443 1700 Quadrifida
455 1642 559 1690 sectum
572 1636 712 1690 benedixit
724 1641 798 1704 parte
813 1636 944 1690 looomrn.

289 1735 378 1788 Prima
390 1735 548 1802 patrociniis
560 1742 601 1790 est
613 1736 684 1789 Petri
696 1737 762 1789 tulta
775 1735 847 1789 beati
861 1753 868 1801 ;

289 1837 405 1901 Fertque
417 1834 539 1888 secunda
551 1839 613 1888 tuos
624 1835 723 1902 cuitus,
736 1835 849 1888 Martine
861 1833 990 1888 sacerdos
1001 1849 1008 1897 ;

289 1932 381 1985 'tertia
393 1932 528 2002 condigno
540 1935 674 2002 contingit
685 1947 749 2001 pars
762 1934 908 1999 severino;

291 2033 390 2095 Quarta
403 2032 475 2086 velut
487 2033 572 2086 turris
585 2033 662 2087 loeus
674 2038 716 2086 est
727 2031 815 2086 saneti
827 2031 974 2086 Michaelis.

186 2134 227 2184 41
241 2134 301 2196 (it).
336 2135 413 2186 duno
427 2134 445 2199 ',
455 2134 580 2200 Euterpe,
594 2132 676 2187 iidem
689 2132 842 2199 moderare,
856 2132 930 2200 quod
942 2129 1040 2185 audeat
1053 2128 1126 2182 idem
1330 2149 1424 2202 Ἥκω
1435 2147 1518 2204 hunc

290 2232 339 2295 Qui
351 2230 472 2285 lecturus
484 2232 557 2285 idem
571 2245 681 2300 sperare
695 2237 815 2285 moratus
828 2230 939 2285 ibidem.
1354 2226 1479 2334 gerg-lium

291 2330 380 2384 ttulois
392 2331 426 2384 sit
438 2331 509 2386 riori
520 2333 663 2387 conversio
675 2332 730 2385 met
741 2332 815 2386 velut
828 2332 868 2385 ori
1322 2293 1516 2404 γῃῃρῆξυῑῗδ,

287 2433 373 2497 Atque
386 2445 435 2497 per
447 2432 520 2484 hunc
532 2431 628 2487 dorem
640 2445 723 2500 sapor
735 2431 889 2485 introducat
901 2429 1024 2484 odorem.

290 2533 336 2583 Est
347 2544 437 2598 sapor,
451 2538 493 2584 est
505 2537 531 2584 et
543 2532 621 2598 odor,
635 2546 697 2585 eum
711 2532 792 2596 flori,
806 2545 893 2595 musa,
907 2528 1046 2584 recordor.

292 2632 360 2695 Ergo
372 2629 446 2697 quod
459 2636 575 2698 optetur,
585 2632 659 2699 quod
670 2632 741 2685 visat
753 2632 771 2697 ',
785 2632 828 2683 vet
840 2629 914 2698 quod
926 2634 1044 2692 ametur,
1190 2617 1193 2622 ’
1252 2705 1257 2714 ¹
1349 2647 1357 2663 ·
1367 2647 1452 2710 jum,
1466 2649 1491 2700 Ξ,

291 2728 367 2794 Quod
378 2731 587 2795 transmittatur,
598 2730 673 2797 quod
685 2730 776 2797 duret,
789 2729 864 2798 quod
876 2729 1022 2797 relegatur,

292 2829 367 2894 Quod
376 2829 480 2896 lapides
491 2830 606 2898 scindat,
619 2830 693 2897 quod
704 2831 777 2899 ligna
790 2830 905 2884 virentia
918 2827 1011 2894 findat,

292 2928 387 2993 Prosit,
399 2926 526 2994 delectet,
540 2928 589 2982 sed
602 2929 676 2997 quod
691 2942 788 2982 manus
801 2928 907 2983 aemula
920 2931 1016 2991 vectet,

292 3027 419 3094 Euterpe,
433 3033 521 3093 eante,
536 3031 564 3081 tu
577 3027 686 3096 dignior
698 3027 791 3082 indole
804 3032 890 3081 tanta.

292 3127 333 3179 Sit
344 3126 485 3193 speculum
495 3140 612 3190 morum,
624 3128 660 3180 sit
672 3127 766 3180 Florus
780 3126 1028 3181 immeritorum.
1344 3154 1352 3171 ·
1364 3163 1396 3203 33
1439 3148 1506 3202 itm.

293 3225 449 3279 emediotus
461 3226 567 3292 Florus,
579 3227 632 3281 vita
645 3226 759 3280 florente
770 3226 897 3292 decorus,
1328 3217 1424 3281 lssssiitst
1432 3215 1486 3267 *11²⁸
1496 3218 1522 3267 ὅ·

293 3323 417 3377 cuimine
428 3329 583 3392 contempto
596 3338 689 3378 rerum
701 3326 866 3392 oumuloque
878 3328 995 3387 retento,

294 3424 385 3477 liebus
399 3424 505 3478 collatis
515 3430 543 3479 et
555 3426 584 3478 in
595 3426 714 3479 aetheris
726 3438 788 3479 aree
801 3425 906 3490 locatis,

296 3524 405 3576 Partim·
417 3524 541 3590 sublatis,
555 3538 584 3578 se
596 3525 709 3591 seilicet,
723 3530 804 3593 atque
818 3525 929 3592 paratis,
1328 3541 1397 3593 Ἥ
1411 3553 1484 3593 nunc
1496 3541 1522 3593 2,

240 3639 242 3642 ⁴
296 3624 361 3691 Regi
373 3624 412 3678 sie
424 3625 504 3691 tatur,
516 3626 588 3678 bene
600 3638 693 3679 seeum
706 3625 780 3693 quod
795 3625 920 3679 videatur

294 3723 355 3774 iam
367 3723 563 3788 promissorum
576 3737 632 3778 non
645 3725 781 3777 inmemor
794 3737 853 3777 esse
865 3736 978 3778 suorum
993 3738 999 3774 :

296 3821 372 3888 Rem,
385 3822 443 3876 ttot
454 3824 580 3891 servivi,
593 3824 667 3878 duan
678 3824 764 3878 eatuo
777 3826 914 3890 tempore
924 3822 1035 3890 quivi,-

297 3922 373 3988 Reoe,
386 3921 444 3976 tiit
454 3924 593 3991 persolvi
604 3922 662 3977 ttot
673 3937 752 3992 quae
764 3924 910 3979 solvendo
923 3923 1051 3977 revolvi.

297 4021 406 4075 Altera
417 4022 562 4077 mundati
569 4035 649 4089 pare
663 4025 709 4077 est
719 4023 867 4076 soluenda
878 4022 985 4076 relati.

298 4118 405 4174 Debita
420 4120 564 4175 Caesarei
573 4122 649 4175 aunt
660 4120 874 4186 redditojura
887 4118 1031 4187 trophaei
1037 4137 1046 4186 ;

298 4219 375 4272 Sunt
389 4219 546 4274 reddendo
558 4219 689 4285 Deijom
701 4223 773 4273 vota
784 4219 895 4287 tidelia
907 4220 982 4287 spei.

301 4318 376 4385 Reos,
389 4319 448 4371 tiot
454 4319 664 4386 praeteritam
676 4319 785 4372 devovi
798 4321 935 4387 tempore
947 4319 1046 4372 uitam
1059 4340 1068 4379 ,·

299 4418 355 4484 Do,
369 4430 453 4485 ropo,
461 4420 660 4484 praesentem
672 4417 803 4470 Domino
813 4430 999 4485 voveamque
1010 4419 1194 4484 sequentem.

300 4518 346 4569 vix
358 4531 405 4571 rex
416 4517 554 4582 concedit,
568 4530 650 4584 quem
660 4518 734 4584 justa
747 4516 841 4582 petitio
855 4516 956 4581 laedit;

298 4620 353 4671 Nec
366 4625 456 4671 tamen
469 4617 594 4680 infestus,
607 4617 732 4683 quatnvis
743 4615 905 4669 discrimine
917 4621 1046 4669 maestus.

155 4731 263 4776 urat.
276 4727 365 4770 riuis.
379 4727 404 4769 τ.
418 4727 437 4769 1.
