3136 5482
333 345 425 395 ersa.
445 345 528 396 uer.
546 345 661 396 erere.
680 366 726 376 -
741 346 893 396 treuna.
912 345 959 394 m>
975 344 1053 394 coa.
1072 342 1145 392 sau.
1288 327 1354 393 427

138 517 227 584 imao,
239 517 294 570 sed
308 515 341 568 in
353 515 573 569 misericordia
586 515 643 568 Dei
655 515 716 568 mei
731 516 812 583 qnod
825 518 853 568 te
864 517 1022 569 conservet
1039 526 1136 582 spero.
1157 515 1238 568 Unde
1251 516 1280 566 te
1287 513 1355 580 pri·

138 629 208 670 num
217 628 278 683 per
290 615 346 670 hoc
357 614 512 669 castitatis
524 615 650 681 signnm
662 628 767 668 moneo
781 627 817 668 ac
827 615 862 667 in
882 614 1004 669 Christo
1016 615 1165 681 deprecor
1176 616 1211 666 nt
1225 612 1356 681 virgini·

138 718 221 770 atem
238 728 333 782 qnam
351 716 409 768 Deo
422 713 572 767 devovisti
585 713 739 782 integram
757 717 862 767 terreos
879 716 908 767 et
927 714 1197 780 incorruptionem
1214 712 1355 778 corporis

138 814 311 882 mimasque
324 813 508 865 inuiolatam
526 812 693 866 antedius.
707 813 770 865 Pro
791 825 854 878 qna
874 825 909 865 re
929 815 959 865 et
970 811 1188 878 praesentibus
1200 810 1355 877 beneficiis

138 912 288 966 beaberis
301 915 331 964 et
342 911 540 978 sempiternis
550 911 677 978 gaudiis
688 910 946 965 remuneraberis.
963 911 1110 976 Ceterum,
1121 911 1203 978 qnod
1215 909 1352 976 qnaeris,

139 1025 238 1080 orpus
251 1024 351 1065 meum
368 1011 502 1064 Turonos
512 1013 522 1029 '
534 1011 576 1064 od
588 1012 689 1064 sedem
698 1023 792 1078 qnam
802 1011 875 1064 reni
881 1010 934 1079 fac
944 1010 1063 1077 deduci,
1074 1009 1177 1078 ibique
1189 1008 1356 1091 cumomni
1368 1017 1376 1034 ·
1388 1015 1503 1068 Turonis
1515 1016 1541 1069 2,

138 1112 294 1178 litigantia
303 1113 374 1177 post
385 1112 517 1164 mortem
529 1109 657 1177 sepeliri
666 1112 685 1163 ⁸.
1382 1118 1391 1135 ·
1404 1115 1488 1181 sepeli
1502 1116 1529 1167 b.

157 1211 214 1264 25.
230 1214 339 1263 Factum
352 1215 393 1263 cst
406 1214 506 1273 autem,
528 1222 590 1263 cum
611 1208 754 1263 audissent
774 1210 858 1262 saneti
877 1210 928 1262 viri
941 1209 1054 1275 obitum,
1069 1222 1165 1262 omnes
1176 1221 1264 1276 paene
1276 1209 1357 1261 totius

138 1311 202 1379 egui
217 1309 361 1377 pontifices
373 1309 537 1362 visitationis
549 1309 635 1377 gratia
648 1312 784 1362 venerunt
796 1308 829 1360 ad
842 1321 915 1361 eum.
935 1312 1009 1362 lnter
1031 1323 1100 1377 quos
1118 1310 1200 1362 etiam
1218 1309 1304 1361 visum
1318 1311 1359 1360 est

138 1411 158 1462 li
172 1407 284 1462 affuisse
297 1413 325 1461 et
336 1409 446 1462 beatum
456 1408 617 1475 Remigium.
627 1407 666 1460 hd
678 1421 759 1474 quem
771 1408 809 1460 sie
821 1408 926 1461 excelsa
936 1422 1002 1462 voce
1014 1409 1083 1460 dixit
1094 1423 1101 1460 τ
1112 1407 1241 1461 Domine
1249 1409 1358 1460 sancte

138 1513 225 1577 ater,
239 1522 305 1563 ecce
317 1508 436 1576 accipio
448 1521 469 1561 a
489 1511 519 1561 te
530 1508 681 1561 viaticum
698 1511 729 1561 et
745 1509 885 1574 egressui
906 1521 971 1561 meo
985 1510 1054 1575 iter,
1069 1511 1103 1561 nt
1115 1511 1213 1562 tecum
1220 1519 1357 1573 pergam

138 1607 329 1663 iduciatiter.
344 1607 505 1661 valedicens
517 1607 609 1675 itaque
622 1607 812 1673 praesentibus
827 1609 873 1674 qui
884 1607 917 1660 ad
928 1621 957 1661 sc
966 1611 1124 1673 venerant,
1138 1607 1234 1673 quinto
1247 1606 1355 1658 decime
1374 1607 1452 1674 '(qui
1465 1605 1501 1659 ad
1513 1619 1543 1659 sc

138 1708 257 1762 alendas
269 1708 375 1775 augusti
387 1708 540 1773 praesentis
558 1707 628 1759 vitae
645 1707 793 1759 terminum
812 1707 910 1759 clausit
927 1713 955 1759 et
972 1707 1101 1760 caelestia
1119 1719 1212 1774 regna,
1233 1705 1356 1771 angelico
1370 1679 1442 1737 ''⁰¹¹''
1457 1685 1516 1726 ⁰²⁷³·
1529 1674 1555 1725 ²·

138 1807 250 1860 ablatus
261 1805 359 1867 efficio,
374 1806 492 1859 intravit.
515 1808 545 1858 ln
558 1806 744 1859 testimonium
765 1819 830 1858 vero
847 1805 890 1858 sui
912 1806 1002 1859 meriti
1024 1807 1086 1859 nire
1105 1805 1249 1858 candidior
1261 1803 1297 1857 de
1308 1817 1357 1858 ure

138 1908 181 1969 ius
193 1919 304 1975 egressa
318 1906 444 1959 columba
457 1905 516 1967 suit,
529 1919 600 1972 quae
612 1905 768 1958 ululantibus
781 1907 887 1958 cunctis
900 1919 1018 1971 superna
1036 1905 1122 1972 petiit.
1137 1906 1177 1958 lbi
1196 1917 1270 1957 nunc
1293 1915 1357 1956 sau·

138 2012 185 2060 tus
198 2006 330 2058 ernulfus
345 2005 424 2072 plena
436 2010 562 2057 aeternae
576 2004 732 2057 resectionis
744 2018 844 2071 pascua
858 2006 961 2057 invenit
974 2009 1002 2057 ct
1013 2009 1127 2071 paterno
1146 2004 1222 2057 vultu
1234 2005 1357 2067 satiatus,

138 2121 188 2161 um
200 2107 344 2174 spiritibus
356 2107 420 2159 vivit
440 2106 579 2174 angelicis.
601 2109 746 2172 Martyrum
768 2107 853 2158 victor
870 2107 1004 2159 exereitus
1017 2119 1066 2173 pro
1078 2106 1138 2171 ejus
1151 2104 1251 2173 gaudet
1263 2105 1357 2157 trium·

140 2208 186 2260 his
200 2207 365 2272 insignibus,
380 2218 464 2273 quiem
476 2206 505 2257 in
518 2219 596 2258 suum
610 2206 779 2258 consortium
793 2207 888 2272 recipit
899 2207 1034 2274 gloriosus
1047 2207 1236 2259 confessorum
1248 2205 1357 2264 chorus,

140 2306 217 2357 mnis
231 2304 278 2357 illa
299 2316 417 2370 superna
440 2303 534 2355 militia
553 2303 587 2355 de
608 2303 694 2369 ipsius
713 2304 877 2369 sempiterna
901 2305 1048 2370 triumphat
1067 2304 1152 2371 gloria
1170 2308 1197 2358 et
1210 2303 1290 2355 habet
1306 2303 1357 2356 sibi

138 2403 269 2456 oncirem
282 2405 365 2467 atque
378 2413 443 2453 suae
455 2400 590 2452 felicitatis
611 2403 764 2466 compotem
790 2401 817 2451 in
835 2399 940 2453 inlinita
959 2401 1131 2454 saeculorum
1150 2400 1266 2454 saecum
1281 2399 1357 2463 inde,

138 2505 205 2553 teate
218 2499 361 2552 confessor
372 2502 399 2551 et
410 2502 522 2564 martyr,
546 2497 695 2563 respiciens
713 2497 857 2550 humilium
876 2512 971 2564 preces
988 2505 1015 2550 et
1032 2504 1103 2563 uota,
1124 2498 1292 2565 supplicibus
1307 2499 1359 2550 tuis

138 2604 245 2666 npetra
259 2603 348 2665 optata
361 2611 475 2651 suorum
487 2598 677 2664 peccaminum
692 2597 823 2650 remedia.
837 2600 888 2650 Ora
910 2612 958 2663 pro
972 2599 1051 2652 nobis
1063 2601 1091 2651 in
1105 2601 1156 2652 hoc
1168 2612 1283 2664 corpere
1297 2611 1359 2651 con·

138 2697 237 2754 citatis.
251 2701 281 2748 ut
293 2709 448 2749 mercamur
461 2695 518 2748 heri
532 2702 672 2749 consortes
685 2704 747 2750 tuae
760 2696 937 2750 beatitudinis
948 2716 954 2762 ;
967 2699 1032 2763 justi
1042 2699 1143 2764 judicis
1156 2699 1223 2751 iram
1236 2704 1355 2751 avertea

138 2795 180 2847 uis
193 2795 282 2847 servis
294 2799 321 2847 et
333 2795 392 2860 ejus
405 2794 483 2847 nobis
496 2794 643 2847 reconcilia
657 2795 873 2848 misericordiam
887 2808 938 2862 ope
952 2801 1014 2848 tuae
1032 2797 1245 2850 intercessionis.
1259 2799 1358 2864 Sicque

138 2893 175 2945 lat
187 2897 219 2945 ut
232 2896 259 2945 et
272 2893 390 2945 futuram
402 2893 493 2958 impiis
507 2892 710 2945 tribulationem
728 2893 876 2947 evadamus
893 2899 921 2946 et
937 2900 1098 2961 praeparata
1112 2896 1193 2963 justis
1206 2900 1294 2948 tecum
1309 2896 1356 2948 im·

138 2992 258 3046 nortalia
269 2992 341 3044 dona
354 2992 525 3058 recipiamus.

163 3091 219 3144 28.
235 3093 296 3143 Post
308 3095 425 3143 mortem
437 3090 599 3143 sanctissimi
613 3090 664 3142 viri
675 3092 839 3145 venerabilis
857 3098 981 3146 matrona
999 3106 1098 3159 corpus
1110 3096 1168 3160 ejus
1181 3095 1359 3163 diligentissi-

138 3189 335 3242 nctractarit:
356 3187 429 3254 quod
451 3187 657 3240 linteaminibus
677 3189 797 3251 involvit,
819 3191 986 3244 aromatibus
1008 3192 1127 3245 condivit
1146 3198 1172 3245 et
1192 3195 1359 3260 sarcophago

138 3287 286 3352 mpositum
298 3287 418 3353 plaustro
429 3287 464 3339 ad
476 3286 669 3340 deducendum
682 3302 737 3354 quo
750 3290 838 3342 iuerat
852 3293 927 3356 jussa
946 3296 1128 3360 superposuit.
1147 3299 1177 3348 ln
1204 3310 1257 3363 qua
1279 3296 1361 3349 dedu·

138 3386 222 3438 uenis
234 3387 276 3438 sia
288 3387 454 3452 quicumque
467 3399 611 3454 aegrorum
626 3394 721 3440 sancto
735 3387 847 3443 fuerunt
858 3392 940 3457 obvii,
951 3408 1000 3460 per
1013 3394 1139 3449 virtutem
1150 3396 1220 3449 beati
1232 3398 1358 3464 martyris

138 3523 141 3531 .
155 3498 327 3551 quacumque
340 3484 505 3537 tenebantur
518 3487 526 3503 ·
540 3484 699 3538 infirmitate
712 3494 875 3541 meruerunt
893 3492 1003 3546 liberari
1017 3507 1024 3544 :
1044 3507 1160 3559 quorum
1172 3509 1243 3561 quae
1255 3509 1361 3548 summa
1394 3493 1403 3511 ·
1421 3489 1525 3543 detine-

138 3583 210 3634 uerit
221 3597 276 3636 non
297 3588 406 3636 nostrae
431 3583 490 3649 opis
510 3588 553 3635 est
572 3584 697 3637 evolvere
720 3585 820 3638 verbis.
846 3587 916 3639 liilia
936 3601 1091 3653 caecorum,
1112 3590 1271 3644 claudorum
1284 3592 1359 3643 milia
1393 3556 1526 3609 hamum·

138 3685 231 3736 =urarit
242 3690 269 3736 et
281 3684 414 3751 quidquid
429 3689 527 3736 natura
549 3684 696 3737 indiscrete
715 3685 892 3739 damnaverat
910 3689 1054 3754 repararit.
1069 3691 1126 3753 Quo
1143 3692 1245 3757 gloriae
1267 3692 1360 3745 trium·

138 3778 187 3834 tho
198 3784 340 3859 comitante
352 3783 532 3835 virtutiferum
544 3783 651 3850 glebam
666 3783 774 3851 longius
787 3788 922 3850 prosecuti
939 3792 1012 3853 sunt,
1025 3788 1112 3842 donce
1130 3791 1274 3843 stationem
1293 3793 1361 3845 iece-

138 3887 199 3933 unt
209 3883 235 3936 in
248 3896 317 3951 pago
329 3884 475 3949 castrensi,
489 3884 574 3936 silvae
587 3883 740 3949 aquilinae,
755 3885 782 3935 in
796 3884 855 3937 loco
865 3887 976 3939 nominc
986 3888 1132 3952 hybernie,
1144 3903 1226 3955 super
1247 3890 1359 3944 tluvium

138 3971 267 4033 testaris.
281 3983 311 4033 ln
325 3981 420 4033 eadem
432 3987 524 4033 autem
538 3985 546 4001 ·
560 3981 627 4033 silva
641 3981 793 4048 herdingus
805 3998 897 4037 cemes
910 3999 1021 4038 cervum
1034 3989 1177 4041 venatibus
1190 3989 1295 4057 agebat.
1309 3993 1358 4054 Qui
1398 3990 1479 4039 'ant
1492 3989 1518 4039 2.

138 4068 243 4150 fllm‘ens,
253 4083 331 4148 juxta
343 4083 541 4151 sarcophagum
553 4083 603 4134 viri
618 4083 663 4134 ltei
677 4083 808 4148 constitit,
823 4089 850 4136 et
862 4085 1038 4151 insequentes
1050 4100 1133 4140 canes
1145 4088 1256 4141 latratus
1271 4089 1360 4143 officio

138 4177 250 4235 brivatos
262 4185 348 4235 virtus
360 4183 452 4235 divina
465 4183 573 4250 longius
585 4186 658 4235 stare
670 4184 812 4248 compulit.
827 4186 949 4252 Cumque
962 4186 1118 4252 praedictus
1130 4201 1222 4241 comcs
1232 4194 1360 4243 aestuans

138 4276 249 4333 veninat
260 4285 287 4333 et
299 4281 397 4334 virtute
411 4281 482 4334 beati
497 4281 600 4333 hrnulfi
615 4281 666 4333 hoc
679 4279 779 4333 iactum
792 4283 925 4335 veraciter
937 4286 1123 4351 comperisset,
1134 4290 1255 4352 pronus*
1268 4288 1296 4340 in
1309 4294 1359 4341 ter·
1373 4283 1546 4349 ‘protinust

138 4375 190 4428 lam
201 4379 322 4433 adoravit
334 4384 362 4432 ct
374 4384 468 4433 sancto
490 4380 607 4446 plurima
625 4379 739 4430 donaria
762 4380 874 4432 devotus
891 4381 998 4434 obtulit.
1012 4384 1140 4449 Sequenti
1154 4384 1284 4450 veredis,
1298 4400 1360 4438 cum

143 4477 257 4542 hospitum
272 4480 322 4531 iter
334 4479 436 4531 vellent
446 4492 586 4546 peragere,
604 4477 771 4530 omnimodis
792 4477 913 4543 impediti
936 4486 1000 4531 sunt
1020 4480 1112 4532 <lirina
1129 4483 1278 4535 voluntate.
1292 4487 1358 4536 h'am

145 4568 279 4633 illustram
292 4579 397 4647 rigebat
408 4581 452 4631 el·
468 4579 550 4631 boves
562 4577 659 4645 pedem
678 4575 818 4642 abigentes
830 4577 898 4632 illud
912 4578 1020 4631 trahere
1034 4591 1089 4633 non
1102 4581 1237 4636 valebant.
1253 4584 1288 4635 lte
1301 4597 1355 4650 quo
1390 4579 1410 4656 ᾖ
1422 4579 1530 4698 (ικῑθεεῑ)9

1375 4659 1451 4714 rrgen
1532 4681 1539 4697 .
