3156 5452
271 319 338 384 302
589 331 712 381 11111.
735 332 837 382 cnon.
857 332 1029 382 1111111111.
1050 331 1131 382 car.

269 503 342 566 litus,
356 503 384 554 in
396 503 474 568 cujus
496 501 644 567 supercilio
657 507 763 554 uastum
785 515 882 568 specus
903 501 1095 568 profunditatis
1108 500 1209 553 nimiae
1222 499 1333 566 patebat
1346 513 1353 548 ε
1368 496 1418 563 qui
1432 497 1506 550 loun

269 601 407 668 cruendam
422 601 494 666 lupis
514 608 541 652 et
554 601 710 653 bubonibus
731 602 885 668 ceterisque
905 602 1041 654 similibus
1061 603 1103 653 sni
1117 599 1313 653 tenebrositate
1334 596 1505 651 domicilium

268 701 389 765 pandere
412 706 600 752 consueuerat.
615 701 662 752 llic
684 713 746 754 uero
766 702 827 754 tabo
839 708 866 754 et
886 701 1030 767 putredine
1049 704 1239 768 congestarum
1261 699 1296 751 ab
1317 696 1506 751 babitantibus

267 801 392 852 carnium
421 813 536 865 serpens
557 806 648 852 tantae
670 800 865 865 magnitudinis
886 808 1043 854 excreverat
1063 800 1266 860 immensitatis,
1284 804 1316 850 ut
1336 797 1384 850 rix
1407 794 1506 850 eudem

267 906 411 966 caperetur
424 901 557 952 foramine
578 901 629 951 nisi
643 907 670 952 et
683 901 723 952 sui
745 901 866 966 corporis
878 902 950 953 mole
972 900 1123 969 angustiam
1136 899 1263 952 dilatarat
1275 898 1437 965 speluncae.
1453 895 1502 960 Qui
1517 899 1533 949 5

267 1011 330 1049 curn
355 999 472 1064 primum
497 1000 630 1051 tumentia
654 999 724 1051 colla
748 984 940 1065 nammiuque
964 999 1068 1051 lumina
1090 999 1162 1051 toras
1184 997 1321 1063 coepisset
1343 1001 1501 1057 ostentare,

268 1103 386 1162 coaetus,
400 1105 429 1150 ut
441 1099 570 1165 diximus,
584 1104 642 1151 arta
664 1099 840 1154 habitatione.
863 1098 927 1151 latu
949 1099 1110 1151 llammilero
1131 1103 1157 1151 et
1177 1098 1263 1150 fetore
1274 1109 1405 1163 quaeque
1424 1101 1502 1149 erant

268 1198 340 1249 circa
361 1199 476 1265 ligerim
497 1200 699 1265 ligeritumque
722 1212 821 1264 pascua
843 1198 971 1261 foedauit,
994 1211 1129 1267 agrosque
1151 1199 1179 1250 in
1199 1197 1297 1250 eodem
1317 1196 1438 1249 circuitu
1459 1196 1500 1249 sui

269 1298 471 1362 importunitate
492 1298 643 1351 cultoribus
661 1300 795 1350 vacuavit.
817 1300 986 1351 brosellam
1009 1299 1127 1364 desuper
1150 1298 1274 1350 volantes
1294 1296 1355 1361 ejus
1377 1296 1500 1349 anhelitu

270 1395 448 1461 interemptae
468 1396 631 1449 decidebant
652 1399 685 1450 ad
709 1399 771 1451 ima.
787 1401 870 1451 liures
890 1413 938 1463 pcr
951 1399 1065 1466 Ligerim
1079 1409 1234 1450 commeare
1250 1394 1406 1462 gaudentes
1424 1396 1503 1448 simul
1521 1398 1549 1448 11

270 1505 331 1543 cum
355 1493 543 1560 nauigantibus
565 1495 749 1548 sortiebantur
773 1496 953 1562 naufragium.
967 1494 1043 1559 Quod
1065 1496 1153 1546 cirum
1176 1494 1234 1560 bei,
1247 1492 1369 1545 clamore
1388 1498 1505 1557 perstre·

272 1600 351 1656 pente
364 1591 517 1649 huminum.
531 1595 614 1647 latere
635 1610 691 1648 non
705 1597 801 1662 potuit.
815 1598 936 1662 benique
948 1598 1080 1649 auxilium
1098 1596 1207 1647 diuinae
1221 1593 1330 1660 pietatis
1344 1594 1505 1659 implorans.

271 1693 424 1745 convocatis
446 1706 538 1745 secum
560 1695 694 1761 religiosis
712 1694 875 1760 quibusdam
894 1695 1033 1753 iratribus.
1047 1696 1171 1760 dansque
1191 1694 1233 1745 eis
1253 1692 1345 1745 dulcia
1365 1688 1505 1758 affamina,

271 1791 349 1844 solito
363 1804 438 1844 more
450 1792 483 1845 ad
502 1794 552 1846 boc
565 1795 749 1860 spectaculum
764 1795 934 1847 cernendum
948 1795 1028 1846 simul
1041 1794 1131 1860 coepit
1140 1795 1189 1845 ire.
1203 1795 1328 1858 0111111111
1340 1791 1384 1843 111
1396 1792 1504 1845 bomini

272 1891 431 1942 Maximinus
448 1893 518 1946 ustio
538 1894 768 1960 appropinquaret
781 1894 938 1959 speluncae,
952 1895 1089 1960 persensit
1108 1906 1221 1959 serpens
1240 1891 1366 1944 caelestis
1388 1893 1502 1956 potesta·
1522 1891 1548 1940 l5

273 1996 326 2041 teni
349 1989 513 2043 fortitudinis
534 1991 587 2044 sibi
609 1993 747 2045 inimicam
763 1993 867 2051 adfore,
891 2007 985 2060 seque,
1008 1992 1174 2046 furibundus
1195 1999 1221 2045 et
1242 1989 1366 2053 timidus,
1390 1990 1504 2056 cupiens

272 2091 418 2151 occultare,
433 2093 460 2143 in
481 2093 590 2157 spelaeo
612 2094 762 2146 conabatur
783 2095 873 2147 redire
888 2110 894 2146 :
910 2095 984 2161 quod
1006 2095 1103 2149 iratres
1123 2095 1170 2161 qui
1190 2107 1253 2146 cum
1274 2092 1337 2158 ipso
1355 2096 1437 2144 erant
1449 2104 1502 2143 non

272 2188 331 2239 sine
346 2194 462 2241 tronione
483 2196 608 2255 poterant
621 2197 753 2256 spectare.
768 2194 840 2254 Quos
861 2193 907 2244 ille
921 2193 1072 2258 increpare,
1087 2205 1136 2245 cnr
1148 2193 1285 2256 timerent,
1299 2203 1364 2242 cum
1377 2190 1502 2255 omnipo·

276 2287 357 2338 tentis
374 2288 502 2352 juramen
520 2288 548 2340 in
571 2291 968 2358 1111111111111111111111111111
989 2296 1100 2356 accepto
1121 2291 1226 2342 minimi
1248 2288 1322 2355 ignis
1344 2288 1503 2354 parvissimo

276 2392 358 2453 torre,
372 2391 398 2438 et
410 2387 487 2452 signo
499 2389 588 2441 crucis
601 2402 664 2454 prae
685 2390 771 2443 1111111
784 2393 945 2456 anteposito.
960 2390 1050 2444 scrobi
1063 2391 1156 2456 injecit
1170 2405 1175 2441 :
1191 2389 1238 2455 qui
1251 2402 1285 2440 ex
1307 2389 1353 2440 sui
1374 2387 1501 2454 parcitate
1514 2383 1540 2434 tl

274 2487 302 2537 in
316 2492 405 2540 tantos
427 2488 596 2540 flammarum
617 2489 713 2556 globos
727 2491 845 2542 excreuit
866 2495 895 2541 ut
914 2495 998 2543 totam
1012 2491 1161 2561 uastitatem
1183 2487 1258 2541 illius
1280 2488 1406 2554 repleret
1422 2486 1500 2539 antri.

273 2588 328 2649 Qua
341 2586 483 2638 adustione
500 2589 596 2653 anguis
609 2589 637 2639 in
650 2587 759 2640 cineres
778 2591 883 2641 solutus
897 2590 932 2640 ita
944 2589 1050 2643 delituit
1063 2594 1091 2642 ut
1104 2590 1235 2654 deinceps
1247 2588 1360 2641 nullum
1373 2589 1435 2652 ejus
1449 2599 1500 2640 cor·

275 2684 346 2746 poris
358 2684 499 2750 uestigium
514 2685 628 2735 inveniri
641 2687 771 2751 potuerit.

307 2780 360 2832 32.
375 2783 406 2832 Et
426 2794 480 2832 non
494 2783 582 2833 sulum
605 2791 757 2848 serpentem
771 2784 879 2847 delevit,
894 2797 987 2837 rerum
1009 2786 1089 2837 etiam
1103 2783 1198 2837 eadem
1220 2784 1332 2836 tlamma
1346 2785 1384 2835 ita
1397 2784 1500 2848 spelun-

274 2894 331 2930 cam
346 2881 485 2931 inundauit
497 2888 527 2932 nt
536 2894 605 2946 (puae
619 2884 705 2934 t'uerut
718 2884 855 2948 cruendam
869 2885 998 2937 habitatio
1010 2885 1139 2949 ferarum,
1151 2887 1243 2950 posset
1255 2889 1323 2935 tunc
1337 2882 1398 2935 lleri
1409 2883 1500 2951 gratis·
1515 2881 1521 2891 ⁴

274 2980 342 3030 sima
353 2980 432 3031 statio
447 2979 597 3032 bonrinuin.
614 2985 670 3044 Quo
683 2989 792 3035 sanctus
805 2985 910 3036 burnini
924 2985 1053 3037 iratribus
1069 2986 1116 3050 quii
1130 2984 1181 3036 sibi
1195 2983 1356 3047 superstites
1370 2986 1466 3034 essent
1478 2992 1508 3033 se

275 3079 463 3132 tumulandum
477 3094 538 3133 csse
549 3083 679 3147 poposcit.
690 3084 787 3148 sicque
798 3085 916 3149 pecudes
926 3092 952 3137 et
962 3098 1023 3136 aues
1035 3086 1065 3136 in
1079 3092 1183 3150 pastum
1194 3089 1221 3136 et
1230 3082 1353 3136 volatum
1365 3082 1508 3148 proprium

275 3189 436 3246 receperunt
448 3197 537 3245 usum,
547 3184 665 3249 indeque
677 3184 758 3251 iugali
770 3187 886 3238 ‹ciiltores
896 3188 978 3251 ganisi
989 3191 1052 3237 sunt
1063 3185 1219 3238 hereditatis
1230 3184 1359 3250 propriae
1370 3184 1520 3249 recepisse

273 3283 492 3334 contubernium.
508 3287 591 3333 Nartes
609 3298 682 3343 11111,
696 3299 765 3349 «punc
788 3288 932 3337 1111111111
947 3287 1055 3337 lucrant
1070 3293 1096 3337 et
1119 3293 1211 3350 postea
1224 3285 1383 3336 facultatem
1398 3283 1519 3336 itineris

274 3389 461 3446 perceperunt,
484 3381 518 3433 tle
540 3383 589 3434 sibi
611 3383 756 3448 suppositis
776 3385 905 3436 oneribus
927 3387 1120 3437 riiunasterinui
1143 3385 1228 3437 sancti
1251 3382 1392 3435 llaxirnini
1415 3390 1516 3448 usque

273 3480 353 3532 bodie
366 3480 525 3533 honorando
547 3482 730 3533 accumulant.
745 3483 784 3532 lili
807 3483 972 3546 ‹lepuutantur
985 3486 1050 3535 tinec
1072 3497 1165 3549 opera,
1180 3484 1225 3549 qui
1249 3496 1297 3549 per
1310 3485 1425 3547 Moysen
1438 3480 1524 3532 dile*

273 3587 344 3630 ctum
359 3580 489 3632 tantulum
504 3581 531 3631 in
544 3580 652 3633 cicscrto
674 3588 826 3645 serpentem
840 3595 955 3633 aeneum
975 3584 1103 3649 suspendi
1122 3583 1260 3649 praecepit
1271 3584 1301 3634 in
1324 3594 1389 3635 aera
1403 3582 1532 3646 11111·υὲ

274 3680 371 3731 intuitu
385 3688 545 3732 curarentur
557 3681 656 3745 ciuibus
668 3681 798 3747 anguium
811 3694 916 3732 morsus
929 3682 1095 3734 ferocissima
1114 3683 1249 3735 inllixerat
1262 3682 1390 3735 vulnera.
1406 3683 1428 3732 0
1444 3684 1534 3732 vere

272 3780 317 3830 liei
339 3782 454 3832 amicum
477 3785 503 3833 et
516 3781 666 3845 peremnia
680 3780 886 3833 dilectissimum
899 3784 1019 3845 servum,
1034 3796 1080 3848 per
1092 3797 1174 3849 quem
1193 3783 1325 3835 Dominus
1340 3794 1398 3834 non
1415 3780 1534 3832 solurn

268 3877 358 3930 clades
370 3879 443 3931 delet
454 3892 609 3943 corporum,
623 3879 669 3930 sed
683 3880 762 3930 ctiam
776 3888 886 3932 evacuat
901 3881 1077 3933 invisibilium
1091 3886 1248 3946 potestatem
1263 3880 1457 3933 inimieorum.

304 3976 358 4029 33.
380 3978 424 4029 llis
447 3979 537 4043 itaque
558 3984 584 4029 et
603 3978 664 4028 aliis
684 3991 765 4043 quam
788 3978 912 4042 plurimis
934 3980 1062 4032 uirtutum
1085 3981 1239 4047 insignibus
1261 3986 1374 4032 sanctus
1397 3971 1539 4033 bomini

273 4076 415 4142 perspicue
428 4083 584 4138 exornatus,
596 4081 731 4128 transacto
743 4083 802 4141 post
812 4077 862 4129 ista
875 4079 997 4143 biennio,
1010 4080 1510 4146 1111111111111111011113111111111)
1524 4104 1545 4119 ·

274 4175 402 4229 iratribus
414 4176 507 4228 accitis
526 4175 703 4227 blandissimo
716 4177 782 4227 baec
795 4189 842 4228 ore
863 4177 1001 4241 proludit:
1020 4178 1135 4243 Cavete,
1150 4176 1270 4245 fraires
1291 4174 1510 4232 dilectissimi
1524 4205 1548 4232 9

109 4296 120 4315 ·
126 4295 240 4361 ,upple
272 4284 292 4323 u
303 4271 499 4339 subreptione
509 4272 640 4325 inimici.
650 4285 779 4338 euinque
792 4275 798 4288 ·
812 4285 933 4339 scrupea
943 4274 1095 4327 1111111111
1109 4275 1273 4329 insolubili
1281 4275 1412 4329 viuculo
1425 4269 1518 4330 cari
1527 4285 1553 4298 ‘

118 4360 236 4426 pacem?
275 4370 574 4437 ianuamianuaim
595 4370 633 4423 cb
645 4373 770 4423 aeterno
786 4383 857 4423 cum
878 4370 1034 4438 frutribus
1047 4371 1159 4426 11111111
1178 4374 1281 4427 noluit
1293 4373 1350 4439 qui
1361 4374 1402 4426 de
1419 4370 1556 4428 caelo

275 4468 419 4536 dilapsus
438 4466 480 4522 nd
492 4471 556 4522 ima
577 4470 706 4523 corruit.
720 4470 847 4522 Necesse
867 4474 912 4524 est
932 4472 1014 4524 enim
1035 4472 1118 4526 vobis
1136 4474 1294 4526 luctantem
1306 4471 1423 4526 babere
1434 4469 1561 4526 11112*ι

274 4567 482 4623 invisibilibus
496 4570 721 4637 potestatibus,
743 4585 822 4636 quens
843 4572 1004 4625 devincere
1022 4573 1122 4625 solent
1142 4572 1197 4639 qui
1216 4570 1301 4624 nibil
1321 4571 1359 4624 111
1379 4563 1524 4624 saecul
1548 4568 1568 4595 ¹
