3136 5482
170 319 209 383 18
521 333 645 383 caran.
665 332 742 381 con.
761 330 934 381 uncinos.
953 331 1034 380 car.

27 512 35 530 ·
47 510 111 565 god,
169 500 285 553 rotensis
295 498 469 566 coenobii(l),
477 500 544 565 quin
554 500 635 551 etiam
646 499 867 553 beataellaleriao
876 497 990 565 virginis
998 497 1206 551 cambonensis·
1217 496 1252 560 (Ξ)
1261 494 1382 549 alluerur

1 576 146 646 *mnemia
167 599 303 665 pretiosae
315 598 457 664 reliquiae,
471 610 579 652 necnon
591 604 618 651 et
629 600 716 651 sancti
729 599 800 652 Petri
810 598 990 666 patrocinium
1004 598 1154 652 Evanensis
1163 601 1208 662 (ὅ).
1219 597 1310 650 saneti
1322 609 1382 649 sant

165 700 271 753 tissima
283 699 364 753 etiam
375 699 445 753 beati
456 700 533 766 gleba
543 699 675 753 leonardi
685 700 731 765 (l),
741 700 883 766 sanctique
893 699 1033 752 Benedicti
1044 701 1078 764 (5)
1088 713 1120 751 ac
1130 699 1216 751 saneti
1228 698 1344 750 parenti
1354 698 1382 759 (o

166 802 270 853 interea
291 798 393 867 etllgies
411 806 521 852 sanctae
540 798 586 851 liei
607 798 747 866 genitricis
768 799 951 851 sacratissima
965 799 1062 851 bariae
1074 797 1242 850 multimodis
1254 811 1319 849 eum
1339 795 1382 848 alii

96 922 100 931 .
164 903 319 951 sanctorum
340 898 642 963 innumerabilibusque
663 897 820 962 patrociniis
840 896 908 949 illue
928 910 1023 949 omnes
1054 909 1085 948 ex
1105 897 1224 949 diversis
1246 894 1382 962 provincii

163 1011 218 1051 una
230 1009 292 1049 curn
305 996 450 1049 devotione
462 1002 641 1050 occurrerunt
652 996 794 1049 laetantes.
808 994 901 1048 Obiter
914 996 1060 1048 recolimus
1081 1002 1210 1061 tantaque
1228 994 1382 1047 eonveniss

163 1099 320 1147 sanctorum
342 1094 503 1158 patrocinia,
517 1094 631 1147 minimo
651 1093 799 1147 diffidimus
820 1092 857 1147 ibi
879 1095 960 1147 etiam
979 1094 1075 1147 adesse
1093 1095 1253 1160 angelorum
1273 1093 1382 1160 agmina

163 1192 358 1260 Religiosorum
371 1206 481 1259 quoque
494 1200 548 1245 tam
558 1194 757 1246 monachorum
768 1199 873 1245 turmae
884 1206 966 1259 quam
984 1193 1130 1245 illustrium
1141 1193 1305 1245 clericorum
1318 1194 1382 1243 inni

165 1290 311 1343 merabiles
323 1290 479 1342 catervatim
500 1289 617 1343 dulciter
636 1290 792 1355 psallentes,
814 1290 859 1342 alii
879 1290 964 1343 melos
976 1291 1031 1342 alta
1043 1302 1109 1343 voce
1122 1291 1197 1343 eaelo
1209 1297 1293 1342 tenus
1305 1289 1382 1341 conci

21 1422 29 1439 .
42 1418 106 1472 cod·
168 1394 273 1455 nentes,
287 1388 332 1440 alii
343 1387 458 1455 lrymnos
467 1388 619 1442 dulcisonis
632 1388 720 1442 modis
730 1387 928 1454 praecinentes,
940 1387 986 1440 alii
996 1402 1060 1442 vero
1070 1389 1210 1442 diversam
1224 1390 1232 1407 ·
1246 1389 1382 1442 melodias

8 1483 123 1537 diversa.
160 1487 283 1555 jucunde
294 1487 465 1542 decantando
477 1488 558 1556 digna
572 1490 625 1541 lieo
637 1488 769 1554 obsequia
781 1488 928 1552 solventes,
942 1488 1035 1555 glebas
1048 1492 1206 1540 sanctorum
1220 1500 1321 1553 magna
1335 1499 1382 1539 eur

166 1587 318 1641 reverentia
331 1592 470 1640 tantorum
481 1587 622 1653 gerebant.
636 1587 779 1640 Multitudo
791 1586 893 1639 etenim
905 1588 1023 1639 maxima
1036 1587 1168 1639 nobilium
1183 1585 1317 1639 laicorum
1338 1600 1382 1639 cui

23 1718 30 1735 .
43 1714 107 1767 cod⁸
166 1686 361 1740 numerositate
373 1686 447 1752 vulgi
459 1685 651 1738 inaestimabili
663 1687 681 1749 ·,
695 1698 810 1738 numero
824 1699 875 1737 nec
886 1686 1021 1739 clauditur
1033 1686 1128 1738 ulloo
1141 1686 1235 1752 quanti
1246 1686 1299 1737 viri
1311 1698 1382 1752 quar

2 1778 135 1834 nextima-
160 1789 259 1850 taeque
270 1783 403 1837 bonestae
416 1782 543 1836 mulieres
557 1782 591 1835 ad
604 1789 658 1835 tam
670 1783 837 1849 praeclaram
849 1782 1049 1836 dedicationem
1063 1797 1124 1835 cum
1143 1783 1270 1835 maximis
1279 1783 1382 1836 diversi

35 1845 93 1900 bili.

167 1882 351 1936 oblationibus
364 1894 396 1934 ex
408 1881 537 1934 omnibus
557 1881 680 1946 partibus
698 1888 837 1948 gratanter
851 1882 1045 1947 adventabant,
1064 1887 1094 1933 ut
1105 1881 1243 1934 videretur
1255 1882 1371 1947 quidem

168 1980 291 2048 plurimis
303 1980 393 2034 omnis
407 1980 464 2033 lere
474 1981 559 2033 cosmi
572 1981 690 2033 ambitus
703 1980 799 2033 eodem
819 1981 848 2033 in
870 1981 929 2034 loeo
938 1992 995 2033 una
1007 1993 1068 2032 esse
1082 1979 1237 2033 intentione
1249 1994 1382 2049 congrega

168 2085 220 2130 tus.
235 2079 335 2130 Omnes
348 2077 440 2143 itaque
452 2077 550 2144 gaudio
561 2078 647 2144 gavisi
661 2089 768 2144 magno,
782 2090 843 2129 cum
859 2075 967 2143 bymnis
979 2085 1005 2129 et
1018 2076 1146 2130 laudibus
1157 2078 1309 2130 felicissimi
1325 2079 1382 2131 t’als

167 2175 215 2227 rici
228 2172 359 2241 reliquias
372 2186 433 2227 cnm
446 2187 530 2227 aureo
542 2173 725 2228 condiderunt
735 2174 840 2227 locello.
852 2173 969 2226 Praelati
981 2188 1044 2227 vero
1054 2175 1174 2241 episcopi
1183 2174 1273 2229 triduo
1285 2176 1323 2230 ibi
1336 2190 1382 2229 eur

169 2281 243 2329 tanta
265 2275 429 2342 populorum
451 2280 557 2327 caterva
579 2280 790 2342 commorantes,
804 2274 967 2327 canonicum
981 2276 1129 2328 concilium
1141 2274 1176 2328 de
1190 2288 1254 2341 paee
1266 2277 1382 2330 ecelesia

168 2374 301 2427 babentes
312 2375 358 2438 (7),
371 2378 486 2426 cunctos
498 2373 550 2426 loci
564 2373 645 2439 nujus
657 2371 835 2425 sacratissimi
856 2374 994 2426 communi
1016 2374 1132 2427 consilio
1149 2373 1335 2437 absolventes,
1357 2377 1382 2430 fil

169 2472 357 2538 missimisque
370 2472 608 2525 benedictionibus
622 2470 824 2524 benedixerunt
836 2472 1034 2525 benefactores.

635 2686 927 2697 ——.-...

392 2940 480 3027 XII.
514 2940 638 3026 Godex
668 2940 856 3050 signatus
878 2965 990 3029 num.
1025 2940 1180 3031 9111.

202 3153 270 3204 Olim
290 3151 415 3205 coenobii
434 3151 526 3204 sancti
543 3152 644 3204 livurtii
656 3149 691 3204 de
702 3151 891 3217 llilbermerio,
904 3152 1004 3206 deinde
1017 3156 1110 3206 sancti
1128 3157 1260 3208 llartialis
1278 3160 1380 3212 Lemov

171 3251 262 3305 censis
273 3252 337 3314 (till,
351 3256 443 3317 postea
456 3251 554 3317 Regius
567 3252 595 3302 Ρ.
609 3252 668 3315 too,
681 3252 709 3303 C.
723 3253 797 3304 3880.
1188 3312 1192 3319 ,

201 3351 335 3403 Foliorum
348 3352 390 3413 til,
404 3350 475 3402 med.
490 3351 709 3415 (0¹¹²,5l>(0‚2l5),
722 3348 803 3402 lineis
816 3349 913 3415 plenis,
926 3356 1053 3404 exaratus
1067 3364 1137 3403 saec.
1151 3353 1215 3403 xlv.

270 3457 307 3530 l⁰
324 3455 408 3532 Vita
437 3455 558 3532 sancti
590 3454 737 3533 Evurtii
758 3451 942 3557 ¹episcopi
975 3461 1037 3547 [etl
1057 3457 1291 3534 confessoris
1319 3459 1382 3552 (sol

318 3577 481 3674 liis-36³).

199 3779 234 3842 (l)
253 3778 336 3843 vulgo
354 3775 509 3840 Charo-acar,
529 3774 557 3826 in
576 3772 698 3827 dioecesi
718 3759 877 3827 pictaviensi
895 3776 992 3836 (Gall.
1009 3775 1130 3844 Christ,
1144 3782 1163 3828 t.
1178 3778 1211 3841 11,
1224 3790 1249 3841 p.
1269 3778 1349 3840 llil).
1367 3805 1382 3813 -

164 3868 198 3932 tt)
218 3868 301 3935 vulgo
323 3865 480 3919 Chamboo
495 3866 625 3930 (Creuse).
644 3864 698 3917 Cir.
721 3865 807 3930 prael.
826 3865 861 3917 ad
878 3866 1005 3920 lliraeula
1023 3869 1064 3919 8¹⁰
1077 3866 1202 3919 valeriae
1215 3866 1318 3929 (Anat.
1332 3867 1382 3919 Bor

165 3959 265 4022 land,
289 3963 354 4011 tom.
377 3958 454 4020 lllll).
471 3984 505 3993 -
521 3958 556 4021 (5)
576 3955 787 4022 Aureae-vallis,
808 3956 889 4024 vulgo
908 3957 1038 4015 Aircau,
1054 3959 1082 4010 in
1097 3956 1218 4011 dioecesi
1238 3957 1382 4022 ltupellem

166 4049 254 4115 (ibid,
268 4063 293 4115 p.
310 4050 393 4113 1386).
413 4075 447 4084 -
462 4047 497 4110 (l)
513 4047 540 4097 S.
554 4045 722 4111 leonardus,
735 4045 885 4112 discipulus
897 4049 924 4100 S.
939 4048 1063 4115 Remigii,
1078 4048 1179 4101 colitur
1192 4047 1342 4101 lemovicis
1354 4045 1382 4098 di

166 4139 364 4194 dnovembris.
382 4167 416 4176 -
431 4138 465 4202 (tl)
484 4138 522 4188 lix
538 4135 703 4189 monasterio
722 4135 907 4190 Floriaoensit
923 4166 957 4177 -
974 4140 1008 4203 (o)
1026 4140 1064 4191 Ex
1083 4139 1144 4193 vico
1162 4139 1255 4190 Sancti
1273 4136 1382 4191 Paxentl

165 4231 394 4294 ‹saint-Paissant)
406 4230 435 4281 in
447 4228 564 4281 dioecesi
578 4227 737 4281 bituricensi
748 4228 880 4292 (eleut
894 4229 954 4287 SS..
966 4234 1031 4283 tom.
1047 4231 1077 4282 vl
1091 4231 1177 4297 Sept,
1189 4243 1215 4295 p.
1229 4231 1288 4293 bil,
1303 4242 1330 4280 n.
1347 4229 1382 4291 111

164 4349 199 4359 -
217 4319 254 4388 (7)
271 4319 421 4374 concilium
430 4317 504 4370 istud
518 4317 709 4371 lemovicense
720 4318 786 4372 anni
800 4321 864 4372 11135
884 4333 941 4372 non
962 4326 1130 4374 memoratur
1142 4320 1171 4372 in
1185 4318 1382 4372 collectionibu

164 4411 357 4465 conciliorum.
384 4437 415 4447 -
444 4410 480 4471 (8)
496 4398 747 4461 scilieet'interlori
768 4412 924 4476 tegumento
945 4409 1112 4479 agglutinata
1140 4414 1184 4462 est
1210 4409 1382 4462 chartulam

165 4500 300 4568 inscripta
321 4506 364 4555 est
380 4505 444 4554 nota
463 4501 481 4551 E
499 4500 547 4551 lttl
564 4497 660 4565 :quall
672 4497 774 4553 indicio
786 4498 913 4567 insigniri
925 4500 1015 4554 solent
1026 4500 1136 4555 codices
1149 4498 1277 4554 coenobii
1301 4503 1382 4553 sanct

165 4593 304 4649 llartialis.
