3136 5482
258 317 325 385 260
603 336 729 385 curuo.
750 334 851 384 copo.
872 333 1046 385 uuoroort.
1066 333 1145 385 tur.

79 504 237 557 ‘tactumtt
454 504 557 571 Quippe
569 504 611 558 oui
625 503 793 557 latum‘lirit
805 505 834 557 iu
845 502 1003 557 discrimine
1015 505 1131 572 gratum.

458 603 560 655 Excutit
572 603 600 655 in
613 616 679 656 cura
691 603 829 657 carissima
840 603 894 656 uita
907 601 1008 655 lutura.

456 702 501 753 llis
513 702 597 770 signis
609 704 717 756 llaurus
728 716 779 769 par
791 707 832 754 est
844 701 903 767 tibi,
917 703 1006 766 Petre,
1020 699 1128 754 duobus
1141 717 1149 754 ι

455 801 544 854 Gratia
556 815 694 864 curarum,
708 815 757 869 par
769 807 809 854 est
824 801 947 855 incessus
959 812 1102 867 aquarum.

342 900 388 952 40
400 898 461 968 (tto).
495 904 554 953 tam
567 901 662 954 iratres
674 907 783 954 centum
796 905 860 955 sunt
871 898 1049 968 quadraginta
1060 906 1225 966 proventum

454 1003 502 1051 liat
515 1005 593 1066 pater
603 999 745 1065 ecclesiae,
759 1012 829 1067 quos
840 1000 935 1053 matris
947 997 1109 1052 condicione

456 1100 571 1151 Parturit
583 1099 708 1165 exemplo
719 1099 790 1152 ritae
802 1112 865 1152 cum
878 1098 1001 1165 simplice
1012 1096 1107 1151 verbo.

455 1199 557 1265 Arguit,
569 1197 692 1251 hortatur
704 1197 847 1265 quosdam,
857 1199 1002 1264 justosque
1014 1199 1149 1262 precatur,

455 1299 508 1349 llos
521 1310 555 1350 ue
567 1296 705 1364 deliciunt,
719 1298 768 1351 lios
780 1310 815 1350 ne
827 1296 935 1350 delusio
947 1295 1022 1349 liant.

453 1398 527 1450 Vitae
540 1401 704 1450 monstrator
715 1395 867 1451 circumdat
879 1396 960 1450 ovilia
972 1400 1065 1461 pastor
1078 1412 1085 1459 3

453 1496 492 1547 lit
504 1497 588 1550 verbo
602 1509 708 1563 saepes,
722 1509 757 1549 ne
770 1502 862 1549 currat
874 1495 960 1549 bestia
973 1506 1097 1561 praepes.

452 1597 559 1662 oraque
573 1596 718 1661 praedonis
730 1595 835 1662 profert
846 1599 938 1648 exerta
951 1594 1047 1648 leonis.

342 1692 388 1744 47
400 1693 461 1759 (oo).
497 1695 581 1747 Annis
594 1694 721 1747 bissenis
733 1707 810 1748 sacro
823 1696 875 1748 sul)
888 1695 1006 1762 tegmine
1018 1692 1107 1759 plenis

455 1793 592 1847 tlensibus
603 1798 684 1860 atque
698 1794 784 1847 tribus
796 1793 891 1847 Florus
903 1791 1071 1858 totidemque
1083 1789 1184 1845 diebus

453 1892 565 1944 cursum
578 1892 732 1957 complevit,
744 1896 838 1945 saneto
851 1904 914 1945 cum
926 1890 981 1944 line
993 1890 1105 1958 quievit.

453 1990 480 2041 si
493 1990 540 2043 tibi
553 1992 698 2057 scriptores
711 1992 819 2044 titulum
831 1991 922 2046 secere
941 1991 1055 2056 priores,

454 2091 519 2141 ilem
532 2095 624 2143 tamen
637 2090 767 2157 implebo,
782 2104 832 2145 neo
844 2089 879 2144 de
891 2096 927 2155 te,
941 2088 1030 2152 Flore,
1042 2088 1138 2143 silebo.

453 2192 518 2241 ilum
531 2190 602 2243 bene
614 2190 729 2259 gessisti,
743 2204 855 2244 carmen
867 2189 917 2245 tibi
931 2188 1114 2256 promeruisti.

739 2292 862 2345 Treuus
879 2291 975 2344 Flori-
993 2294 1001 2311 ⁹

454 2390 509 2455 llic,
523 2390 565 2442 laic
579 2392 709 2456 putrescit
720 2392 762 2443 vir
775 2390 892 2456 nobilis3
906 2390 949 2443 hio
962 2388 1109 2457 requiescit

453 2489 556 2557 Florus,
570 2487 653 2556 litque
666 2490 745 2556 cinis,
759 2491 842 2543 rebus
854 2503 916 2543 cum
929 2487 1051 2556 pondere
1064 2486 1137 2541 binis

452 2591 519 2641 Usus
530 2594 557 2642 et
569 2588 620 2643 lroc
633 2590 735 2643 mundo
749 2590 812 2643 felix
824 2602 946 2658 ususque
959 2586 1089 2649 secunde,

450 2688 513 2754 llegi
527 2690 692 2741 Francorum
705 2688 805 2755 placuit
817 2690 929 2757 regique
942 2688 1077 2755 polorum.

451 2786 524 2838 Felix
536 2787 565 2839 in
578 2787 659 2855 regis,
673 2786 781 2841 felicior
792 2788 820 2841 in
833 2789 890 2841 vice
903 2787 979 2855 lepis,

449 2885 555 2937 llilibus
568 2886 596 2937 in
611 2886 684 2939 mille
697 2900 769 2939 nunc
783 2886 957 2939 felicissimus
970 2885 1015 2938 ille

450 2987 478 3036 ln
491 2984 574 3037 caelis
586 2984 698 3049 plaudit,
712 2989 754 3038 ter
764 2986 896 3039 Sanctus
908 2990 999 3038 cantat
1010 2992 1037 3038 ot
1048 2982 1133 3037 audit.

284 3178 329 3232 48
340 3180 445 3245 (tlt-ott).
483 3184 543 3232 Post
555 3187 658 3246 patrem
671 3187 750 3234 uatus
762 3184 894 3235 suecessit
906 3180 1125 3250 Titeodeltaldus,

448 3280 491 3330 vir·
504 3280 564 3345 pius
576 3285 603 3333 et
615 3280 714 3346 clarus,
728 3284 820 3334 llauro
833 3295 943 3348 quoque
959 3294 1009 3348 pro
1022 3286 1098 3347 patre
1110 3292 1214 3346 carus3

449 3381 495 3429 (lui
508 3380 569 3444 plus
581 3379 692 3433 donarit
704 3386 789 3447 patre,
804 3393 856 3434 nee
867 3380 933 3448 quid
946 3379 1132 3450 degeneravit.

448 3483 523 3532 Turro
535 3493 706 3533 successores
719 3482 840 3546 patribus
852 3481 961 3535 fuerant
972 3481 1118 3543 meliores3

449 3577 501 3629 sed
515 3579 598 3631 nostri
612 3593 702 3633 mores
715 3585 876 3633 meruerunt
888 3580 1039 3634 deteriores
1052 3595 1058 3631 :

449 3681 531 3731 liores
543 3678 647 3732 accedit
660 3681 745 3746 pejor,
760 3681 846 3734 rualus
858 3681 935 3734 unde
947 3679 1057 3735 recedit.

450 3782 554 3831 l'unore
568 3786 732 3844 praeventus
744 3779 793 3833 sed
805 3793 863 3846 rex,
877 3779 1049 3849 gemebunda
1059 3780 1203 3846 juventus,

448 3878 512 3945 Regi
525 3890 581 3930 uon
594 3879 669 3946 segni
682 3878 785 3932 dimisit
797 3880 918 3933 culmina
931 3881 1006 3948 regni

445 3979 597 4043 diethardo,
611 3981 734 4032 llaurum
746 3980 796 4032 sibi
810 3981 857 4047 qui
870 3992 979 4048 quoque
992 3980 1055 4034 fecit
1066 3979 1200 4034 amicum.

326 4077 370 4129 49
382 4078 443 4141 (59).
480 4081 580 4130 lterum
593 4077 723 4132 sollicitus
736 4079 867 4133 lustrabat
878 4079 990 4147 praedia
1002 4080 1119 4134 ltaurus.

446 4178 511 4228 Cum
523 4175 686 4242 divertisset,
700 4189 754 4244 quo
765 4191 794 4230 se
807 4177 895 4231 lessus
905 4185 1053 4233 recreasset

447 4278 565 4330 Psalrnos
577 4277 722 4335 cantando.
737 4291 787 4331 nec
802 4285 866 4333 tuuc
878 4293 893 4333 a
906 4279 987 4334 laude
999 4277 1131 4348 vacando,

445 4377 546 4430 Dicitur
559 4393 565 4430 :
580 4376 633 4431 Est
644 4375 725 4444 sorio
738 4375 982 4433 archidiaconus
993 4378 1244 4447 tndcpocemte.

444 4476 606 4544 ingreditur,
619 4475 748 4544 loquitur,
763 4477 873 4539 residet,
887 4478 1023 4545 prandere
1032 4478 1157 4547 jubetur.

444 4576 508 4626 Esse
522 4588 616 4640 parum
630 4575 694 4640 vini,
708 4574 773 4626 dicit
786 4575 940 4641 Simplicius
953 4576 1002 4642 illi,
