3136 5482
298 103 360 168 162
640 120 762 169 carun.
782 120 883 169 conn.
903 119 1077 169 nacione.
1095 119 1176 168 nar.

289 301 360 342 suae
371 288 465 341 salutis
483 291 618 341 rectorem
638 288 805 352 amitterent,
820 288 962 341 consulem
981 288 1062 341 etiam
1074 300 1106 340 ac
1115 285 1300 353 defensorem,
1314 287 1560 355 praemittebam

290 393 384 440 tamen
402 386 539 452 piissimae
562 384 755 440 sollicitudinis
770 392 917 453 patronum
929 393 956 440 et
967 386 1065 439 ducem
1079 383 1224 439 aedificare
1236 385 1300 453 sibi,
1310 385 1415 439 scilicet
1430 384 1524 439 subt!
1540 389 1560 439 i

293 486 339 549 tis,
351 484 497 552 gloriosam
508 485 536 536 in
548 484 712 538 caelestibus
725 497 788 537 cum
801 485 907 539 cbristo
919 485 1124 539 habitationem.
1140 488 1178 538 Ex
1188 497 1244 552 quo
1262 496 1315 538 neo
1326 483 1441 538 dubium
1452 485 1529 551 qui
1540 500 1560 537 t

292 582 432 638 desereret
443 597 489 637 eos
501 585 654 637 munimine
664 584 869 651 patrocinioque
879 585 1004 651 spiritali,
1017 583 1081 639 lloet
1090 584 1246 651 praesentia
1255 582 1367 638 deesset
1378 584 1558 650 corporali.

291 685 359 736 Ecce
371 683 500 752 condigni
514 682 603 736 meriti
618 684 696 736 miles
713 684 814 736 Christi
827 683 935 749 praesul
947 685 1089 738 orieneius
1107 664 1216 752 migrat,¹
1228 684 1358 737 humanis
1370 683 1450 737 rebus
1460 682 1552 751 qlo-

291 783 394 836 rianter
407 783 552 851 excedens,
566 783 746 849 exequiarum
759 796 870 836 suarum
884 785 1036 849 triumphos
1049 783 1216 851 spiritalibus
1228 782 1370 851 obsequiis
1377 782 1548 851 gloriosius

291 895 438 949 exornans,
452 884 532 937 terris
552 884 695 951 mysticum
708 888 735 936 et
746 882 914 937 ineffabilem
931 883 1033 950 gemini
1045 883 1147 937 doloris
1160 882 1307 938 conferens
1318 894 1476 945 maerorem,
1489 880 1545 931 in

291 982 373 1035 caelis
382 983 464 1035 ctiam
473 982 612 1035 asciscens
620 983 672 1035 sibi
681 986 837 1036 sanctorum
851 981 1047 1049 praebrlgidam
1060 987 1088 1035 et
1095 981 1300 1036 indeficientem
1307 981 1425 1035 laetitiae
1435 980 1541 1034 aoeie-

293 1088 387 1136 talem.
401 1084 431 1135 ln
443 1084 520 1151 cujus
534 1084 706 1136 sanctimonii
717 1084 817 1136 uirtute
829 1088 856 1136 et
868 1094 950 1149 opere
965 1095 1014 1136 nos
1031 1093 1097 1135 vose
1109 1080 1267 1147 psalmistae
1278 1083 1387 1147 oportet
1399 1091 1447 1145 pro
1456 1078 1540 1130 nisu

148 1190 156 1206 ·
169 1187 234 1240 cod.
293 1183 392 1234 mentis
403 1183 548 1236 bominum
560 1182 682 1249 laudare,
696 1183 744 1249 qui
757 1195 819 1235 cum
832 1183 882 1234 ista
898 1182 1075 1248 praescivisse
1087 1186 1113 1234 et
1131 1179 1368 1246 praedestinasse·
1380 1170 1560 1248 cognosci-¹⁴

95 1252 283 1386 pffepsgffl‘
291 1285 345 1346 tur,
354 1286 383 1333 ut
395 1280 452 1346 ipse
463 1279 593 1334 conditor
605 1292 714 1346 semper
727 1280 787 1333 laus
799 1279 959 1333 indeficiens
971 1279 1161 1333 insatiabiliter
1170 1279 1198 1332 in
1210 1280 1271 1345 elus
1282 1290 1332 1332 ore
1343 1276 1540 1332 inveniretur·

132 1386 254 1439 tluasset.
328 1383 378 1435 14.
391 1383 459 1450 Ergo
472 1394 556 1447 nuno,
569 1381 666 1435 Cbristi
681 1381 874 1449 gloriosissime
886 1380 1036 1445 confessor,
1050 1378 1194 1434 laudamus
1205 1390 1273 1432 eum
1284 1377 1314 1431 in
1325 1383 1363 1446 te,
1374 1376 1421 1444 qui
1439 1373 1542 1429 utem

292 1481 432 1534 constituit
441 1484 467 1532 te
478 1485 509 1532 ut
521 1477 580 1546 ipse
591 1480 712 1548 digniter
723 1478 920 1548 glorificaretur
931 1481 960 1531 in
972 1485 1008 1542 te,
1022 1478 1184 1546 quinetiam
1196 1476 1271 1531 idem
1285 1477 1345 1544 ipse
1353 1479 1435 1529 temet
1444 1475 1543 1526 inex·

295 1579 460 1644 plicabiliter
484 1579 649 1647 glorificaret
669 1581 698 1631 in
719 1592 758 1645 se,
779 1578 846 1633 dum
868 1581 958 1632 omnis
987 1583 1112 1632 creatura
1129 1590 1185 1632 non
1215 1580 1307 1631 cessat
1326 1586 1450 1643 quaeque
1468 1574 1544 1639 pro

294 1692 359 1732 suae
368 1678 505 1746 qualitatis
516 1680 627 1747 ingenio
640 1691 720 1744 posse
731 1683 821 1733 tecum
840 1682 866 1732 ei
887 1680 998 1733 laudum
1017 1691 1127 1747 quoque
1145 1678 1241 1731 munia
1261 1676 1354 1731 debite
1372 1684 1510 1730 resonate
1531 1659 1560 1728 3¹

292 1779 394 1845 quique
406 1777 492 1846 signis
501 1778 693 1832 miraculorum
702 1783 784 1846 atque
796 1777 926 1847 prodigiis
941 1779 1097 1833 redimitum
1111 1776 1299 1833 conscendere
1306 1773 1484 1844 pontificalem
1504 1770 1548 1817 ⁸⁴

293 1879 423 1946 compulit
434 1892 536 1944 arcem,
555 1880 676 1933 formans
701 1880 728 1931 in
746 1891 794 1932 ore
812 1885 859 1933 tuo
870 1878 1091 1945 copiosissimum
1104 1879 1147 1931 sui
1162 1876 1295 1931 torrentis
1306 1876 1411 1944 eloquii
1427 1875 1545 1927 sermo

294 1991 368 2045 nem,
380 1991 434 2045 quo
447 1979 554 2045 populis
566 1991 581 2030 a
593 1978 770 2032 daemoniaca
784 1979 874 2033 zabuli
887 1983 1020 2045 potestate
1031 1978 1153 2045 depulsis
1166 1976 1308 2031 conferres
1324 1973 1426 2029 vluidel
1443 1971 1541 2041 pabu·

294 2080 350 2131 lum
362 2079 450 2144 panis.
458 2080 540 2130 l’crtc
549 2079 649 2130 etenim
660 2089 715 2131 non
725 2076 813 2130 solum
822 2089 947 2144 quosque
958 2082 1091 2130 terrarum
1101 2076 1353 2143 principes,rernm
1362 2075 1445 2128 edam
1453 2070 1538 2139 ipsos

295 2177 540 2243 comprehenderat
552 2189 640 2244 reges,
657 2176 746 2229 donec
757 2177 867 2229 vinculo
884 2177 1004 2229 caritatis
1017 2174 1236 2241 inseparabiliter
1252 2175 1388 2228 connexis
1398 2150 1560 2240 largiatur*¹

296 2288 420 2329 summae
440 2275 623 2343 tranquillitas
644 2276 718 2340 pacis
740 2282 767 2328 et
784 2274 919 2341 optandae
941 2275 1113 2342 refrigerium
1132 2272 1308 2327 securitatis:
1321 2266 1526 2340 quoniamqul
1557 2250 1560 2265 ¹

296 2375 359 2428 dem
370 2381 480 2429 tuorum
493 2375 605 2442 sagittae
616 2376 762 2427 uerborum
784 2388 839 2428 non
860 2376 1016 2442 quempiam
1029 2374 1063 2427 ab
1079 2377 1140 2427 acto
1164 2378 1345 2440 praetereunt
1366 2373 1519 2427 immunem,

296 2474 344 2528 sed
356 2473 458 2527 directe
476 2478 592 2542 pergunt
609 2475 637 2526 ln
656 2473 803 2526 multorum
822 2472 991 2541 fulgurantes
1009 2472 1258 2526 inluminationem.
1278 2473 1353 2526 llaec
1364 2469 1484 2538 denique
1497 2472 1521 2521 tt
1556 2526 1560 2559 a

296 2575 338 2625 bis
356 2573 458 2626 similia
476 2573 536 2626 luce
556 2573 656 2626 clarius
673 2580 700 2626 te
719 2571 827 2626 Christo
844 2573 1010 2626 comitantur
1026 2577 1200 2638 cooperante,
1212 2569 1338 2639 qualiter
1362 2576 1426 2637 post
1441 2568 1519 2636 sepul·
1557 2572 1560 2601 i

295 2686 371 2725 crum
395 2676 501 2726 constet
518 2674 546 2724 in
566 2672 676 2726 saeculo
689 2678 714 2725 te
731 2685 781 2738 per
793 2684 875 2738 opera
897 2673 989 2736 vivere
1009 2678 1036 2724 ot
1047 2672 1161 2736 spiritali
1178 2669 1300 2724 efllcacla
1312 2668 1520 2724 necessitatibus

297 2771 468 2824 subditomm
480 2772 515 2824 ad
527 2783 656 2836 praesens
668 2772 882 2825 misericorditer
900 2771 1055 2824 subvenire.
1069 2770 1138 2823 lline
1155 2782 1220 2837 ergo
1238 2769 1307 2835 jam,
1320 2768 1524 2835 praecluisslme

297 2868 456 2937 pontificum
468 2871 566 2922 cbristi
580 2869 698 2937 praesul,
710 2869 818 2922 luciflua
831 2874 893 2922 tuae
911 2868 1082 2922 claritudinis
1095 2867 1264 2922 sublimitate
1274 2865 1375 2922 conlisi
1388 2878 1526 2935 precemur

299 2976 328 3023 ut
340 2972 362 3021 sl
380 2969 446 3036 quid
466 2969 494 3020 in
514 2971 645 3022 noctuae
664 2969 804 3023 relationis
820 2982 901 3034 opere
920 2971 1011 3022 minus
1031 2969 1124 3023 debite
1143 2969 1186 3022 vel
1209 2968 1271 3034 plns
1289 2980 1382 3034 aequo
1400 2967 1527 3026 diximus,

295 3069 369 3135 qnod
383 3083 438 3123 nnn
451 3070 529 3122 aliter
541 3083 623 3135 quam
637 3082 718 3122 causa
731 3070 768 3122 tui
789 3071 891 3122 amoris
912 3083 1088 3136 praesumere
1106 3071 1195 3124 conati
1214 3082 1323 3131 sumus,
1343 3073 1434 3123 toturn
1454 3067 1530 3122 nobb

296 3170 423 3222 clementi
436 3167 536 3234 pietate
549 3169 700 3236 indulgeas,
714 3169 887 3236 famulosque
898 3170 1049 3224 visceribus
1061 3169 1208 3223 mellifluae
1219 3167 1440 3236 paternitatisad
1450 3162 1560 3222 dmm!

296 3269 454 3331 confovens,
467 3281 563 3321 eorum
576 3280 669 3333 preces
682 3269 735 3334 piis
746 3270 806 3335 ejus
819 3269 982 3322 clementiae
994 3269 1126 3322 informes
1138 3269 1260 3330 auribus,
1274 3280 1370 3321 mores
1381 3267 1533 3334 sapientiae

296 3368 414 3421 stimulis
426 3369 550 3434 adprime
561 3371 701 3437 corrigens
719 3369 845 3423 sollerter
866 3383 1024 3437 componas,
1038 3371 1161 3424 omnium
1179 3369 1249 3424 votis
1267 3373 1361 3436 optata
1380 3382 1440 3422 non
1452 3369 1533 3423 desti·

296 3475 366 3532 tuas,
379 3482 489 3537 gressus
507 3469 608 3520 mentis
627 3468 720 3521 divino
741 3468 890 3521 studiosius
905 3470 1057 3522 munimine
1081 3470 1225 3532 roborans,
1251 3481 1300 3535 per
1322 3469 1398 3522 sitae
1423 3467 1534 3536 sestigh

297 3580 404 3633 semper
416 3567 545 3620 incedere
556 3565 665 3631 doceas,
678 3563 713 3619 ab
726 3569 800 3619 omni
814 3568 943 3620 vitionrm
955 3569 1016 3621 labe
1033 3568 1161 3621 mundari
1174 3566 1288 3632 faciens,
1301 3579 1318 3620 a
1338 3565 1437 3620 noxiis
1450 3566 1536 3619 inimi-

296 3679 389 3718 corum
403 3664 544 3719 fraudibus
556 3666 692 3718 immunes
704 3665 869 3718 omnimodis
882 3665 996 3729 reddas;
1005 3667 1088 3719 immo
1097 3668 1179 3719 etiam
1192 3667 1222 3720 in
1232 3679 1279 3719 sex
1290 3664 1533 3727 tribulationibus.
1546 3662 1560 3713 l

296 3765 400 3817 scilicet
411 3765 439 3816 in
453 3777 500 3817 sex
513 3764 618 3816 dierum
632 3765 772 3829 operibus,
785 3771 831 3816 tua
844 3776 896 3817 nos
907 3764 1029 3833 dignatio
1042 3765 1153 3830 provide
1164 3766 1335 3833 gubernans,
1348 3763 1536 3819 contubernio

296 3875 375 3915 serae
388 3863 520 3914 libertatis
531 3863 616 3928 gratia
631 3860 779 3914 miserendi
791 3863 951 3927 committat,
964 3876 998 3915 ne
1011 3877 1062 3917 nos
1079 3865 1108 3915 in
1130 3862 1176 3915 die
1187 3863 1314 3928 septimo,
1328 3875 1416 3929 quem
1430 3860 1536 3917 nullius

295 3964 414 4026 vesperis
431 3962 565 4015 terminus
587 3968 699 4026 coartat,
713 3962 859 4027 quicquam
883 3963 948 4014 mali
965 3963 1118 4031 contingat,
1137 3963 1186 4016 sed
1204 3960 1321 4016 bomlno
1339 3963 1400 4016 suis
1419 3964 1536 4029 peractis

295 4054 424 4126 operibus
444 4062 551 4115 cunctis
573 4063 601 4113 in
619 4074 651 4113 eo
667 4062 781 4126 mystice
801 4059 969 4127 quiescente,
983 4076 1137 4117 mereamur
1160 4070 1187 4115 te
1204 4061 1359 4115 ducenum
1377 4074 1413 4116 eo
1434 4062 1537 4130 pariter

295 4163 460 4226 respirantes
484 4161 636 4227 quiescere,
649 4159 736 4212 donec
755 4159 783 4210 in
795 4171 891 4211 verum
910 4162 1064 4226 sabbatum,
1083 4163 1161 4228 cujus
1178 4175 1241 4215 esse
1265 4160 1344 4215 nullo
1367 4160 1560 4215 terminaturi

295 4272 418 4326 uespere,
442 4273 596 4314 mereamur
614 4263 744 4325 perpetuo
763 4256 894 4310 laetantes
919 4262 1047 4326 transire,
1073 4263 1133 4329 ipso
1151 4265 1293 4314 annuente
1310 4262 1360 4327 qui
1382 4273 1436 4328 per
1454 4274 1534 4316 munt

294 4360 397 4426 absque
409 4360 486 4412 initio
499 4371 665 4425 permanens
679 4371 748 4422 esse,
762 4356 844 4408 babet
862 4361 1025 4413 transitoriis
1037 4374 1149 4428 quoquo
1168 4359 1251 4414 modo
1271 4360 1432 4414 desistendi
1449 4360 1534 4415 finem

296 4461 324 4511 in
337 4458 443 4511 saecula
455 4457 529 4510 solus
541 4458 689 4522 imponere.
704 4452 845 4520 ibxplloit
857 4455 929 4510 vite
940 4459 1029 4512 beati
1041 4458 1181 4513 omnen
1191 4457 1367 4524 pontificis.
