3136 5482
235 374 330 424 BIBL.
348 373 431 423 ΝΑΤ.
450 372 568 424 Panis.
588 396 633 406 -
648 375 801 426 APPEND.
822 373 869 422 ΔΙ)
889 371 966 422 COD.
986 368 1061 418 2717.

238 547 328 613 ltegno
341 544 452 598 caelesti
464 558 494 598 se
504 545 627 614 gaudent
638 544 782 612 aptiilcari.

236 648 312 698 Nunc
324 643 391 713 quid
404 644 561 699 Alexandro
572 645 695 698 dicemus
707 644 742 697 de
755 643 925 697 furibundo?

243 745 291 807 Qui
305 756 335 797 11
346 743 490 811 continuit,
505 744 563 798 fieri
575 744 641 797 dum
653 744 716 798 talia
729 741 806 805 vidit,

237 845 304 894 llurn
315 841 388 896 videt
400 842 476 895 hunc
486 842 618 909 populum
631 847 807 895 contemnere
820 842 881 892 iana
895 839 1030 892 deorum?

239 945 293 994 llac
305 954 335 995 re
346 946 495 1008 comperta,
509 941 584 1008 quod
598 941 678 995 turha
692 941 828 1006 neophyta
841 939 922 1000 iacta,

238 1044 363 1096 Sacratae
375 1041 471 1095 matris
482 1041 583 1108 cyrici,
597 1039 654 1094 nati
667 1053 788 1108 quoquc,
802 1039 881 1092 dictis

236 1140 274 1192 nd
287 1139 437 1194 tironatum
449 1139 549 1194 curisti
564 1152 697 1194 conversa
708 1139 869 1207 benignum,

237 1241 299 1306 ejus
313 1239 425 1293 militiae
442 1239 511 1293 iuret
524 1239 592 1293 llaec
604 1240 742 1306 adscripta
755 1240 862 1303 beatae,

237 1343 309 1392 Trux
322 1339 406 1407 lupus
419 1339 566 1407 exsanguis
577 1339 627 1406 ira,
640 1342 780 1393 Lernaeus
792 1344 823 1392 ut
834 1338 930 1404 anguis

239 1439 294 1492 ltile
306 1439 358 1492 sul)
371 1439 483 1505 obliquo
496 1438 617 1492 retinens
629 1439 749 1507 anguina
762 1450 876 1499 venena,

236 1542 367 1592 Pervasus
381 1537 464 1592 nimis
476 1536 571 1592 infelix
583 1551 677 1592 errore
689 1537 798 1604 luroris,

238 1638 341 1704 impius
356 1637 428 1691 lianc
440 1637 539 1691 sortem
552 1650 645 1691 coram
656 1638 735 1704 jubet
746 1637 792 1690 illc
804 1635 944 1689 colrortem

235 1736 349 1789 immitis
359 1735 443 1802 judex
455 1735 490 1789 ad
505 1749 535 1790 se
547 1735 679 1790 deducier
690 1748 810 1790 omnem.

238 1836 314 1901 Quod
332 1835 372 1889 sic
384 1840 426 1888 cst
438 1839 529 1889 actum
541 1834 615 1889 velut
627 1836 671 1888 liic
683 1832 823 1888 mandavit
834 1833 980 1902 agendum.

155 1938 241 1988 xvi.
276 1937 404 1989 astantes
416 1933 455 1988 illi
470 1935 599 1989 concordi
612 1947 678 1988 rooe
691 1934 768 1987 lateri

239 2039 296 2089 tlon
309 2040 407 2089 11111111
419 2048 481 2089 sese
491 2035 592 2088 Christi
604 2034 755 2089 cultoribus
766 2047 827 2086 esse

237 2138 361 2200 iunctos,
374 2139 405 2186 ut
419 2146 518 2199 supero
531 2131 616 2187 scribi
630 2137 788 2186 mereantur
800 2132 828 2183 in
840 2131 913 2184 aluo.

236 2237 299 2287 Post
313 2235 380 2287 naec
394 2232 528 2286 indictum
540 2233 609 2286 dans
621 2233 721 2299 impius
734 2232 780 2284 ille
793 2230 939 2294 nefastum,

238 2334 324 2386 tussit
335 2346 382 2386 eos
397 2331 478 2400 plecti
491 2345 578 2398 poena
591 2330 672 2385 citius
685 2330 802 2398 capitali.

237 2431 361 2486 Prosiliat
372 2432 452 2485 stilus
464 2431 538 2497 hinc,
552 2445 588 2485 ne
599 2429 683 2483 stillet
694 2429 792 2498 pagina
804 2428 888 2498 guttis
898 2447 905 2495 3

239 2531 335 2585 llicere
347 2530 468 2596 festinet,
481 2528 602 2583 lacrimis
613 2543 649 2582 ne
661 2533 754 2582 noster
767 2528 909 2580 humescat

239 2632 287 2685 llic
300 2630 371 2685 liber
382 2630 471 2684 edicto
484 2644 567 2696 super
579 2631 631 2683 troc
643 2628 758 2681 nimium
773 2628 843 2681 male
855 2640 946 2681 suaso.

237 2730 287 2794 Qui
303 2743 360 2783 non
373 2729 479 2796 mutati,
493 2729 584 2795 potius
596 2728 646 2781 sed
657 2727 829 2790 consolidati,

236 2829 388 2881 liaerentes
399 2827 494 2881 firmae
506 2828 613 2881 christo
627 2825 785 2880 firmissime
794 2815 901 2892 petrae,

231 2928 295 2993 llius
307 2940 338 2980 se
350 2939 429 2981 sacro
441 2925 582 2995 signantes
594 2926 700 2980 concite
712 2926 801 2994 signo,

227 3026 351 3080 cervices
363 3030 470 3080 certant
481 3026 637 3092 percussori
651 3025 789 3080 feriendas

232 3125 362 3193 Tradere,
376 3129 524 3194 perpetuae
535 3129 677 3192 sperantes
688 3125 787 3193 gaudia
799 3125 897 3178 doxae.

233 3226 267 3276 tlt
278 3225 340 3278 lons
351 3227 394 3276 est
405 3237 497 3289 cervo,
510 3224 550 3277 sic
560 3229 696 3303 tortorum
710 3224 739 3276 sii
751 3236 847 3278 aceruo

228 3325 300 3377 llors
313 3323 443 3391 pretiosa,
459 3323 545 3377 sacris
559 3323 661 3391 quibus
675 3325 768 3377 ostris
782 3324 899 3389 pectoris
911 3323 991 3376 acris.

229 3421 385 3488 cespitibus
399 3422 497 3475 mundi
511 3423 551 3477 sic
563 3436 659 3476 ornnes
671 3424 751 3490 liuius
764 3423 894 3490 adempti,

230 3521 333 3574 Gaudia
345 3526 408 3574 sunt
420 3523 497 3590 regni
511 3522 636 3575 caelestis
648 3527 761 3576 ovanter
773 3522 870 3588 adepti,

232 3620 318 3672 vitam
331 3625 472 3674 sumentes
484 3634 546 3675 cum
559 3622 665 3676 Christo
676 3624 737 3688 jure
752 3634 912 3688 perennem,

232 3721 317 3781 Quem
330 3720 433 3773 nonde
446 3719 540 3774 mortis
553 3733 646 3774 servos
663 3721 735 3789 piget
747 3720 848 3773 elidere
859 3721 953 3786 portis,

232 3819 284 3870 Pro
296 3818 374 3884 cuius
386 3831 494 3871 summo
507 3819 589 3871 simul
602 3819 793 3872 incunctanter
805 3831 898 3871 amore

231 3919 317 3970 iiorte
328 3918 382 3971 cita
394 3931 510 3984 poenam
523 3917 726 3987 congaudentes
739 3919 861 3971 subiere.

561 4119 664 4182 [traca
683 4118 746 4180 ill]

227 4235 373 4296 Tertius
387 4235 555 4309 explicito
569 4235 662 4296 liber·
675 4235 799 4308 incipit
812 4250 892 4297 ecoe
906 4240 1071 4299 secundo.

177 4416 231 4485 [1.]
270 4417 323 4468 llac
335 4414 416 4481 igitur
428 4415 529 4477 cuncti,
544 4415 677 4480 completa
690 4427 780 4468 merce
793 4415 906 4479 salubri,

232 4517 290 4579 Qua
303 4527 353 4579 pro
364 4516 481 4568 terrenis
493 4515 620 4568 caelestia
631 4516 730 4582 gaudm
743 4516 825 4580 nacti,

230 4615 263 4667 111
276 4618 376 4681 quarm
387 4613 490 4668 undeni
504 4615 695 4682 quadringenti
708 4628 819 4683 quoque
831 4617 917 4669 sancti
