3136 5482
167 319 234 386 208
451 379 454 384 .
484 333 609 385 aaran.
632 332 733 383 cono.
752 332 926 383 alsiosa.
945 330 1026 383 nau.

167 507 205 574 pit
217 505 276 560 lleri
289 506 413 559 omnium
431 518 522 558 rerum
544 504 639 570 rapina
660 515 730 571 quae
748 502 845 556 usibus
867 501 994 555 humanis
1010 499 1141 568 prodesse
1163 498 1379 568 potenatibus

166 605 239 658 ullus
251 606 280 657 in
300 610 359 658 tuto
379 617 436 658 non
456 609 532 670 erat,
546 616 662 670 persona
675 604 766 669 aliqua
786 614 842 656 non
863 601 1068 667 excipiebatur;
1091 612 1179 666 aequa
1199 598 1277 653 lanoe
1296 596 1377 650 donus

166 705 281 759 divitum
294 710 321 758 et
332 708 476 772 potentum
487 708 514 758 et
534 717 678 771 procerum
690 709 717 758 et
737 716 878 770 capannae
898 715 1058 770 pauperum,
1072 702 1259 770 orphanorum
1268 704 1296 754 et
1304 697 1376 752 vidue
1415 682 1418 711 ²

167 818 228 857 rum
249 803 431 870 supellectiles
452 805 655 858 scrutabantur.
676 805 815 859 Ecclesiae
836 806 949 873 insuper
967 805 1197 873 inungebantur,
1216 807 1244 857 et
1262 801 1317 855 sine
1330 798 1373 851 ullo

167 907 291 968 respectu
303 901 440 956 vindictae
452 914 522 968 quae
535 901 663 956 volebant
675 903 841 972 ubicumque
851 902 974 957 locorum
984 898 1371 963 exercebanturverumhnjn
1380 894 1406 947 t·

166 1001 240 1055 modi
252 1001 391 1054 temeritas
403 1013 459 1054 non
471 1001 584 1066 impune
596 1001 724 1055 omnihus
736 1004 828 1056 cessit.
842 1003 916 1054 Unus
934 1003 1009 1055 enim
1027 999 1095 1068 quid
1108 998 1274 1054 incommodi
1283 995 1371 1065 perurit

167 1106 317 1154 memoratu
334 1101 447 1168 digmm
458 1100 574 1154 videtur.
588 1101 637 1164 Qui
657 1114 759 1169 genere
779 1101 955 1170 Alamannus,
969 1101 1092 1155 moribus
1113 1100 1200 1167 ierus,
1211 1097 1306 1153 ceteris
1320 1096 1370 1149 lule

166 1202 233 1254 stior
245 1206 272 1254 et
285 1200 319 1253 ad
328 1200 455 1255 violanda
468 1208 625 1255 sanctorum
634 1202 693 1256 loca
703 1201 842 1266 audacior,
853 1201 929 1268 juxta
938 1201 1114 1268 asperitatem
1125 1200 1226 1255 mentis
1234 1195 1368 1260 sommus,

166 1300 245 1365 quasi
257 1298 447 1366 scrupulosus,
461 1300 530 1353 idest
543 1299 675 1367 lapideus,
688 1301 839 1354 dicebatur.
854 1301 901 1353 llic
912 1300 979 1355 durn
992 1300 1112 1354 necdum
1123 1301 1210 1353 iteum
1222 1301 1322 1352 seretur
1332 1305 1369 1348 net

168 1398 317 1462 hominem,
331 1399 360 1450 in
373 1399 502 1466 operibus
514 1411 645 1452 manuum
658 1411 770 1454 suarum
781 1400 996 1467 deprehenditur
1009 1404 1037 1453 et
1053 1397 1149 1453 dimna
1165 1397 1268 1453 ultione
1278 1391 1368 1451 horribi-

165 1497 228 1551 liter
239 1497 395 1565 corripitur.
408 1501 474 1553 Toto
495 1498 596 1566 quippe
616 1511 730 1566 corpore
747 1504 893 1554 enervatus
902 1501 1012 1567 jacebat
1023 1499 1102 1567 quasi
1119 1503 1255 1562 manuus,
1267 1498 1368 1550 maome

167 1597 355 1651 tantummodo
368 1597 500 1652 anhelitu.
513 1600 545 1650 lit
556 1598 622 1665 qula
633 1599 733 1653 nobilis
746 1604 806 1653 erat
816 1605 844 1654 et
855 1600 927 1654 inter
944 1613 1009 1656 suos
1026 1599 1207 1665 clarissimus,
1218 1593 1369 1652 circumstetit

166 1709 229 1749 eum
250 1697 417 1765 quicumque
438 1696 472 1749 de
494 1698 613 1751 exercitu
634 1698 704 1766 regis
725 1697 856 1753 advenire
878 1704 992 1766 poterat,
1006 1712 1073 1753 roce
1092 1698 1179 1753 flebili
1196 1697 1271 1751 illins
1286 1694 1368 1749 dehent

165 1798 312 1851 instantem
324 1797 474 1851 interitum.
482 1798 661 1864 pervenitque
674 1798 708 1852 de
720 1811 753 1852 eo
764 1811 859 1853 rumor
870 1798 904 1852 ad
918 1813 997 1854 aures
1010 1801 1081 1868 regis
1092 1799 1223 1855 budovlci
1236 1814 1244 1854 ε
1256 1797 1298 1867 qui
1307 1792 1367 1849 valde

165 1909 275 1964 quoque
289 1897 464 1950 contristatus
476 1902 609 1962 estsuper
621 1896 699 1949 illum
712 1902 739 1950 et
752 1898 818 1964 quid
831 1898 901 1953 laeto
919 1913 987 1965 opus
1000 1904 1072 1953 esset
1084 1899 1202 1954 sollicite
1212 1894 1369 1966 perquirebat·

166 1999 336 2063 Responsum
347 2004 390 2049 est
411 1996 599 2050 rnedicaminis
611 2009 662 2063 ope
682 1998 739 2051 ulla
757 2000 846 2065 jurari
868 2012 924 2054 non
946 2012 1036 2066 posse,
1049 1999 1103 2054 nisi
1125 1994 1369 2053 divinitusoollatutn

166 2097 235 2149 toret
247 2094 411 2149 beneticium
423 2109 478 2162 quo
490 2101 641 2150 curaretur.
656 2097 725 2160 Quid
744 2076 886 2151 tacerent?
897 2101 1100 2153 convertuntur
1117 2110 1215 2151 omnes
1226 2095 1261 2150 ad
1272 2097 1370 2148 melan

165 2195 353 2262 domnumque
365 2200 487 2248 nostrum
510 2195 669 2255 llartialem,
683 2196 827 2263 loquentes
848 2196 882 2249 ad
902 2197 1019 2249 invicem
1040 2202 1069 2249 et
1089 2194 1254 2249 houciahccr
1272 2194 1298 2245 io
1313 2197 1372 2257 spel
1406 2236 1409 2243 .

166 2294 291 2350 sanitatis
311 2294 484 2360 recipiendae
505 2308 536 2348 se
555 2300 649 2350 mutuo
670 2296 853 2361 consolantes,
866 2300 897 2348 ut
917 2298 981 2347 ante
1000 2294 1061 2362 ejus
1081 2294 1220 2348 tumulum
1238 2292 1374 2349 debuero

165 2396 241 2449 omni
254 2395 351 2449 virtute
366 2394 517 2460 hominem,
527 2396 583 2461 jam
596 2408 666 2463 pene
679 2394 804 2461 cadaver,
818 2393 966 2461 deterrent,
980 2400 1006 2447 el
1018 2406 1163 2462 quousque
1174 2393 1315 2447 saniateu
1324 2387 1374 2444 reci
1383 2364 1418 2435 ”ff

166 2499 242 2560 peret
253 2493 320 2546 inibi
332 2493 573 2560 praestolarentur.
587 2495 750 2559 beportatur
761 2493 843 2562 igitur
860 2492 987 2546 manibus
1006 2505 1119 2547 suorum
1138 2505 1204 2547 eum
1221 2487 1376 2545 multitudiue

166 2606 196 2646 se
207 2593 390 2661 sequentium,
404 2606 459 2646 una
479 2593 560 2646 etiam
579 2606 640 2646 curn
654 2606 717 2661 rege
730 2607 787 2660 suo,
801 2599 865 2647 ante
876 2593 1032 2661 sepulcrum
1045 2593 1118 2647 beati
1130 2592 1278 2659 antistitls3
1289 2590 1378 2657 ibique,

165 2692 335 2746 adstantibus
347 2693 475 2746 tratribus
496 2693 619 2759 ejusdem
640 2693 702 2760 loci,
715 2694 793 2760 quasi
814 2693 1005 2747 tumulandum
1025 2699 1116 2747 terrae
1136 2693 1312 2760 prosternunt
1329 2688 1379 2745 eloe

163 2798 238 2847 motu
251 2799 278 2845 et
290 2806 384 2856 sensu,
395 2793 521 2859 pulsante
544 2793 732 2847 tantummodo
752 2795 876 2848 anhelitu
896 2799 1000 2861 pectus.
1013 2794 1065 2849 sed
1083 2806 1147 2848 curn
1167 2790 1382 2858 ridereutlngrc

161 2904 271 2946 vescere
292 2893 417 2946 morbum
438 2892 646 2960 remediumque
667 2892 760 2946 adfore
781 2893 898 2959 nullum,
912 2906 1001 2959 paene
1018 2896 1074 2961 jam
1092 2892 1128 2946 de
1148 2905 1182 2947 eo
1202 2880 1418 2958 domnum!

161 2992 348 3059 relinquentes
359 2993 464 3060 aliquos
475 2994 522 3061 qui
536 2994 594 3061 ejus
612 3006 705 3046 curam
727 2993 860 3047 haberent
879 2995 936 3047 sive
957 2994 1027 3047 vitae
1039 2994 1095 3047 sive
1114 2994 1222 3058 mortis,
1234 2989 1383 3045 eeterieum

162 3106 211 3146 suo
224 3106 287 3159 rege
298 3092 332 3145 ad
350 3094 401 3145 alia
421 3093 618 3160 demigrarunt.
632 3092 814 3160 Quadraginta
835 3101 926 3145 autem
947 3100 1008 3158 post
1027 3091 1097 3158 dics,
1110 3091 1190 3159 quasi
1211 3087 1386 3158 paenitentiae

161 3191 344 3245 satisfactione
365 3198 499 3259 suscepta,
523 3194 550 3244 in
572 3191 674 3260 quihus
695 3193 809 3246 omnino
829 3193 926 3245 diebus
948 3192 1055 3245 nullum
1075 3191 1269 3258 degustaverat
1287 3187 1386 3247 cibum,

161 3293 331 3346 solummodo
343 3305 414 3359 aqua
433 3293 528 3360 frigida
549 3292 637 3345 fistula
650 3292 801 3346 decurrens
819 3290 903 3344 labris
914 3291 1151 3358 praegustabatur,
1164 3289 1242 3343 velut
1253 3289 1283 3341 in
1294 3296 1388 3353 sopore

162 3391 307 3457 resolutus,
320 3392 529 3445 decantantibus
542 3392 671 3444 iratribus
683 3396 710 3444 et
727 3398 789 3445 vota
800 3391 900 3444 diurna
916 3390 1145 3458 persolventibus,
1158 3388 1243 3442 simul
1254 3393 1282 3441 et
1293 3399 1342 3454 pro
1358 3380 1418 3438 eol

161 3489 295 3556 protunda
306 3492 456 3558 gemituum
469 3492 584 3557 suspiria
597 3490 737 3556 dantibus,
747 3491 821 3544 visus
832 3497 874 3544 est
886 3492 911 3543 ei
928 3491 1098 3544 reverentiae
1114 3487 1295 3542 sacerdotalis
1308 3497 1387 3539 senet

160 3587 267 3642 adstare
290 3594 316 3642 et
336 3602 420 3643 manu
441 3602 489 3642 sua
511 3590 570 3657 ejus
588 3594 669 3655 caput
687 3590 722 3642 ad
743 3589 895 3642 orationem
914 3601 1036 3642 currere.
1049 3587 1167 3642 sedebat
1184 3592 1281 3639 autem
1300 3584 1348 3637 ille
1362 3582 1389 3633 in

160 3690 304 3757 gestatoria
324 3690 469 3756 sellaque
490 3690 588 3743 cotidie
609 3689 644 3742 ad
665 3689 813 3743 oratorium
825 3688 999 3742 deserebatur
1017 3687 1187 3755 domumque
1199 3685 1388 3747 revehebabrr,

161 3788 291 3853 quonlam
309 3793 383 3841 tanta
394 3787 562 3842 alliciebatur
573 3788 712 3841 debilitate
732 3792 762 3840 ut
781 3787 861 3841 aliter
871 3787 907 3842 de
919 3801 951 3841 eo
964 3787 1022 3840 ileri
1045 3799 1101 3841 non
1120 3791 1223 3852 posset.
1236 3782 1390 3851 Expergehr

161 3894 220 3939 ctus
239 3900 303 3940 vero
315 3888 349 3940 ab
362 3888 408 3939 illa
425 3888 560 3940 levissima
573 3888 621 3941 sed
634 3887 791 3939 felicissima
803 3889 988 3953 soporatione,
1002 3889 1155 3942 conabatur
1166 3888 1246 3945 seed
1258 3884 1390 3939 adoratio
1401 3878 1418 3931 ¹

163 4000 224 4038 nem
237 3988 346 4041 flectere
359 3994 384 4040 ct
397 3994 464 4040 nutu
477 3989 594 4055 quodam
608 3987 773 4053 adjutorium
786 3986 934 4053 flagitabat.
948 3990 1063 4053 Moxque
1077 3999 1140 4039 cum
1157 3986 1261 4054 gaudio
1273 3986 1323 4053 qui
1333 3984 1391 4039 ade

162 4093 233 4151 rant,
245 4088 304 4152 ejus
315 4089 480 4140 voluntatem
494 4089 646 4141 accelerant
658 4100 777 4153 eumque
791 4088 946 4151 pavimento
960 4093 1155 4154 prosternunt;
1168 4087 1328 4156 fratresque
1346 4098 1410 4152 pm·-

161 4201 194 4241 eo
207 4190 260 4240 beo
274 4190 386 4242 letanias
403 4188 547 4241 decantare
559 4192 716 4252 coeperunt.
731 4187 777 4236 Vix
790 4187 872 4239 unius
891 4189 974 4241 horae
986 4188 1105 4255 spatium
1127 4188 1244 4242 tinxerat
1265 4188 1392 4243 necdum·

162 4301 216 4353 que
229 4288 326 4341 tratres
347 4288 429 4339 tlnem
442 4294 553 4353 coeptae
574 4287 705 4339 orationis
729 4286 858 4351 fecerant,
872 4292 898 4339 et
920 4287 966 4339 ille
985 4287 1089 4340 sensim
1111 4300 1141 4338 se
1153 4299 1280 4351 movere,
1293 4286 1391 4340 collum

162 4387 321 4449 extendere,
332 4400 425 4439 vocem
438 4388 560 4439 emittere
572 4391 599 4437 et
610 4391 734 4437 sanctum
744 4385 835 4449 coepit
844 4386 992 4439 ltartialem
1002 4384 1211 4439 lacrimabiliter
1219 4385 1371 4439 inclamare
1381 4396 1389 4434 ε
1401 4380 1418 4433 l

162 4487 322 4553 succurre,
343 4489 458 4554 secrete,
476 4498 633 4551 succerrre,
638 4486 770 4551 jamque
781 4484 876 4552 finem
887 4485 1010 4552 impone
1023 4484 1134 4539 labori.
1146 4484 1298 4539 adstantes
1315 4486 1393 4554 igitur

163 4595 193 4638 ut
210 4586 303 4640 videre
324 4600 387 4639 eum
400 4587 437 4639 ita
449 4594 523 4639 motu
537 4591 563 4639 et
574 4598 641 4640 voce
660 4584 859 4649 convalescere,
872 4585 938 4639 hinc
959 4583 1023 4638 inde
1044 4583 1188 4637 exilientes
1209 4596 1359 4639 accurrere
1368 4588 1395 4637 et
