3156 5452
261 323 324 390 150
601 344 727 398 caran.
747 348 848 401 coon.
871 346 1144 398 accredendo.

258 514 286 567 in
307 515 386 569 electi
407 517 450 570 sui
466 518 673 587 magnificentiis
694 520 835 586 extollere,
848 533 931 588 quem
950 517 1057 587 liquido
1078 521 1151 586 patet
1168 517 1204 573 de
1218 518 1318 574 virtute
1342 535 1447 591 semper

257 615 384 669 virtutem
405 630 551 684 properare
568 622 708 688 licumque
728 622 843 675 deorum
865 621 892 672 in
905 619 969 673 Sion
990 617 1220 686 inexplicabiliter
1237 618 1333 674 videre
1346 637 1355 674 t
1369 621 1447 690 aliorp

258 718 313 766 tam
326 714 395 767 mira
401 721 538 783 gestorum
548 724 657 785 tamque
666 717 773 772 diversa
787 732 843 772 nou
857 718 935 771 aliter
945 729 1028 785 quam
1042 717 1143 769 frustra
1155 717 1315 771 viderentur
1326 720 1447 788 conserit

258 811 361 876 Quibus
375 816 465 882 itaque
478 817 506 869 in
519 817 652 886 legendis,
665 823 772 872 tantum
793 818 942 885 postposita
955 816 1097 884 scriptoris
1118 816 1230 882 inertia,
1245 817 1375 873 facillime
1386 833 1447 887 repc

260 918 305 966 tur
322 913 390 966 nibil
410 915 504 969 lectori
527 916 681 970 cedendum
702 916 777 982 unde
797 918 907 984 penitus
929 917 958 969 in
979 928 1029 969 nos
1048 921 1203 982 moveatur,
1217 916 1305 986 magis
1322 919 1447 973 etiamur

64 1076 71 1088 .
119 1009 205 1087 ‘eod
261 1012 369 1080 legendi
383 1014 520 1069 fastidium
534 1017 669 1070 relevetur
683 1016 753 1071 etin
766 1016 883 1086 legendo
904 1020 1030 1084 percepta
1043 1015 1128 1070 menti
1140 1017 1258 1071 validius
1269 1016 1447 1085 imprimantu

63 1080 243 1144 ”nmmum
261 1112 314 1165 nisi
326 1112 395 1165 forte
408 1113 554 1167 sectandus
573 1113 645 1168 beati
657 1114 772 1169 oriencii
794 1114 930 1182 pontilicis
952 1115 1041 1168 bonor
1063 1119 1090 1168 el
1110 1115 1196 1168 virtus
1215 1115 1250 1169 ab
1268 1115 1385 1184 legentis
1400 1130 1447 1171 auu

261 1209 383 1265 funditus
395 1211 548 1280 relegatum
561 1214 723 1279 praesertim
736 1226 799 1266 oum
818 1213 901 1266 libeat
918 1210 1117 1279 impudentiam
1136 1216 1247 1267 nostrae
1264 1213 1423 1268 temeritatis
1439 1228 1447 1281 1

262 1310 366 1377 blicam,
379 1325 414 1363 ue
427 1312 507 1365 lateat
518 1314 597 1379 cujus
618 1313 767 1366 honestatis
789 1313 858 1367 actio
876 1311 974 1365 debeat
992 1312 1101 1366 imitari.
1115 1314 1257 1366 Praeterea
1276 1314 1393 1381 qualiter
1408 1328 1447 1368 ves

260 1411 377 1477 pectoris
388 1417 505 1481 agantur
516 1412 623 1465 interna
636 1412 892 1479 perpenditarbiter
905 1417 1065 1467 cunctorum
1078 1412 1228 1479 praescius,
1242 1426 1299 1480 quo
1316 1413 1400 1469 nostri
1411 1414 1447 1469 sol

71 1498 252 1554 ‘manuue
266 1509 445 1565 miserante...
459 1517 467 1531 ·

66 1565 117 1620 bic
128 1566 255 1620 desunt.

527 1644 669 1710 explicit
679 1647 840 1711 prologus.
853 1645 970 1710 incipit
986 1644 1059 1698 vita
1075 1645 1224 1710 ejusdam

298 1815 330 1866 2.
354 1816 452 1868 Beatus
474 1814 554 1880 igitur
573 1813 715 1866 orienciue
738 1810 915 1866 occiduorum
938 1812 1056 1878 partium
1078 1810 1167 1866 incola
1190 1813 1259 1880 fuit;
1282 1814 1331 1867 sed
1350 1820 1447 1880 postque

265 1915 387 1982 deposito
400 1913 556 1966 mundanae
568 1913 728 1967 ludicritatis
745 1913 872 1979 squalore
885 1914 939 1966 lieo
962 1925 991 1965 se
1004 1917 1089 1966 totum
1102 1912 1234 1978 subdidit,
1245 1912 1447 1969 luseiommurb

265 2015 411 2081 episcopus
422 2012 519 2067 extitit.
534 2013 721 2081 progenitores
734 2025 798 2066 vero
810 2013 870 2079 ejus
881 2025 937 2067 non
949 2015 1099 2079 utcumque
1112 2017 1205 2066 nostra
1218 2012 1320 2067 dantur
1332 2015 1446 2077 notitiae

267 2117 377 2181 propter
390 2112 519 2167 diuturna
537 2113 744 2179 praeteritorum
756 2111 885 2166 videlicet
904 2116 1058 2177 temporum
1071 2112 1167 2177 spatia,
1180 2112 1234 2178 vel,
1247 2112 1323 2181 quod
1334 2121 1447 2167 veruncr

266 2215 386 2268 instante
396 2211 507 2267 vitanda
524 2212 664 2279 scriptoris
677 2211 779 2278 inopia,
793 2225 863 2279 quae
875 2211 930 2283 illis
951 2212 1116 2278 inpartibus
1138 2212 1221 2267 nimis
1245 2214 1381 2269 invenitur
1396 2208 1447 2268 noxi

266 2329 327 2368 cum
340 2326 372 2367 ea
384 2313 514 2366 nimirum
525 2325 597 2379 quae
610 2308 661 2380 [in]
674 2310 731 2364 suis
744 2310 947 2365 venerabilibus
959 2312 1061 2364 sanetis
1079 2324 1095 2364 a
1108 2313 1163 2365 lieo
1175 2319 1240 2367 sunt
1252 2320 1356 2381 patrata
1366 2311 1437 2368 nullis

266 2412 400 2467 librorum
411 2411 518 2478 paginis
540 2411 676 2464 habentur
686 2407 796 2477 legendi
817 2409 904 2475 gralia
924 2408 1041 2478 digesta,
1054 2422 1108 2476 quo
1130 2414 1209 2475 pacto
1230 2410 1364 2466 domillis
1383 2405 1447 2466 debil

267 2513 353 2565 bonor
365 2515 393 2564 et
404 2508 543 2564 veneratio
560 2508 737 2569 subtrabitur,
755 2521 805 2561 nec
823 2508 927 2562 civibus
940 2514 1020 2575 prout
1031 2507 1140 2575 expedit
1161 2512 1316 2565 necessaria
1336 2512 1447 2567 candori

266 2625 347 2679 prece
363 2611 525 2677 largiuntur.
539 2609 593 2663 Sed
610 2613 720 2662 sanctus
742 2608 886 2662 oricncius
907 2607 996 2676 qualis
1018 2615 1172 2676 quantusve
1192 2611 1221 2662 in
1242 2611 1377 2667 saeculari
1396 2606 1447 2665 fuis

125 2706 211 2782 'cod¹
266 2709 398 2778 dignitate
418 2708 520 2764 nuliius
533 2711 575 2761 est
594 2707 730 2761 facultatis
747 2708 889 2772 evolvere;
903 2706 1132 2774 magnificentiam
1150 2713 1257 2763 unium
1275 2716 1305 2764 et
1322 2706 1447 2765 honestat

86 2772 244 2838 “phem
265 2812 337 2866 vitae
350 2814 410 2879 ejus
421 2813 451 2866 in
462 2812 579 2876 christo,
592 2815 726 2878 quantum
738 2824 754 2865 a
766 2814 820 2865 lieo
833 2811 913 2865 nobis
925 2810 1060 2873 innuitur,
1075 2824 1130 2865 nou
1144 2823 1195 2866 uos
1212 2812 1300 2881 pigeat
1321 2814 1447 2881 explieat

266 2913 314 2965 cui
327 2913 410 2966 decus
422 2924 488 2965 suae
499 2911 640 2979 cujusdam
654 2911 803 2972 nobilitatis
820 2916 846 2963 el
858 2911 1016 2977 praecelsae
1029 2911 1148 2980 dignitas
1166 2911 1366 2981 magnitudinis
1377 2904 1447 2967 nibil

265 3013 367 3080 gloriae
381 3013 507 3065 meritum
520 3012 633 3076 obstitit,
645 3024 707 3064 cum
719 3010 823 3064 donum
834 3010 920 3063 sancti
932 3011 1048 3076 Spiritus
1057 3010 1190 3064 mundiali
1203 3011 1408 3067 renuntiatione
1419 3019 1447 3067 ct

266 3112 442 3166 mutavitlist
454 3123 572 3178 namque
582 3110 642 3163 talis
654 3109 835 3177 quorumdam
846 3110 961 3164 assertio
974 3111 1120 3177 quodcum
1131 3111 1167 3164 ila
1179 3110 1271 3164 divina
1284 3113 1432 3179 repleverit

265 3213 365 3264 inentia
378 3211 450 3264 utin
463 3212 542 3264 terris
555 3210 748 3263 miraculorum
761 3209 869 3262 divorsa
882 3223 1005 3276 pereum
1019 3210 1115 3264 fierent
1132 3210 1220 3278 sigua,
1234 3212 1401 3278 impetrante
1413 3210 1447 3266 ci·

265 3325 280 3365 a
293 3315 348 3366 beo
359 3324 484 3378 quaeque
497 3315 620 3364 votorum
633 3314 766 3376 exoptata.
781 3312 949 3375 Quapropter
961 3308 1043 3376 igitur
1056 3321 1118 3362 cum
1133 3310 1203 3363 fama
1217 3310 1327 3364 virtutis
1339 3312 1400 3378 ejus
1411 3312 1447 3365 lo}

264 3413 374 3478 iateque
386 3411 550 3477 pervolaret,
565 3410 740 3464 confluebant
760 3409 966 3475 quamplurimi
987 3407 1103 3463 diversis
1115 3423 1149 3463 cx
1170 3410 1339 3478 regionibus,
1352 3413 1447 3479 cupier

264 3514 299 3567 ab
311 3525 344 3567 eo
357 3512 457 3579 monita
479 3511 618 3579 percipere
632 3510 738 3574 salutis,
751 3511 780 3562 in
793 3508 981 3569 subveniendo
994 3510 1075 3562 etiam
1096 3515 1151 3564 iam
1174 3523 1322 3578 corporum
1342 3526 1426 3580 quam
1441 3524 1447 3560 c

265 3624 371 3665 marum
384 3611 498 3665 diversis
510 3611 723 3663 infirmitatibus.
737 3608 813 3675 Quod
826 3609 872 3663 iile
884 3610 1116 3677 animadvertens,
1129 3609 1222 3677 coepit
1239 3616 1364 3666 metuere
1376 3613 1447 3666 nef<

264 3724 314 3776 pro
326 3723 456 3763 concessa
470 3710 521 3762 sibi
544 3712 626 3763 abeo
638 3711 769 3762 virtutum
787 3706 875 3776 gratia
895 3708 1034 3762 videretur
1045 3708 1148 3762 diaboii
1171 3709 1295 3776 laqueos,
1309 3710 1403 3764 favore
1414 3720 1447 3778 pc

265 3810 353 3863 lorum
366 3815 393 3863 et
405 3809 560 3863 adulatione
572 3809 711 3876 deceptus,
726 3809 874 3862 incurrere.
889 3809 1005 3862 Proinde
1021 3808 1132 3875 quidem
1149 3809 1308 3877 diligentius
1320 3816 1404 3879 atquc
1421 3821 1447 3865 sa

265 3913 341 3964 brius
353 3910 508 3977 excogitans
520 3907 637 3974 qualitor
650 3907 831 3960 tumultuosos
844 3907 985 3961 bominum
998 3921 1128 3961 occursus
1140 3911 1232 3975 posset
1243 3909 1359 3963 omuino
1371 3912 1447 3964 vitai·¹

265 4024 326 4064 sese
337 4015 423 4073 totum
435 4014 540 4061 secreto
553 4021 619 4060 suae
632 4008 731 4059 mentis
752 4007 920 4072 impendero,
935 4009 1017 4060 licum
1032 4010 1088 4060 tolo
1101 4009 1163 4061 nisu
1175 4009 1327 4063 conabatur
1338 4021 1447 4065 exorare

265 4111 365 4180 quietis
386 4110 437 4161 sibi
459 4109 550 4162 iocum
572 4121 604 4161 eo
623 4109 730 4161 favente
749 4113 841 4174 posset
863 4106 1006 4162 invenire:
1028 4109 1110 4173 oum,
1124 4108 1262 4175 inquiens,
1275 4108 1358 4163 mibi
1371 4121 1447 4178 pem

264 4210 351 4265 debit
362 4209 445 4263 sicot
462 4207 794 4275 commmemoratione
811 4207 849 4261 ab
868 4206 916 4260 bis
924 4208 1110 4275 procellosis
1127 4206 1248 4263 saecoli
1264 4208 1413 4276 flaccone
1425 4221 1447 4265 a

266 4313 337 4365 laice
355 4311 478 4363 valeam
498 4309 704 4375 competenter·
724 4307 939 4374 requiescere?
951 4307 1027 4360 llnde
1043 4306 1138 4374 procul
1158 4307 1242 4361 dubio
1264 4307 1447 4373 sciendumc,

265 4408 382 4462 necdum
395 4405 459 4459 talia
477 4406 518 4458 vir
531 4410 642 4460 sanctus
654 4404 704 4457 sibi
728 4402 812 4457 tribui
825 4405 922 4458 devote
934 4411 1104 4472 exposceret,
1120 4407 1172 4460 nisi
1186 4408 1269 4460 eliam
1280 4413 1314 4462 ut
1324 4404 1447 4464 adulanti

262 4507 368 4572 laudes,
381 4508 418 4560 ila
431 4507 577 4561 stultorum
593 4518 702 4573 quoque
715 4504 897 4559 fabulationes
916 4504 1085 4570 formidaret,
1099 4521 1162 4561 cum
1180 4509 1276 4576 utiquc
1294 4511 1447 4575 scripturos

265 4605 475 4673 corrompant
495 4617 595 4659 mores
615 4603 707 4658 bonor
727 4603 884 4671 colloquia
902 4605 1010 4672 malc3
1022 4606 1124 4673 quippe
1138 4606 1203 4673 quia
1223 4606 1291 4660 dum
1309 4620 1392 4674 saepe
1414 4618 1447 4660 vc
