3156 5452
171 389 173 393 ψ
272 360 365 410 ains.
384 359 467 409 uxr.
486 358 601 407 annxs.
622 377 665 386 —
684 356 836 404 tarano.
857 355 903 404 nn
920 355 997 406 con.
1018 354 1090 402 aran.
1232 339 1293 404 301

102 532 154 586 20.
168 530 243 584 inter
257 532 324 583 haec
336 529 378 581 vir
390 526 555 581 venerabilis
576 525 750 589 llaximlnus,
764 529 856 577 mente
869 523 940 593 vigili
962 524 1075 576 fratrum
1089 523 1296 577 necessitatibus

70 631 225 685 omnimodo
239 629 382 693 sollicitos,
397 640 523 695 quaeque
534 630 613 679 erant
626 624 784 677 monasterii
798 637 846 690 per
858 637 888 677 se
902 623 1009 690 sibique
1020 623 1168 689 dispositos
1181 623 1296 676 circum·

73 729 135 790 iens,
155 740 303 797 aggregare
324 726 481 779 nullatenus
505 725 629 777 cessabat
654 724 784 791 quicquid
816 724 870 776 illis
899 724 1084 777 necessarium
1121 728 1243 789 noverat,
1267 729 1298 775 ut

72 827 186 880 bumana
198 826 356 879 curiositate
367 825 518 877 abstractos
529 822 629 875 divinis
643 824 739 875 studiis
753 822 862 888 penitus
880 822 1007 875 redderet
1019 823 1147 876 intentos.
1161 824 1294 888 cumque,

65 925 234 988 utdiximus,
248 937 329 990 saepe
346 924 435 976 dictus
448 923 579 988 paternis
599 919 695 974 affectu
713 922 797 974 nimio
816 922 979 989 invigilaret,
994 934 1049 974 non
1069 923 1179 989 longea
1201 934 1294 974 mona·

71 1024 149 1076 sterio
160 1021 294 1090 quaedam
306 1028 365 1074 erat
374 1021 477 1083 villula,
490 1021 642 1073 litimiacus
653 1001 774 1085 nomine,
785 1032 855 1086 quac
864 1019 963 1072 ruralis
971 1024 1119 1085 proventus
1128 1019 1295 1073 abundantia

70 1122 152 1177 multa
165 1123 331 1176 monasterio
343 1123 446 1175 terebat
457 1120 610 1174 commoda.
623 1119 661 1172 ld
675 1121 745 1172 hanc
757 1132 821 1188 ergo
833 1131 915 1186 saepe
927 1119 1059 1188 dirigebat
1071 1121 1132 1185 iter,
1145 1121 1296 1173 comitanti·

70 1223 175 1290 busque
188 1223 321 1290 religiosis
334 1221 463 1275 iratribus
473 1221 630 1274 continuam
640 1219 807 1286 psalmodiae
818 1219 1032 1273 modulationem
1041 1219 1139 1273 devote
1151 1219 1298 1273 exhibebat

69 1321 254 1388 bonarumque
266 1321 320 1374 diei
333 1333 443 1373 cursum
458 1333 506 1387 per
518 1319 644 1373 ordinem
657 1320 855 1389 frequentabat.
870 1322 900 1372 ln
913 1321 991 1386 cuius
1003 1320 1102 1373 itinere
1114 1318 1205 1373 medio
1218 1321 1296 1374 arbo·

68 1434 126 1473 rem
138 1422 221 1472 nimis
233 1433 375 1473 amoenam
389 1424 555 1486 reppererat,
569 1418 711 1473 frondibus
732 1433 888 1486 expansam,
902 1420 973 1473 loliis
994 1420 1161 1487 adopertam,
1175 1433 1245 1487 quae
1266 1434 1295 1473 se

69 1520 119 1572 sub
138 1531 169 1572 se
188 1520 331 1586 quiescere
354 1519 506 1572 volentibus
529 1519 701 1571 umbratilem
727 1523 809 1585 atque
829 1519 997 1585 pausabilem
1019 1519 1167 1585 aperiebat.
1181 1521 1237 1584 Quo
1254 1520 1295 1572 vir

68 1624 179 1672 mactus
192 1617 286 1671 labore
297 1618 403 1671 itineris
415 1618 549 1686 fatigatus,
562 1619 628 1670 actis
649 1616 817 1684 psalmodiae
829 1618 955 1671 cursibus
967 1624 995 1670 et
1006 1618 1118 1685 expletis
1131 1620 1294 1684 hymnorum

68 1718 247 1783 orationibus,
260 1717 351 1770 eundo
372 1723 398 1770 ct
411 1717 553 1771 redeundo
574 1718 697 1770 membra
710 1717 862 1783 pausationi
885 1717 1082 1784 aliquantisper
1099 1716 1165 1771 darc
1183 1730 1296 1771 consue

70 1821 141 1869 verat
153 1820 191 1880 et,
203 1816 226 1869 si
238 1815 304 1882 quid
318 1817 409 1868 minus
422 1817 579 1884 peregisset,
593 1816 649 1869 illic
666 1816 842 1870 devotissime
856 1817 983 1883 supplere
995 1816 1150 1870 festinabat.
1164 1818 1240 1881 Quod
1252 1817 1294 1869 vtr

10 1905 26 1956 ἰ
65 1914 188 1980 quidam,
210 1914 385 1967 ilbodomeus
410 1915 530 1980 nomine,
547 1928 609 1967 cum
631 1916 740 1982 saepius
761 1921 895 1981 cerneret,
917 1916 1070 1969 eratenim
1092 1915 1120 1968 in
1141 1916 1205 1970 villa
1224 1929 1295 1983 quae

58 2012 226 2066 sedeciacus
240 2013 339 2066 dieitur
360 2013 478 2079 episcopi
499 2014 616 2078 villicus,
630 2014 777 2068 admodum
799 2015 850 2080 ipsi
871 2015 999 2081 episcopo
1016 2015 1131 2068 dilectus
1149 2015 1290 2082 divesque,

63 2111 185 2178 agitame
202 2110 337 2165 daemone
358 2112 461 2165 invidia
482 2120 643 2179 commotus,
656 2115 784 2167 arborem
806 2113 902 2167 incidit
919 2114 1029 2181 ignique
1050 2117 1077 2166 et
1097 2113 1157 2167 aliis
1169 2114 1297 2168 humanis

62 2210 163 2263 usibus
175 2208 321 2276 adaptavit.
335 2212 389 2263 llec
409 2222 497 2276 mora,
509 2209 602 2264 divina
623 2212 823 2265 animadversio
844 2212 1000 2272 subsecuta,
1014 2213 1101 2265 sancti
1113 2213 1164 2265 viri
1176 2213 1296 2279 quietem

60 2308 213 2373 ulciscens,
226 2322 289 2360 eum
302 2307 430 2374 adtrivit;
444 2320 592 2376 eassusque
614 2309 756 2363 oculorum
769 2310 883 2376 lumine,
897 2310 1037 2364 ductorem
1051 2310 1085 2364 ad
1106 2312 1216 2366 domum
1237 2326 1297 2379 pro·

10 2395 32 2447 ὖ
66 2409 156 2474 priam
169 2406 305 2474 palpando
317 2408 444 2461 manibus
457 2408 623 2475 requirebat.
637 2408 689 2461 sed
702 2420 766 2461 cum
778 2408 873 2462 beatus
885 2408 1047 2461 blaximinus
1060 2409 1118 2462 vice
1131 2409 1249 2475 quadam
1262 2411 1296 2462 ab

63 2508 162 2561 eadem
174 2508 238 2561 villa
257 2509 291 2561 ad
304 2508 501 2561 monasterium
519 2508 610 2560 redire
625 2512 652 2560 et
670 2520 745 2560 more
767 2508 846 2562 solito
864 2507 1007 2574 quiescere
1028 2506 1197 2574 disponeret,
1217 2508 1294 2561 arbo·

61 2620 126 2659 rem
145 2607 281 2661 abscisam
302 2609 451 2674 reperiens
464 2607 557 2659 divino
578 2607 675 2672 spiritu
695 2612 835 2660 auctorem
858 2607 970 2659 sceleris
992 2607 1110 2674 agnovit,
1123 2608 1240 2673 plusque
1261 2606 1295 2659 dc

61 2707 125 2773 ejus
140 2707 319 2772 temptatione
331 2720 413 2772 quam
425 2708 531 2759 arboris
546 2707 681 2759 incisione
694 2706 836 2774 ingemuit.

99 2806 155 2859 8⁷.
169 2808 291 2873 Cumque
303 2805 330 2859 id
351 2807 490 2874 cognitum
503 2807 632 2872 episcopo
645 2806 724 2870 loret,
738 2807 780 2859 sui
794 2807 876 2859 villici
889 2820 969 2875 aegre
984 2808 1075 2859 terens
1093 2807 1251 2859 discrimina
1270 2812 1298 2858 et

10 2887 24 2936 ⁵
60 2905 152 2957 sancti
165 2904 216 2957 viri
228 2905 392 2970 molestiam,
407 2911 517 2971 precatu
536 2906 653 2956 maximo
666 2910 694 2956 et
710 2905 863 2957 humilitate
875 2904 971 2958 devota
984 2910 1107 2958 sanctum
1120 2905 1294 2957 Maximinum

54 3002 97 3054 ad
116 3015 146 3056 se
166 3004 296 3057 evocavit.
309 3005 393 3067 Quem
414 3001 573 3069 honorilice,
595 3008 625 3056 ut
644 3004 768 3069 decebat,
787 3005 948 3070 suscipiens,
971 3008 998 3056 et
1019 3004 1098 3056 dictis
1119 3003 1290 3056 dulcioribus

54 3102 234 3156 sanctitatem
246 3103 330 3156 animi
343 3104 420 3156 nisus
431 3108 472 3155 est
486 3104 589 3169 alloqui
606 3109 634 3155 et
647 3109 676 3154 ut
688 3108 797 3156 caecato
811 3104 904 3155 lumen
919 3104 1045 3168 precibus
1058 3101 1185 3156 redderet
1198 3115 1293 3169 rogare

55 3200 225 3255 omnimodo
238 3215 294 3257 non
308 3201 419 3255 destitit.

96 3299 153 3353 28.
167 3301 218 3355 illo
233 3315 297 3355 vero
311 3302 418 3355 abeato
440 3303 584 3355 blaximino
598 3304 648 3355 hoc
669 3304 804 3371 exigente,
818 3303 929 3369 quidam
947 3303 1069 3369 ejusdem
1082 3303 1202 3370 episcopi
1214 3315 1294 3356 cano·

10 3383 23 3432 )
58 3401 156 3466 nicus,
181 3401 293 3454 nomine
315 3402 520 3465 theodemirus,
533 3416 614 3469 quem
635 3403 671 3455 ob
685 3404 864 3455 reverentiam
885 3401 1062 3455 sacerdotalis
1082 3402 1196 3455 lionoris
1216 3401 1295 3454 multi

53 3500 249 3566 celebrabant,
271 3502 428 3567 supervenit
451 3515 483 3554 ac
503 3515 651 3571 germanae
674 3515 749 3567 suae,
772 3516 842 3568 quae
866 3501 961 3554 itidem
986 3502 1134 3556 multorum
1158 3501 1296 3555 curriculo

52 3611 202 3654 annorum
213 3599 391 3667 dispendium
405 3603 543 3655 caecitatis
557 3602 717 3666 incurrerat,
731 3616 746 3654 a
765 3603 824 3655 viro
837 3603 884 3655 liei
901 3603 995 3656 lumen
1013 3604 1167 3669 expetebat.
1181 3605 1296 3655 Sanetus

55 3698 157 3767 itaque
169 3701 341 3765 Maximinus,
355 3701 537 3755 libentissime
548 3715 642 3754 eorum
655 3702 800 3769 petitiones
814 3703 976 3768 suscipiens,
991 3709 1071 3769 atque
1085 3715 1229 3755 caecorum
1242 3702 1297 3753 dis·

54 3799 174 3850 crimini
195 3801 373 3867 compatiens
385 3803 461 3866 juxta
482 3813 637 3854 sermonem
659 3802 709 3854 tob
730 3802 868 3854 dicentis:
885 3803 992 3854 Oculus
1014 3799 1064 3867 sni
1084 3813 1173 3854 caeco
1193 3803 1223 3854 et
1241 3812 1296 3867 pes

10 3878 24 3926 ⁵
52 3899 187 3964 claudo,
201 3903 228 3950 et
240 3899 314 3951 Pauli
327 3912 421 3952 vocem
441 3899 622 3964 praedicantis
636 3915 642 3950 :
660 3900 734 3958 Quis
748 3898 934 3966 infirmatur
946 3903 974 3952 et
987 3913 1042 3966 ego
1055 3912 1114 3951 non
1129 3899 1298 3966 infirmor?

53 3994 132 4061 quis
151 3996 394 4048 scandalizatur
415 3999 444 4049 et
458 4009 512 4062 epo
533 4009 594 4049 non
609 3996 709 4050 uror?
730 3998 804 4051 suavi
826 3997 899 4049 vocis
921 3995 1032 4050 modulo
1055 3996 1123 4049 hidit
1144 3996 1295 4051 orationem

53 4093 215 4147 Dominoet
223 4096 339 4147 micante
350 4096 439 4148 subito
450 4097 547 4161 jubare
557 4108 655 4148 sereno
666 4096 738 4147 visus
748 4096 891 4148 oculorum
902 4096 1063 4148 revertibilis
1073 4096 1184 4160 antiqua
1194 4093 1293 4161 gaudia

52 4195 191 4246 alacriter
213 4195 386 4262 recognovit3
401 4196 495 4261 sicque
516 4208 564 4259 per
576 4209 685 4247 servum
698 4209 778 4248 suum
800 4196 930 4249 hominus
952 4197 1082 4262 pristinae
1102 4194 1221 4247 reddidit
1239 4195 1295 4247 lucr

52 4306 132 4360 quos
144 4299 240 4346 auctor
253 4294 427 4347 tenebrarum
440 4300 589 4360 perpetuae
601 4296 752 4347 conabatur
768 4295 928 4361 demergere
937 4295 1067 4347 caecitati.
1079 4298 1099 4347 0
1109 4308 1172 4347 vere
1185 4295 1296 4346 lucerna

10 4377 25 4426 ³
53 4393 188 4445 caelestis
209 4392 342 4458 lampadis
365 4394 469 4446 lumine
488 4393 617 4446 irradiata
638 4400 664 4446 et
685 4396 713 4445 in
726 4395 823 4446 Christi
846 4394 945 4460 templo
964 4394 1042 4446 nullo
1055 4394 1135 4448 modo
1148 4395 1293 4459 occultata,

54 4496 128 4544 ante
139 4492 217 4558 cujus
231 4493 333 4545 lumina
345 4491 446 4546 diaboli
462 4494 626 4560 fugabantur
638 4493 809 4545 discrimina.

96 4591 204 4644 ml.
218 4594 294 4645 Tunc
314 4593 396 4660 igitur
408 4595 480 4646 cirea
501 4595 572 4660 ripas
593 4594 696 4660 ligeris
717 4593 850 4659 quosdam
871 4594 1008 4646 eminebat
1028 4593 1111 4646 clivos
1133 4593 1290 4660 Tybemitus
