3156 5452
244 359 336 411 areu.
355 357 440 408 nar.
459 356 575 407 ersis.
595 378 641 388 -
656 356 810 408 urrann.
829 357 877 407 ro
893 356 970 407 ooo.
989 352 1066 409 aaa.
1204 339 1268 407 321

140 528 282 583 atticitas
292 531 345 596 est,
356 529 479 582 dicens:
490 528 545 582 «Si
555 527 795 597 qniseoasessas
803 523 1270 594 saeritmeaoramlrominiaas,

140 629 206 683 ebor
219 633 249 683 et
260 642 312 697 epo
325 642 395 683 eam
408 641 514 684 coram
522 632 617 696 patre
629 641 703 697 meo,
718 628 829 696 quiesi
841 627 994 682 incaelis.
1011 643 1021 676 r
1036 629 1098 679 Post
1111 628 1177 680 lraee
1189 626 1272 679 Julia-

154 746 160 782 :
181 728 307 783 videtur
319 728 406 797 milti,
425 728 611 797 Theudoria,
627 729 707 797 qaod
727 741 790 783 nom
809 728 891 783 sient
908 740 961 796 epo
972 728 1134 782 velamant
1146 725 1274 780 sensisti

140 831 204 881 ata.
217 831 292 881 Tune
306 830 402 882 heatus
415 829 595 882 theodoritus
607 826 748 895 respondit
761 844 768 880 ι
782 828 861 895 Erpa
873 839 943 882 eam
965 825 1148 894 attqaojoro
1167 823 1273 879 lusisti

140 941 168 996 n,
181 931 217 981 at
238 942 326 996 qaam
348 928 482 982 tributas
502 941 612 996 speras
632 941 695 982 non
706 928 854 982 sensisset
875 925 1119 982 tribulationem·
1134 927 1193 979 Jam
1206 936 1271 978 vero

140 1039 280 1093 scarpore
293 1028 392 1095 egregii
407 1029 532 1094 martyris
544 1028 699 1094 loquamur.
709 1026 834 1080 Julianus
845 1039 908 1080 oum
922 1026 978 1079 suis
995 1023 1169 1080 carnificibus
1186 1025 1272 1089 inees-

144 1139 227 1192 super
239 1140 302 1178 eum
314 1128 417 1179 astabat
429 1132 455 1179 et
466 1128 525 1179 sine
538 1125 738 1179 intermissione
750 1124 903 1191 torquebat.
916 1124 1022 1177 Nullam
1035 1123 1116 1177 aliam
1127 1136 1223 1177 vocem
1236 1123 1270 1176 al)

140 1239 157 1278 e
170 1225 266 1279 audire
278 1227 370 1279 disere
386 1231 534 1292 potuerunt
546 1227 598 1278 nisi
611 1224 739 1279 Domine
755 1225 829 1278 Jesa
844 1223 971 1292 Christe,
984 1224 1102 1290 adjuva
1114 1236 1171 1278 me.

140 1330 214 1379 Tune
233 1327 366 1391 Julianus,
380 1325 476 1379 videns
497 1332 599 1379 tantam
614 1327 672 1392 ejus
691 1325 883 1392 constantiam,
895 1324 978 1391 jussit
994 1336 1102 1377 cessare
1119 1320 1269 1388 carnifices,

140 1426 281 1491 ersipellis,
294 1427 368 1492 quod
383 1440 432 1491 per
444 1426 628 1479 austeritatem
644 1429 841 1478 tormentorum
853 1422 990 1487 [obtinere
1002 1421 1182 1490 nequiveram,
1196 1421 1271 1476 blan·

140 1538 160 1579 a
172 1528 318 1580 verborum
331 1532 360 1579 ut
372 1528 457 1579 ileum
471 1531 581 1595 negaret
592 1527 707 1580 suadere
720 1525 818 1591 eoepit.
828 1523 963 1590 Videtur,
974 1523 1072 1590 inquit,
1080 1520 1168 1590 milti,
1182 1520 1270 1576 Tlteo·

140 1668 147 1694 ,
161 1626 298 1693 aliquem
313 1629 341 1678 te
360 1624 467 1680 dedere
488 1625 674 1693 imperatori
692 1637 828 1678 emmam.
845 1622 929 1682 Quod
948 1621 1024 1689 qaia
1040 1633 1104 1676 aaa
1111 1623 1201 1688 potes
1213 1621 1270 1674 soi-

140 1725 286 1779 sanstitui
298 1728 327 1778 te
347 1725 556 1793 interpositas
568 1724 659 1778 mart.
678 1723 951 1791 Tamenquiaqaid
963 1721 1111 1788 illudat,
1124 1721 1271 1791 confitere

140 1825 264 1891 Lapitar
278 1837 340 1892 pro
362 1828 390 1878 te
410 1824 603 1893 imperatori,
617 1827 646 1877 et
667 1823 802 1878 dimittet
823 1822 879 1876 titi
896 1822 1042 1876 debitam.
1060 1821 1215 1875 Stantem
1233 1820 1271 1875 ab

140 1927 306 1977 >marnam
318 1924 474 1992 accepisti,
489 1924 623 1992 accipies
641 1923 834 1991 scripturam
846 1925 875 1976 et
892 1923 1026 1976 anniam
1037 1922 1104 1988 ejas
1123 1923 1153 1975 et
1173 1920 1271 1975 adibis

145 2025 221 2075 lune
239 2024 412 2076 beatissimus
434 2029 543 2090 martyr,
567 2029 705 2090 tamquam
725 2023 828 2077 nullam
849 2022 1024 2074 sustinuisset
1044 2020 1171 2087 injuriam
1192 2023 1211 2081 ',
1229 2034 1269 2073 re·
1320 2014 1410 2093 aad.

140 2128 168 2174 t:
188 2123 330 2176 Transiet
347 2123 502 2177 vobiscum
514 2123 691 2177 substantia
709 2121 867 2176 avaritiae
877 2123 999 2175 vestrae
1010 2121 1046 2174 in
1052 2120 1269 2188 perditionem.
1292 2093 1446 2147 mmmm·

140 2223 217 2274 ntem
233 2223 318 2275 rentii
338 2223 504 2289 antequam
517 2222 606 2276 debeo
626 2223 691 2276 nist
710 2224 770 2276 Deo
785 2221 847 2276 soli
863 2221 957 2291 pidem
970 2239 979 2275 .·
991 2233 1086 2289 qaam
1098 2232 1152 2274 oro
1164 2221 1200 2272 ut
1217 2230 1267 2272 aa·

140 2319 212 2374 ime
225 2321 326 2387 liceat,
341 2324 376 2374 at
383 2322 504 2388 possim
521 2323 664 2376 caelestis
670 2322 822 2389 paradisi
828 2320 960 2390 perfrui
975 2320 1114 2389 patritiis.
1128 2322 1190 2372 Post
1202 2319 1269 2372 lraee

140 2433 164 2472 rs
177 2421 213 2472 ait
227 2436 233 2471 :
247 2420 423 2474 Miserrime
443 2421 630 2488 Titeodorite,
636 2422 709 2487 jam
723 2420 888 2489 paeniteat
909 2419 988 2473 tede
1007 2418 1057 2472 Jtis
1074 2431 1155 2487 quae
1171 2431 1269 2486 usqae

141 2517 265 2585 dimisti,
278 2519 383 2583 etjam
395 2519 510 2572 iterum
521 2532 595 2574 cave
605 2533 645 2573 ae
656 2519 797 2572 animam
807 2522 896 2572 taam
905 2518 1064 2572 tollamus.
1073 2520 1148 2571 Tune
1160 2521 1269 2571 sanetus

140 2617 230 2679 oritus,
244 2618 307 2683 quia
322 2618 450 2670 miserum
470 2632 532 2670 eum
553 2619 677 2671 Julianus
689 2622 841 2677 vocaverat.
855 2615 995 2682 respondit
1006 2617 1053 2669 ei:
1072 2617 1124 2682 Tu,
1140 2615 1270 2669 datiane

140 2715 225 2783 rime,
246 2729 390 2784 aopnasee
410 2720 517 2785 Deam,
539 2718 594 2785 qui
613 2718 670 2772 tilii
688 2731 800 2786 empus
821 2715 949 2772 donavit
969 2719 999 2770 et
1019 2716 1170 2770 animam.
1192 2718 1267 2768 Tune

140 2826 164 2866 rs
184 2815 270 2867 iratus
287 2816 368 2881 jussit
389 2818 510 2869 revoeari
531 2830 613 2883 super
633 2831 696 2871 eum
716 2822 859 2871 tormenta.
878 2818 1000 2884 cumque
1018 2816 1116 2870 multas
1137 2817 1268 2870 tortiones

142 2912 269 2968 arniirees
289 2921 383 2979 saneto
402 2917 461 2982 ejus
481 2917 590 2982 corpori
609 2917 779 2981 indixissent,
793 2916 918 2969 Julianus
936 2921 1060 2970 sanetum
1073 2919 1219 2981 martyrem
1237 2928 1266 2968 se

151 3012 266 3066 eredidit
287 3018 314 3066 et
334 3015 391 3067 ait:
407 3015 517 3082 Quare,
536 3014 723 3080 Theodorite,
747 3017 870 3069 tantam
891 3014 983 3068 habes
1006 3014 1208 3083 proterviam,
1231 3017 1265 3068 nt

145 3108 235 3164 dieas
246 3112 301 3178 qai
309 3111 491 3179 Jiapeiiatas
499 3115 529 3165 et
537 3113 712 3180 crucifissus
724 3116 771 3167 est
782 3114 794 3167 t
805 3112 985 3167 theodoritus
996 3113 1138 3180 respondit
1149 3129 1155 3166 :
1167 3113 1265 3167 Illam

140 3208 218 3262 dieis
229 3211 421 3279 craeifiaam
432 3211 541 3278 fnisse,
552 3215 582 3266 et
594 3214 631 3279 te,
645 3212 863 3266 crudelissime
874 3211 1046 3276 hominum,
1055 3215 1085 3266 et
1094 3215 1266 3278 mannum

145 3320 235 3374 quan
244 3310 278 3362 tu
292 3308 510 3376 imperatorem
519 3311 673 3378 nominas,
680 3311 716 3364 ia
723 3310 897 3377 diejadieii
904 3311 1118 3365 aeternalibus
1126 3310 1265 3379 fiammis

140 3404 240 3460 iaboto
254 3407 402 3475 principe
419 3411 520 3462 oestro
541 3407 712 3462 damnabit.
726 3408 776 3463 Ibi
791 3408 896 3465 sai'etis
917 3409 993 3478 qnid
1013 3409 1056 3463 sit
1072 3409 1156 3463 inter
1167 3409 1264 3463 Deum

151 3505 181 3557 et
193 3502 297 3570 falsas
310 3504 463 3573 imapiaes
475 3520 555 3575 qaas
567 3508 720 3562 adoratis.

140 3602 181 3655 llis
193 3603 365 3657 sermonibus
386 3606 562 3658 veliementer
576 3607 726 3659 concitatus
744 3606 879 3673 Julianus,
893 3606 960 3659 duas
981 3605 1110 3658 ardentes
1126 3606 1267 3671 lampades

140 3702 251 3755 usbeati
273 3705 399 3771 martyris
418 3707 500 3772 iussit
520 3707 705 3772 applicarint
725 3707 771 3759 ulii
793 3711 856 3759 ante
878 3711 989 3760 sanetus
1011 3707 1105 3759 eteori
1127 3711 1154 3759 et
1175 3706 1266 3759 earnis

140 3802 248 3855 sionem
261 3816 357 3869 passus
368 3805 465 3871 iuerat,
479 3806 644 3874 ingeminato
661 3805 833 3859 llammarum
851 3805 950 3860 ardore
963 3806 1047 3860 multo
1065 3806 1151 3872 magis
1163 3806 1264 3858 arusia-

140 3903 196 3954 irm
208 3914 271 3954 vero
285 3901 426 3956 carnifices
438 3904 558 3957 studiose
578 3917 648 3970 quae
672 3907 846 3958 mandaverat
857 3905 983 3958 Julianus
996 3905 1133 3970 iecissent,
1146 3902 1264 3958 idoneus

144 4000 221 4052 lestis
233 4001 413 4055 theodoritus
425 4003 516 4055 anima
535 4008 562 4055 et
574 4004 668 4057 oeulos
679 4005 712 4057 ad
730 4005 838 4058 eaelum
854 4005 994 4058 conversis
1005 4005 1088 4057 talem
1100 4002 1185 4056 edidit
1203 4015 1262 4056 ora·

149 4100 298 4154 :Domine
309 4101 601 4170 deusomnipotens,
616 4102 671 4171 pai
682 4101 786 4170 fecisti
797 4103 921 4157 eaelum
938 4105 967 4157 et
985 4105 1113 4171 terram,
1126 4114 1216 4155 mare
1232 4104 1261 4155 et

149 4198 426 4264 admississent,
440 4199 495 4267 qai
506 4201 647 4254 salvator
659 4213 691 4253 es
709 4199 868 4254 hominnm
881 4203 910 4254 et
929 4200 1024 4255 totius
1036 4199 1148 4253 maadi
1160 4202 1261 4254 rector
1319 4244 1322 4248 .

140 4297 177 4349 er
193 4309 235 4360 es,
248 4297 340 4350 salva
359 4311 410 4351 eos
427 4298 481 4364 qni
499 4301 527 4351 te
549 4298 684 4366 confessi
699 4300 783 4364 snat,
802 4299 908 4368 filiam
925 4312 996 4353 vero
1014 4301 1112 4367 taum,
1126 4311 1215 4366 quem
1229 4298 1264 4350 in

140 4408 184 4448 tm
197 4395 312 4449 misisti
325 4399 358 4449 nt
370 4397 408 4450 ab
421 4396 597 4451 hominibus
610 4399 771 4452 adoretur.
788 4399 917 4453 Ostende
929 4398 1025 4466 impio
1038 4397 1223 4464 imperatori
1234 4401 1263 4451 et

140 4493 265 4548 irriseris
273 4496 448 4562 potentiam
467 4500 554 4551 taam
572 4499 601 4551 et
614 4497 760 4552 virtatem
779 4502 876 4567 tuam,
889 4501 925 4552 at
947 4498 1131 4564 intellepant
1144 4500 1263 4564 quanta

140 4593 173 4649 lio
185 4594 228 4648 sit
241 4596 324 4648 iater
336 4609 386 4649 eos
399 4596 454 4663 qai
472 4596 530 4649 tibi
540 4597 685 4650 serviunt
705 4599 735 4650 et
746 4610 796 4653 eos
814 4597 871 4665 ani
881 4597 1043 4653 diabolum
1061 4596 1160 4652 secuti
1177 4596 1264 4651 idola

140 4707 159 4746 i.
173 4704 263 4746 stam.
277 4705 303 4746 r.
316 4705 335 4745 1.
1181 4697 1211 4748 al
