3136 5482
363 356 455 407 aran.
474 354 756 407 nnr.r>nn1s.-
771 353 924 405 nenmrn.
946 353 993 404 nn
1012 353 1089 403 con.
1108 350 1182 402 saer.
1321 337 1389 403 547

155 524 304 578 laudabilis
316 525 396 578 lama.
411 524 487 578 Unde
500 523 571 577 inter
582 524 691 591 egregia
703 524 762 590 ejus
776 523 883 576 vinulis
895 535 976 589 opera
989 523 1041 577 boc
1053 520 1089 574 ad
1105 534 1187 575 aures
1208 520 1388 574 liercbenaldi

155 624 263 691 patricii
277 625 401 690 pervenit
412 622 487 689 quod
499 623 639 676 llaimonis
657 622 734 675 ducis
752 624 864 675 unicum
878 621 964 675 tilium
977 622 1012 674 de
1027 633 1124 674 somno
1139 621 1233 673 mortis
1247 620 1389 673 resuscita·

154 724 236 778 verit.
250 725 333 790 cujus
344 724 384 776 rei
396 724 483 791 gratia
496 721 585 776 eidem
597 723 709 789 patricio
727 729 861 789 quantum
878 723 979 777 amoris
996 735 1060 790 erga
1076 722 1185 775 beatum
1202 721 1291 774 uirum
1308 732 1388 787 qene-

156 823 269 883 raterit
282 824 326 875 bic
347 823 503 877 rusticanus
521 835 612 876 sermo
631 827 712 889 prout
731 823 849 889 potuerit
870 823 904 876 ad
924 821 1034 876 laudem
1056 821 1101 874 bei
1124 825 1152 874 et
1169 820 1203 873 ad
1220 820 1279 886 ejus
1301 818 1390 872 tidelis

134 923 253 977 trursei
274 922 457 976 reverentiam
478 921 608 989 explebit.
622 922 754 975 oraedictt
776 921 876 976 etenim
895 922 946 975 viri
963 919 1147 975 liercbenaldi
1162 918 1310 973 liberalitas
1323 918 1389 972 dum

155 1021 244 1076 sancti
255 1022 307 1075 viri
320 1020 467 1075 virtutibus
480 1021 519 1075 sic
531 1021 630 1076 cotidie
643 1021 743 1089 repleri
764 1022 871 1075 audiret
890 1026 1024 1075 terrarum
1037 1020 1185 1085 anfractus,
1198 1017 1233 1072 ad
1245 1019 1305 1084 ejus
1316 1029 1390 1084 prae

154 1120 262 1175 sentias
276 1121 351 1174 venit
371 1120 535 1188 quantocius
556 1121 748 1187 reverentiam,
761 1134 810 1188 per
831 1122 952 1188 seipsum
973 1120 1074 1174 rescire
1095 1118 1190 1173 volens
1211 1118 1234 1170 si
1254 1131 1289 1172 ex
1303 1116 1389 1171 sancti

154 1222 208 1275 viri
219 1221 287 1275 visis
299 1221 445 1274 virtutibus
457 1222 543 1274 berun
556 1226 707 1275 mereretur
718 1222 885 1275 benedicere
896 1219 1029 1290 mutiens.
1042 1220 1090 1286 Qui
1105 1224 1166 1286 post
1177 1219 1273 1286 longos
1284 1218 1390 1272 viarum

155 1333 287 1375 recursus
299 1320 391 1375 dilecti
405 1321 451 1374 liei
464 1321 647 1387 praesentiam
658 1320 726 1374 adiit
738 1321 860 1387 devotus,
874 1319 1089 1387 suppliciterque
1101 1319 1179 1385 petiit
1190 1323 1222 1371 ut
1233 1318 1292 1385 ejus
1311 1317 1390 1371 misc·

134 1430 138 1468 t
153 1419 291 1474 ricardiac
303 1424 457 1474 mercretur
477 1419 677 1485 persentiscere
687 1420 812 1487 qratiam,
825 1432 908 1486 quarn
919 1419 958 1472 sic
970 1430 1035 1486 erga
1051 1416 1120 1471 alios
1132 1415 1244 1470 abluere
1261 1415 1385 1469 audierat

158 1531 211 1585 per
227 1531 353 1586 quaeque
371 1518 430 1572 loca
447 1519 562 1583 abierat,
576 1523 602 1571 et
620 1531 655 1571 ne
672 1518 732 1584 ejus
750 1517 857 1584 pietatis
872 1518 948 1571 solus
959 1518 1113 1583 privaretur
1130 1515 1203 1568 dono
1217 1530 1224 1567 :
1238 1526 1320 1581 quem
1335 1526 1390 1568 non

156 1618 239 1672 aliter
251 1630 426 1672 recessurum
441 1619 524 1671 sciret
535 1619 623 1672 donec
635 1619 774 1686 petitionis
786 1619 846 1684 ejus
859 1617 1040 1671 libentissime
1053 1617 1156 1670 faveret
1167 1620 1239 1669 voto.
1251 1617 1317 1668 Nam
1330 1627 1391 1668 csse

157 1720 211 1773 sibi
230 1719 344 1773 unicum
362 1718 448 1772 filium
466 1719 495 1771 in
513 1719 657 1773 cunabulis
681 1718 881 1775 manifestatio
899 1719 1048 1773 Paronensi
1060 1717 1177 1785 palatio;
1191 1729 1246 1784 quo
1267 1720 1391 1769 sanctum

158 1816 208 1871 bei
222 1817 317 1871 venire
329 1817 476 1883 desiderat,
489 1816 630 1884 titiumque
643 1818 712 1871 sacri
729 1817 900 1886 baptismatis
911 1829 1071 1871 consecrare
1090 1817 1208 1883 lavacro,
1225 1814 1393 1880 demumque

134 1915 144 1967 l
158 1928 226 1970 cum
238 1929 255 1970 a
266 1915 372 1971 vivifico
384 1916 459 1971 fonte
471 1917 647 1983 suscipiendo
659 1917 809 1984 spiritalem
827 1921 931 1983 patrem
954 1915 1023 1970 ellici
1036 1915 1162 1983 postulat.
1175 1915 1258 1981 cujus
1270 1912 1393 1980 petitioni

159 2015 202 2068 vir
216 2015 264 2068 ltei
276 2027 420 2069 assensum
440 2014 574 2082 praebuit,
588 2016 652 2082 quia
673 2015 718 2082 pio
740 2027 833 2069 amore
847 2028 910 2069 eum
924 2027 1032 2081 semper
1051 2013 1156 2078 coluit3
1170 2011 1339 2078 festinusque
1359 2008 1393 2062 ad

160 2112 334 2179 praedictum
354 2113 445 2167 locum
466 2114 552 2179 venit,
566 2119 594 2166 ct
612 2127 745 2182 peragens
766 2113 866 2166 nobilis
883 2113 933 2166 viri
952 2113 1096 2167 honestum
1110 2110 1289 2177 ‹lesitlerium‚
1303 2109 1395 2163 omnia
1461 2107 1464 2115 “

160 2212 377 2279 circumquaque
390 2211 449 2266 locu
462 2225 559 2279 magna
572 2213 687 2279 replevit
699 2212 811 2267 laetitia.

195 2310 248 2364 18.
260 2311 367 2365 Etenim
387 2316 419 2364 ut
439 2311 512 2364 bunc
533 2315 604 2365 beus
622 2311 748 2378 ampliori
760 2310 966 2366 commendaret
977 2311 1066 2364 laudis
1083 2309 1240 2377 praeconio,
1253 2322 1301 2364 sex
1312 2320 1392 2375 quos·

134 2410 228 2465 idam
239 2410 324 2474 viros,
337 2411 383 2477 qui
405 2410 526 2464 damnati
547 2410 666 2478 quodam
686 2411 851 2465 tenebantur
869 2423 979 2464 carcere
993 2409 1142 2477 teterrimo,
1156 2409 1275 2463 mirabili
1293 2407 1392 2461 ordine

164 2510 297 2564 liberatos
308 2522 324 2563 a
337 2509 452 2563 nexibus
463 2516 526 2564 ante
539 2511 662 2564 omnium
676 2524 708 2564 er
720 2511 867 2576 improviso
880 2511 943 2564 lecit
965 2514 1054 2563 astare
1067 2515 1237 2575 conspectus.
1250 2511 1316 2561 llam
1328 2507 1395 2560 dum

164 2623 216 2677 per
236 2607 356 2662 eundern
376 2609 466 2662 vicum
485 2610 689 2663 Paronnensem
710 2614 833 2663 sanctum
856 2610 902 2663 bei
923 2607 1041 2662 audiunt
1052 2609 1179 2674 transire,
1193 2606 1397 2660 misericordiae

164 2721 233 2763 suae
243 2706 285 2762 eis
296 2706 381 2762 altore
393 2714 540 2774 precantur
552 2709 701 2763 dexteram.
713 2711 765 2763 Pro
785 2722 902 2776 quorum
920 2708 1049 2762 carcerali
1067 2709 1228 2762 liberatione
1244 2707 1310 2781 dum
1329 2711 1395 2759 tcm-

164 2808 269 2877 poralis
288 2808 428 2875 potestatis
446 2809 614 2875 majestatem
636 2809 712 2875 petiit
732 2809 947 2876 frustratumque
964 2822 994 2862 se
1014 2808 1089 2874 vidit,
1102 2808 1137 2861 ad
1157 2808 1263 2862 bomini
1284 2807 1330 2860 ltei
1351 2806 1394 2860 sul

134 2907 348 2976 ipatrocinium
369 2907 449 2960 solito
470 2907 611 2975 conlugit3
635 2908 788 2973 sedensque
805 2908 840 2961 ad
865 2908 1011 2975 prandium
1030 2907 1179 2961 multomm
1203 2905 1393 2973 nobiliumque

161 3007 324 3075 optimatum
337 3007 461 3072 personis
473 3007 597 3073 vallatus,
608 3008 667 3061 sine
677 3008 813 3060 humanae
826 3007 1014 3061 dissolutionis
1021 3007 1121 3061 auxilio
1131 3005 1269 3073 quondam
1278 3006 1396 3073 graviter

160 3103 334 3172 compeditos
354 3105 443 3158 subito
462 3110 553 3159 astare
575 3106 706 3172 conspicit
727 3106 837 3173 liberos,
851 3109 962 3173 becque
974 3105 1121 3159 multarum
1139 3106 1287 3173 gratiarum
1300 3103 1395 3158 laudes

162 3209 275 3272 propter
295 3203 436 3285 exauditas
457 3218 552 3270 preces
572 3205 733 3273 ingeminat.
747 3210 774 3258 et
794 3206 832 3258 sic
853 3205 952 3274 regalis
978 3205 1094 3258 convivii
1112 3211 1270 3271 apparatum
1284 3204 1336 3257 boc
1348 3202 1396 3258 tali

163 3302 297 3357 miraculo
310 3304 436 3357 honorat.
449 3307 505 3357 lloc
517 3303 564 3358 tali
576 3304 634 3358 riso
647 3305 789 3367 miraculo,
803 3305 932 3371 patricius
945 3304 1149 3358 liercbenaldus
1166 3303 1251 3356 sancti
1263 3302 1395 3368 provolvi·

134 3400 151 3455 b
163 3408 209 3457 tur
216 3403 333 3470 pedibus
340 3416 402 3456 cum
411 3403 486 3457 omni
494 3404 774 3471 populo‚veniamque
782 3403 965 3457 contradictae
974 3402 1111 3470 petitionis
1118 3401 1245 3468 postulat,
1253 3404 1393 3469 ileumquc

162 3515 213 3570 pro
224 3502 284 3556 viso
297 3501 429 3557 miraculo
450 3501 592 3568 glorificat,
605 3508 632 3557 et
651 3517 714 3557 cum
735 3516 873 3558 consensu
894 3503 983 3571 regiae
1002 3502 1151 3568 majestatis
1169 3504 1292 3555 sanctum
1304 3501 1393 3554 virum

163 3613 213 3667 per
224 3600 335 3654 diversa
347 3601 477 3654 l'mnciae
488 3602 547 3654 loca
561 3615 576 3655 a
588 3601 645 3654 suis
656 3602 751 3670 legatis
768 3602 833 3655 fecit
849 3601 985 3655 deducere
996 3613 1118 3668 suaeque
1130 3601 1270 3666 potestatis
1287 3599 1393 3667 singula

163 3698 363 3764 demonstrare,
384 3699 528 3766 qualisque
547 3700 573 3752 ei
594 3700 777 3767 complaceret
795 3700 966 3768 habiliorque
980 3699 1131 3754 monastico
1153 3698 1291 3751 videretur
1302 3696 1393 3752 ordini

164 3811 232 3853 suae
245 3797 375 3853 subderet
387 3800 523 3866 potestati.

134 3898 150 3953 b
198 3897 251 3950 14.
264 3897 351 3964 liujus
363 3896 499 3951 laudabile
511 3896 678 3952 desiderium
690 3899 731 3951 vir
743 3901 797 3953 beo
810 3898 967 3965 spectabilis
980 3898 1138 3966 mundoque
1150 3895 1319 3952 honorabilis
1334 3907 1394 3963 gra·

163 4001 254 4050 tanter
266 3995 431 4063 suscipiens,
445 3997 595 4064 perspicaci
610 3998 708 4051 mentis
720 3999 800 4052 oculo
812 3997 919 4066 singula
939 3998 1092 4066 investigat,
1105 3996 1250 4064 solumque
1262 4009 1295 4049 er
1307 3995 1394 4049 omni·

163 4096 216 4151 bus
235 4095 407 4150 Latiniacum
428 4109 494 4149 suae
512 4095 610 4150 ditioni
629 4097 764 4166 subjugat,
778 4097 825 4164 qui
847 4098 958 4151 nomine
979 4096 1133 4165 praetendit
1152 4095 1269 4164 qualiter
1290 4096 1363 4148 bunc
1381 4108 1397 4148 a

163 4195 279 4250 molesta
292 4195 456 4249 incursione·
463 4196 547 4249 latere
569 4198 639 4250 bcus
659 4196 785 4250 voluerit.
797 4199 864 4250 llam
888 4195 954 4249 irinc
973 4196 1041 4250 silva
1061 4208 1197 4263 peropaca
1208 4195 1319 4262 tegitur,
1332 4194 1396 4247 binc

161 4294 272 4349 marina
283 4306 355 4361 aqua
367 4295 527 4348 honestatur
539 4313 547 4362 ;
560 4295 625 4349 binc
645 4295 788 4362 multiplex
802 4301 829 4349 et
841 4295 1011 4349 delectabilis
1024 4300 1164 4362 pratorum
1181 4293 1318 4360 planities,
1332 4293 1396 4345 binc

134 4393 423 4449 >facundissimarum
445 4394 587 4447 vinearum
617 4393 696 4448 ssorct
727 4393 858 4448 densitas.
881 4395 926 4448 liis
952 4393 1030 4461 quasi
1058 4392 1222 4461 quibusdam
1256 4390 1401 4459 gemmulis

162 4491 348 4560 resplendens
367 4492 541 4559 supradictus
561 4494 637 4548 locus
658 4494 868 4560 pulchritudinis
893 4494 1063 4558 muneribus,
1082 4490 1251 4546 delectabilis
1276 4489 1328 4543 viri
1355 4487 1402 4542 bei

161 4592 285 4647 nimium
298 4592 424 4660 apparuit
435 4592 579 4647 obtutibus
592 4607 599 4645 :
613 4605 695 4660 quem
709 4593 738 4646 in
749 4597 825 4660 parte
835 4594 876 4646 sul
886 4593 994 4662 delegat
1005 4592 1214 4659 praesentiaque
1226 4591 1268 4644 sul
1280 4590 1406 4644 bonorat.
