3156 5452
296 350 387 399 suit.
407 349 488 398 unu.
508 348 625 398 einis.
645 367 689 377 -
707 347 859 398 neenuu.
879 348 926 397 sn
943 347 1020 396 con.
1040 344 1116 400 uros.
1266 327 1333 394 319

132 529 217 584 mque
229 528 326 571 caesus
338 517 436 571 titisset
447 517 600 571 seeundum
613 515 686 583 quod
696 515 817 583 iurasset
826 514 961 581 Julianus,
974 512 1155 568 theodoritus
1166 511 1310 580 respondit
1324 529 1331 566 ι

132 615 270 684 iuliane,
284 616 359 684 quia
372 618 402 670 tc
413 616 541 670 volutet
552 616 621 669 volo
634 614 788 670 docerem
799 626 897 669 cesses
909 613 947 668 ab
959 625 1066 668 errore
1085 616 1138 667 tuo
1148 614 1179 667 et
1190 613 1331 668 tenebras

132 714 222 769 corde
234 717 288 769 tuo
300 715 415 783 effuqes
426 718 462 768 ut
477 717 582 769 lumen
601 713 745 768 ueritatis
764 713 820 766 tibi
833 713 946 782 luceat,
953 714 1121 780 propterea
1140 714 1205 766 tam
1222 725 1334 780 aspere

132 814 326 882 rpraecipis
345 813 453 883 ferire.
475 816 548 878 Quae
569 824 632 866 eum
652 813 777 866 Julianus
798 812 930 879 audisset,
953 812 1093 878 respondit
1116 829 1122 864 :
1145 810 1238 865 Nunc
1257 812 1333 878 quia

132 915 231 982 pulos
250 914 409 969 irasceris.
432 914 505 968 Post
524 912 759 980 capulationem
785 915 890 967 autem
917 911 1012 966 istam
1036 913 1191 966 tormenta
1210 911 1326 966 senties

132 1025 178 1067 ae
194 1011 330 1080 moffcrre
350 1024 413 1068 non
428 1012 542 1081 possm,
554 1011 620 1066 nisi
639 1011 703 1065 diis
719 1012 850 1078 diqnum
866 1011 983 1066 reddas
1000 1010 1157 1066 honoram
1169 1011 1233 1065 Hoc
1250 1010 1333 1064 enim

132 1112 192 1168 tsit
221 1112 373 1167 Julianus
395 1111 620 1167 invictissimus
641 1111 821 1179 imperator.
843 1111 1022 1165 'theodoritus
1045 1111 1207 1178 respondit:
1225 1109 1333 1165 Recor-

132 1211 174 1267 tri
184 1210 338 1267 dedamur
349 1211 431 1280 quod
444 1209 500 1264 toiri
511 1211 666 1278 dicaam,
680 1211 789 1264 utnon
801 1210 920 1265 dicam
930 1210 1003 1265 deos
1015 1210 1071 1277 qui
1080 1208 1226 1265 mondus
1238 1208 1333 1265 domi-

132 1326 176 1366 um
196 1310 278 1379 tacti
296 1314 380 1379 eunt,
394 1310 449 1378 qui
464 1322 521 1365 nec
539 1309 600 1364 sibi
616 1322 672 1364 nec
690 1307 865 1362 dominicus
876 1321 910 1362 se
926 1306 1132 1391 odorantibus
1148 1320 1334 1395 aucurrere

132 1413 235 1466 esunt.
247 1409 380 1478 Ideoque
391 1410 516 1478 depone,
529 1409 633 1477 muer,
648 1411 770 1463 tantam
781 1408 953 1462 stultitiam
973 1410 1003 1461 et
1015 1410 1080 1462 tam
1095 1420 1211 1463 aonam
1226 1420 1332 1476 super·

132 1523 192 1578 um,
199 1521 262 1577 per
280 1521 376 1576 quam
395 1510 431 1561 in
450 1507 542 1563 eorde
562 1510 615 1562 tuo
634 1506 763 1575 coepisti
781 1509 818 1561 ut
838 1507 898 1562 Deo
910 1506 1124 1562 contradicere
1134 1518 1198 1562 non
1210 1507 1331 1562 timeas.

132 1622 196 1663 mm
215 1619 324 1663 aarum
342 1611 371 1661 et
391 1621 491 1662 unum
508 1620 662 1676 coqnosce,
685 1607 742 1675 qui
760 1608 871 1676 caelos,
894 1608 949 1675 qui
968 1610 1096 1676 terram,
1121 1608 1177 1675 qui
1195 1618 1284 1661 mare
1303 1610 1333 1661 et

132 1709 213 1763 :ncta
224 1706 300 1775 fecii
311 1721 351 1762 erc
361 1707 473 1762 nihilo.
488 1710 551 1761 lost
562 1708 629 1761 liaeo
642 1708 714 1761 beati
726 1709 852 1776 martyris
864 1708 947 1762 verna
963 1707 1089 1761 Julianus
1101 1707 1157 1760 ait:
1171 1705 1332 1774 Numquid

132 1820 165 1862 se
176 1809 222 1861 est
234 1809 316 1861 Deus
337 1810 410 1861 tuus
430 1820 520 1874 quem
535 1805 691 1862 Christum
708 1808 876 1875 appellari
888 1806 1070 1861 Theodoritus
1087 1806 1174 1860 dixit:
1191 1804 1332 1861 danaus

132 1909 244 1962 :Joator
254 1908 300 1961 est
311 1904 481 1975 hominum,
494 1906 575 1961 sicea
596 1906 662 1973 ipse
674 1906 746 1972 jam
766 1906 908 1961 didicisti
925 1909 954 1960 et
966 1907 1001 1959 in
1012 1906 1105 1961 corde
1116 1909 1169 1960 tuo
1186 1905 1331 1971 tenuisti,·

132 2018 154 2060 c
173 2005 323 2060 damnari
333 2016 389 2059 nec
406 2003 562 2059 contrairi
572 2006 675 2072 potest
691 2003 817 2059 uerbum
834 2008 863 2058 et
875 2006 987 2074 uirtus,
999 2004 1158 2072 sapientia
1169 2007 1200 2058 et
1217 2003 1332 2058 unicius

132 2102 266 2170 sifidius,
279 2103 334 2169 qui
348 2105 479 2170 propter
497 2103 633 2156 satutem
656 2102 816 2157 dominum
828 2117 848 2156 a
862 2104 922 2157 Deo
941 2103 1038 2158 Patre
1057 2103 1096 2156 de
1107 2103 1205 2157 caelis
1216 2102 1332 2156 mamus

132 2206 151 2270 t,
164 2204 202 2255 ut
212 2214 326 2269 coruus
338 2214 378 2255 eac
392 2201 497 2255 Maria
514 2203 636 2269 viraine
653 2205 834 2272 assumeret,
849 2203 934 2256 viam
954 2203 1130 2270 sapientiae
1141 2203 1330 2256 demonstra·

132 2305 153 2370 t,
176 2299 215 2354 ab
228 2300 384 2354 idolorum
402 2301 532 2355 cultura
550 2299 689 2355 domines
699 2304 863 2370 separaret
875 2303 905 2355 et
915 2301 954 2354 de
970 2301 1057 2354 omni
1074 2301 1216 2369 contaqio
1223 2312 1331 2368 pecca·

132 2412 201 2453 rum
212 2399 340 2453 animas
354 2399 499 2454 lt'deraret
510 2403 539 2453 et
551 2400 594 2454 ad
610 2400 744 2455 nitorem
759 2400 881 2468 qloriae
898 2400 1056 2454 invitaret.
1070 2399 1108 2452 id
1122 2401 1189 2453 liaeo
1206 2402 1332 2454 Julianus

132 2499 240 2565 spondit
254 2515 260 2551 :
273 2499 536 2566 praesumptuose
558 2499 702 2567 loqueris,
729 2498 965 2568 Timandram
983 2499 1141 2567 componis
1160 2498 1253 2553 verda
1272 2512 1332 2567 per

132 2610 177 2652 ae
199 2608 257 2652 noe
276 2596 425 2665 decipias.
444 2597 624 2651 theodoritus
642 2599 679 2650 ait
692 2613 699 2650 ε
713 2598 793 2651 Dum
810 2598 973 2652 vmttatem
1000 2598 1118 2654 semdae
1136 2601 1167 2653 et
1183 2599 1280 2653 Deum
1298 2600 1332 2653 in

132 2696 204 2764 iquo
215 2708 357 2751 sermone
370 2699 422 2751 tuo
432 2697 600 2765 rmrraoar,
613 2701 756 2765 exparte
767 2700 796 2751 et
808 2708 871 2752 non
880 2695 1020 2765 perfecte
1031 2696 1178 2765 smiebas.
1189 2698 1246 2753 Sed
1255 2699 1332 2766 quia

132 2808 210 2863 mpa
228 2796 350 2850 saecuti
370 2798 398 2849 te
418 2796 453 2849 in
474 2797 694 2865 arroqantiam
713 2796 824 2863 crearit,
846 2797 963 2852 idcirco
986 2797 1067 2852 dicis
1087 2798 1159 2852 deos
1179 2798 1234 2866 qui
1253 2800 1328 2852 suut

132 2894 446 2963 numerorumque
465 2909 521 2950 nec
541 2896 724 2950 memoriam
744 2896 887 2963 aliquam
907 2895 1029 2965 nabent,
1041 2909 1097 2951 aec
1117 2896 1255 2951 audiunt
1275 2909 1332 2951 nec

132 2993 212 3062 dent,
235 3005 333 3060 neque
362 2994 487 3048 odorem
510 3007 639 3048 suavem
664 2997 713 3048 oeJ
731 2995 882 3062 putidum
906 2996 1098 3064 discernunt,
1120 3008 1175 3050 nec
1197 3008 1331 3064 quorum

132 3104 222 3160 anus,
235 3091 311 3144 dum
321 3091 479 3159 recipiunt
491 3105 633 3160 munera,
646 3092 795 3161 sentiunt,
808 3105 907 3160 neque
919 3092 1015 3160 pedes
1026 3093 1069 3147 ad
1082 3094 1331 3147 succurrendum

132 3194 165 3247 :is
185 3193 406 3262 sacmdotibue,
427 3194 504 3247 dum
524 3195 597 3247 ante
621 3206 670 3247 eos
692 3194 791 3261 proni
810 3193 987 3259 ceciderint,
1010 3192 1148 3257 muent‚·
1168 3193 1331 3248 veritatem

132 3294 214 3361 rtem,
227 3305 308 3359 quae
318 3293 399 3346 Deus
412 3294 466 3360 est,
480 3292 560 3347 dicio
572 3303 719 3347 errorem

132 3392 161 3444 7.
174 3394 248 3456 Quae
259 3404 322 3444 oum
341 3391 466 3445 Julianus
487 3391 616 3457 audisset,
629 3394 699 3445 sicut
717 3391 789 3458 asnis
806 3391 943 3444 obturavit
955 3404 1036 3445 aures
1047 3397 1078 3444 ut
1102 3405 1158 3446 non
1178 3392 1249 3445 bene
1266 3404 1330 3445 can·

132 3490 212 3543 itium
236 3491 384 3544 sancituri
396 3491 479 3544 verba
491 3489 599 3543 audiret
613 3509 621 3555 ;
635 3492 664 3543 in
688 3493 756 3543 iram
774 3495 866 3543 umen
884 3496 912 3544 et
929 3491 1038 3544 solitum
1062 3491 1182 3545 furorem
1205 3503 1332 3558 prorum·

133 3601 176 3655 us,
189 3587 365 3642 carnificibus
386 3590 526 3656 praecepit
546 3596 577 3642 ut
597 3586 726 3642 efferrem
747 3589 895 3656 equuleum
916 3595 943 3642 et
959 3591 1160 3656 suspenderent
1182 3588 1331 3643 'llieodorl-

132 3701 155 3740 nt
169 3692 304 3743 sanetum.
314 3688 391 3753 Quod
403 3703 466 3741 curn
479 3689 608 3742 iecissent
620 3687 771 3753 carnifices,
785 3695 840 3741 tam
853 3694 912 3742 rota
925 3702 1006 3756 quam
1020 3689 1131 3742 funibus
1142 3689 1214 3743 beati
1232 3695 1330 3756 marty·

132 3787 272 3840 ¹‚membra
283 3787 441 3842 tendebant.
456 3786 508 3841 sed
532 3788 678 3839 miserante
691 3789 756 3853 Deo,
770 3793 801 3839 ut
817 3801 873 3840 non
895 3788 1006 3840 sentiret
1024 3789 1162 3854 injuriam,
1176 3790 1262 3841 sancti
1279 3790 1329 3842 tiri

132 3900 198 3954 rpus
219 3887 256 3939 ita
276 3889 304 3939 in
326 3887 525 3954 longitudinem
537 3892 680 3939 extensum
700 3895 751 3950 est,
764 3892 795 3939 ut
816 3887 877 3952 plus
888 3893 1011 3939 sanctum
1024 3900 1125 3953 corpus
1138 3893 1200 3941 octo
1213 3889 1330 3955 pedibus

134 3986 293 4040 tenderetur
305 4000 387 4053 quant
399 3986 548 4052 aequuleus
560 3987 589 4038 in
602 3985 810 4054 longitudinem,
824 3991 850 4039 et
871 3987 908 4038 sie
928 3987 1056 4039 inviolata
1070 3987 1105 4039 al)
1118 3989 1192 4039 omni
1214 3987 1331 4042 uulnere

136 4084 234 4139 dolore
247 4086 369 4138 membra
390 4088 584 4150 permanerent
599 4101 604 4135 :
619 4091 751 4150 quantum
771 4086 845 4138 enirn
858 4086 942 4137 crevit
954 4097 1063 4150 corpus,
1082 4086 1202 4139 decrevit
1221 4087 1329 4152 injuria.

132 4198 220 4250 imque
233 4185 299 4237 haec
313 4185 439 4238 iecissent
452 4184 486 4237 tle
499 4190 594 4238 sancto
607 4185 770 4239 Titeodorito
783 4183 934 4247 carnifices,
947 4185 1080 4250 Julianus,
1092 4187 1147 4250 jam
1171 4187 1247 4252 quasi
1267 4199 1330 4238 eutn

132 4285 216 4349 risset,
229 4282 381 4336 deridendo
402 4283 508 4335 loeutus
520 4289 579 4335 est:
597 4283 676 4342 Quid
692 4282 747 4335 tibi
765 4282 898 4349 videtur,
916 4280 1116 4335 Theodoritet
1127 4283 1259 4335 Sermioti
1271 4286 1329 4337 tar-

132 4385 214 4435 enta.
228 4383 300 4435 Jam
319 4395 404 4435 nunc
424 4382 514 4435 crede
534 4382 701 4436 consilium
718 4395 830 4445 meum,
844 4384 873 4433 et
885 4381 986 4434 adora
1004 4382 1075 4434 deos
1087 4384 1208 4435 nostros
1224 4383 1331 4449 potius

132 4494 196 4535 tam
211 4480 369 4536 Christum
382 4482 480 4533 tuum.
494 4480 545 4533 Sed
558 4481 593 4533 ad
606 4481 671 4534 llaec
683 4482 863 4534 theodoritus
876 4480 946 4533 laeto
960 4481 1035 4533 vultu
1048 4487 1074 4533 et
1085 4480 1176 4535 altiori
1188 4496 1254 4535 voce
1265 4495 1330 4551 gau-

132 4594 168 4632 rus
180 4580 322 4645 respondit
334 4593 340 4630 ε
354 4579 425 4631 Jam
445 4578 559 4632 oblitus
579 4591 611 4630 es
631 4581 773 4630 ruostrum
785 4578 877 4630 itiam
889 4591 984 4644 quam
997 4577 1052 4630 tioi
1064 4578 1250 4632 dixeramus
1263 4593 1329 4633 ten-
