3156 5452
343 331 437 382 amu.
456 329 540 383 nur.
560 331 676 382 ranis.
694 351 740 364 -
755 331 910 383 manno.
930 334 977 382 an
995 332 1075 383 oon:
1093 332 1171 383 mon.
1309 316 1376 385 323

143 499 311 569 superbiae
324 501 496 569 tuae,‹1uio
507 502 604 554 Deum
618 501 801 568 dedignaris
812 513 1000 571 cognoscere,
1013 503 1049 555 iu
1060 503 1236 556 inanimam
1241 514 1378 570 poenam

145 599 269 669 inferni
288 603 317 655 te
331 600 604 668 panocetvmiet
617 600 701 654 enim
719 613 815 668 super
836 604 865 655 te
885 602 961 655 tatio
983 601 1035 655 ira
1056 600 1327 667 caeteatthjudtcit
1343 602 1379 653 ut

144 712 200 754 nec
210 699 365 754 Julianus
378 701 452 753 tuus
469 700 651 767 imperator,
664 699 718 754 cui
738 702 767 754 te
773 701 903 768 placem
910 713 971 768 pro
992 703 1090 756 morte
1100 713 1170 755 mea
1182 688 1293 765 medis,
1306 712 1378 768 pro·

146 799 208 853 tias
220 798 278 852 titii
287 800 336 852 oet
352 799 387 851 in
393 810 498 866 pauco
508 798 631 852 reddat.
652 800 695 852 tu
712 801 819 853 autem
833 801 925 868 longa
939 798 1070 854 miseria
1081 799 1229 869 dasium
1237 811 1299 867 per
1315 799 1379 852 sin·

145 898 241 965 gulae
261 896 366 965 boras,
386 910 447 965 per
466 897 666 953 succedentia
686 901 850 966 motnento,
871 899 1048 954 ensiccotua
1068 910 1197 967 corpore
1215 901 1245 953 et
1264 898 1380 952 oimute

147 996 355 1051 manbmrum
368 997 507 1067 perodio,
522 999 607 1051 male
618 1000 649 1051 et
662 997 798 1065 turpiter
809 997 954 1052 morteru
967 998 1001 1050 in
1014 1001 1066 1052 tuo
1080 999 1165 1066 lecto,
1178 997 1257 1051 etde
1272 997 1379 1050 interi·

149 1094 255 1150 oribus
274 1095 430 1151 amomum
451 1097 578 1150 tuorum
598 1095 695 1165 cibus,
709 1110 799 1164 quem
825 1099 861 1150 tu
872 1097 988 1151 iterum
1004 1097 1220 1164 remanducat,
1232 1095 1338 1163 enibit,
1351 1098 1381 1150 et

149 1207 266 1249 omnies
278 1194 334 1263 oui
353 1207 465 1249 cornea
485 1198 558 1249 tuas
578 1196 723 1250 devorent
747 1197 786 1250 de
805 1208 934 1265 empore
946 1199 998 1252 tuo
1016 1199 1197 1252 noscentur.
1215 1197 1381 1264 mannua

150 1307 269 1362 guoque
288 1297 371 1361 tuus,
396 1307 485 1361 mrem
508 1295 728 1363 imperatorem
752 1297 909 1364 nominas,
934 1296 1082 1365 quicquid
1105 1299 1215 1352 contra
1238 1296 1382 1352 inimicos
1486 1346 1489 1350 ,
1561 1352 1565 1360 ,

149 1391 254 1461 facere
265 1393 470 1461 temptaverit,
483 1407 579 1462 super
600 1395 704 1462 ipsum
723 1394 921 1462 redundabit,
933 1397 964 1449 et
983 1396 1180 1451 contrarium
1199 1395 1299 1450 renui
1315 1396 1378 1461 itti,

150 1492 288 1546 inimicia
305 1492 373 1558 ejus
392 1492 594 1548 uincentibus.
615 1493 654 1547 nt
673 1493 727 1547 ubi
746 1493 861 1548 melius
875 1495 1039 1562 putauerit
1059 1495 1109 1548 oet
1128 1492 1245 1561 fortias
1264 1506 1375 1563 agere,

150 1592 237 1646 cadet
249 1594 279 1645 et
290 1592 443 1645 morietur
454 1595 552 1646 morte
571 1595 710 1662 aeterna,
723 1596 753 1647 et
769 1595 936 1661 sepultura
957 1607 1021 1649 non
1038 1594 1199 1648 tenebitur.
1216 1593 1378 1648 occidetur

151 1692 232 1745 enim
251 1694 283 1763 et
297 1703 361 1746 non
382 1690 693 1761 vindicandumque
713 1705 776 1748 non
798 1692 954 1747 uidebitur
972 1693 1216 1748 necinvenietur
1233 1694 1289 1761 qui
1307 1706 1378 1747 eum

151 1770 306 1845 munit.

180 1888 230 1942 18.
245 1892 308 1943 Post
320 1889 402 1942 talem
414 1889 638 1956 imprecationem
649 1890 812 1945 sanctissimi
825 1891 961 1957 martyris,
976 1903 1059 1958 quam
1076 1904 1160 1958 super
1180 1890 1275 1945 ambos
1294 1890 1377 1944 lulia-

150 1999 197 2040 nos
208 1987 285 2054 dicit,
297 1993 354 2053 aut,
367 1988 471 2054 utplus
484 1988 593 2054 proprie
613 1989 769 2055 loquamur,
782 1989 963 2055 prophetiam,
978 2002 1013 2042 ne
1026 1991 1034 2009 ·
1046 1990 1140 2056 pejora
1152 1994 1179 2042 et
1196 1987 1275 2055 plura
1287 1988 1376 2043 adhuc

149 2084 181 2138 de
192 2087 233 2139 eis
244 2093 271 2140 et
283 2093 377 2140 contra
390 2100 436 2140 eos
457 2085 570 2152 dicaret,
582 2087 707 2140 Julianus
726 2099 783 2140 uno
805 2088 859 2140 ictu
876 2086 967 2155 gladio
984 2086 1139 2141 interficere
1152 2101 1216 2141 eum
1228 2089 1374 2154 praecepit.

150 2186 361 2240 indosissimus
380 2197 445 2239 vero
467 2185 608 2239 consessor
619 2192 646 2238 et
658 2191 760 2253 martyr
773 2185 955 2240 theodoritus
978 2187 1115 2254 simulque
1136 2186 1274 2253 sacerdos,
1288 2189 1378 2253 coepit

148 2285 265 2350 madere
277 2290 304 2338 et
316 2283 447 2349 cantura,
460 2284 524 2350 quia
538 2296 631 2337 secum
643 2283 762 2337 habebat
773 2285 913 2338 ministros
934 2285 1002 2338 caeli
1020 2285 1142 2354 angelos,
1155 2286 1201 2352 qui
1215 2285 1291 2339 illum
1303 2295 1378 2340 veste

152 2383 264 2451 nuptiali
286 2387 414 2437 ornatum
435 2381 470 2435 ad
486 2382 640 2437 convivium
653 2383 724 2450 regis
737 2383 841 2436 aeterni
854 2382 1062 2437 introducerent
1074 2385 1102 2437 in
1116 2384 1188 2436 iilam
1208 2385 1379 2438 mansionem

149 2485 224 2550 cujus
235 2482 349 2537 delicias
361 2482 453 2535 nullus
466 2486 557 2548 potest
568 2495 707 2547 enarrare,
721 2482 768 2535 nbi
781 2483 1002 2537 inenarrabiliter
1014 2485 1100 2536 sancti
1119 2484 1255 2536 laetantur
1267 2484 1301 2537 de
1321 2484 1380 2538 sola

149 2583 252 2636 risione
272 2581 331 2644 bei,
351 2580 397 2631 uhi
419 2578 531 2646 angelos
554 2584 582 2631 et
603 2578 781 2646 archangelos
802 2580 891 2634 socios
911 2593 1007 2634 eornm
1028 2581 1136 2634 animae
1160 2581 1350 2648 amplexantur
1372 2597 1378 2632 :

151 2682 239 2736 nullus
251 2682 290 2735 ibi
303 2681 391 2747 dolor,
406 2680 498 2732 nullus
509 2681 601 2745 timor,
615 2681 689 2733 trans
707 2681 744 2733 ibi
758 2680 832 2733 nulla
847 2695 896 2748 per
908 2695 990 2748 quam
1002 2681 1071 2734 latro
1084 2682 1237 2734 animarum
1255 2681 1381 2735 diabolus

151 2783 268 2849 aliquam
281 2793 314 2834 ex
327 2781 366 2832 eis
377 2791 449 2846 quae
460 2779 497 2833 ibi
511 2779 633 2832 habitant
645 2780 843 2833 circumveniat
854 2785 901 2833 aut
912 2781 1017 2833 iuratur
1028 2796 1035 2845 ;
1048 2779 1178 2848 gaudium
1192 2780 1227 2832 ibi
1242 2781 1301 2835 sine
1314 2778 1378 2846 bne,

150 2880 279 2935 festivitas
300 2890 356 2931 non
377 2878 573 2943 anniversaria,
587 2878 641 2930 vita
662 2878 722 2931 sine
744 2884 841 2945 morte,
854 2879 919 2946 quia
939 2878 976 2930 ibi
990 2883 1085 2946 regnat
1096 2879 1150 2933 uita
1161 2881 1239 2934 lesus
1256 2879 1379 2932 christus

149 2981 395 3046 quiseapparente
407 2989 500 3030 secum
512 2977 707 3043 apparentibus
718 2975 830 3032 donavit
839 2977 1037 3045 gloria'vitae.
1048 2980 1127 3030 istam
1140 2979 1313 3032 securitatem
1326 2979 1378 3043 ⁸(i)
1437 2986 1446 3006 ·
1488 2983 1517 3037 ·,

149 3078 267 3134 mnilsus
278 3077 414 3146 gloriosus
426 3081 528 3142 martyr
540 3074 730 3140 theodoritus,
744 3083 892 3144 antequam
908 3077 1000 3144 itaque
1013 3077 1280 3131 transverberaretur
1290 3077 1381 3145 gladio

150 3177 336 3233 nefandissimi
355 3175 465 3241 iuliani,
490 3176 699 3228 commendabat
720 3177 774 3229 beo
794 3178 911 3243 majores
931 3183 960 3230 et
981 3177 1114 3244 minores,
1136 3179 1182 3244 qui
1201 3178 1380 3244 perverbum

149 3291 213 3333 suae
225 3275 440 3344 praedicationis
451 3274 656 3328 christianitatis
669 3275 781 3328 nomine
793 3280 821 3329 et
833 3274 887 3328 tide
907 3277 1058 3343 consignati
1071 3277 1188 3330 haerant.
1202 3275 1271 3341 Quid
1283 3276 1382 3342 plorat

150 3378 284 3431 Processit
304 3374 405 3441 impius
425 3386 578 3440 percussor,
591 3378 618 3426 et
638 3374 763 3426 strictum
783 3373 904 3441 gladium
922 3387 1005 3428 manu
1022 3381 1129 3441 tenens,
1142 3375 1259 3429 caeleste
1282 3387 1382 3441 corpus

150 3475 307 3531 theodoriti
322 3472 516 3539 transfodiens,
529 3472 649 3525 animam
661 3474 695 3526 ab
708 3485 741 3527 eo
754 3472 824 3526 tulit.

182 3577 233 3629 14.
247 3576 371 3640 cumque
383 3573 450 3626 haec
462 3573 531 3624 iacta
552 3571 678 3639 tuissent,
691 3572 816 3626 lulianus
836 3572 882 3624 ille
900 3585 916 3626 a
933 3573 1015 3626 domo
1033 3585 1081 3625 sua
1099 3571 1205 3625 tardius
1222 3573 1287 3626 exiit
1298 3586 1381 3639 qnam

149 3673 254 3728 solebat
267 3688 275 3726 t
288 3685 352 3724 narn
366 3671 471 3737 reliqua
486 3670 561 3722 illius
573 3670 627 3723 diei
642 3670 759 3738 partein
776 3683 830 3737 qua
847 3675 971 3723 sanctum
989 3668 1184 3724 theodoritum
1199 3670 1338 3723 occiderat
1354 3676 1383 3724 et

150 3777 204 3826 tota
217 3774 298 3823 nocte
310 3782 381 3836 quae
393 3768 467 3820 diem
482 3771 575 3821 secuta
587 3772 630 3820 est
647 3767 675 3819 in
694 3768 776 3822 variis
793 3767 1003 3836 cogitationibus
1021 3772 1048 3819 et
1066 3769 1190 3835 angustia
1209 3769 1250 3821 sui
1269 3769 1381 3835 spiritus

151 3873 367 3935 consumpserat.
382 3867 431 3920 llhi
451 3878 516 3919 vero
534 3866 594 3919 dies
611 3866 709 3933 illuxit,
721 3867 838 3920 surrexit
851 3880 866 3919 a
879 3867 947 3920 lecto
968 3878 1017 3919 suo
1030 3871 1056 3918 et
1067 3865 1102 3918 ad
1115 3867 1246 3931 palatium
1259 3868 1342 3933 venit,
1356 3872 1384 3919 et

149 3970 219 4022 sicut
236 3967 402 4022 domesticus
420 3965 511 4017 statim
528 3969 592 4018 ante
605 3966 798 4031 imperatorem
816 3969 958 4030 susceptus
976 3971 1027 4017 est.
1041 3967 1162 4031 Cumque
1181 3966 1206 4017 ei
1226 3967 1383 4032 imperator,

150 4071 220 4122 sicin
231 4066 403 4120 consuetudo
416 4070 484 4130 erat,
499 4077 610 4117 manunt
632 4065 799 4117 extendisset
817 4069 843 4117 et
864 4065 910 4117 ille
930 4077 990 4116 eam
1004 4063 1178 4117 deosculatus
1190 4066 1294 4129 inisset,
1306 4067 1386 4132 jussit

149 4183 212 4221 eum
225 4166 332 4220 sedere.
347 4168 378 4217 ht
390 4165 436 4217 ille
448 4177 546 4217 aurum
563 4170 591 4216 et
607 4169 750 4231 argentum
762 4168 788 4215 et
800 4163 853 4215 alia
867 4163 966 4214 exenia
981 4175 1051 4228 quae
1061 4162 1095 4214 ab
1105 4163 1219 4215 ecclesia
1227 4164 1381 4226 sustulerat,

151 4280 222 4334 quae
234 4272 295 4332 post
306 4279 336 4318 se
350 4264 487 4329 deportari
502 4264 612 4327 iecerat,
626 4263 783 4329 imperatori
804 4266 831 4315 et
850 4261 911 4314 aliis
932 4259 1090 4327 ostendens,
1104 4261 1194 4314 talitm
1214 4276 1294 4315 suum
1308 4265 1380 4317 inco-

183 4485 217 4546 (t)
229 4483 378 4533 innumera
391 4478 500 4545 menda,
514 4493 584 4546 quae
602 4479 703 4545 passim
715 4492 749 4530 ex
761 4478 864 4531 librarii
886 4478 1028 4530 oscitantia
1045 4477 1186 4541 scriptioni
1200 4478 1381 4542 irrepserunt,

151 4568 206 4631 jam
219 4565 351 4630 deinceps
364 4561 486 4615 notanda
498 4575 554 4615 non
566 4561 705 4615 dunatus.
1288 4588 1290 4592 »
