3136 5482
324 338 418 388 999..
434 338 518 387 mr.
538 336 654 387 rnnrs.
673 356 717 366 —-
734 337 835 387 cono.
855 334 930 396 asso,
949 337 1024 389 issa.
1234 327 1294 391 131

52 505 173 559 ansodo
187 517 332 559 rumores
341 503 509 572 baratinam,
522 516 592 557 cani
601 505 687 571 apua
694 507 724 557 te
731 508 846 558 constet
857 507 996 560 omnium
1006 520 1071 561 esse
1073 508 1298 576 perfectionem

55 607 229 658 sii-tatum.
245 604 334 658 Hane
344 604 501 671 captivam
514 606 543 656 et
562 604 692 669 antiqno
704 603 789 656 hoste
810 603 963 657 obsessam
977 608 1051 659 tuae
1062 608 1166 675 delepo
1178 609 1299 662 celsitu·

56 705 144 771 dini,
156 707 189 758 et
202 716 305 756 meam
319 703 512 771 parvitatem
524 701 658 756 victoria
676 701 748 768 ipsa
768 714 831 754 aori
850 703 1017 757 minimam
1035 704 1194 771 laetifices.
1216 707 1297 771 Vale,

55 802 264 857 sacerdotum
278 800 393 856 christi
403 800 757 868 limpidissimeoateale.
769 802 891 867 cumque
901 803 1012 868 signatis
1022 802 1117 856 iisdem
1129 804 1225 858 litteris
1235 807 1300 860 hos·

15 906 36 955 5
59 903 170 970 pitibus
181 901 356 967 valefaceret,
377 901 517 966 proprium
540 901 667 952 nuntium
680 913 742 952 cunt
763 899 816 951 illis
828 900 856 951 in
868 899 981 952 Galliam
994 901 1147 967 destinarit,
1161 905 1208 969 qui
1220 904 1300 957 beato

55 1002 189 1069 Remigio
201 1004 291 1053 tantae
311 999 471 1053 numilitatis
491 1012 591 1052 munus
607 999 757 1051 obtulisset.
772 1001 838 1051 cum
853 1001 1030 1052 ilemensium
1042 1001 1139 1054 urbem
1153 1003 1297 1060 intrarent.

56 1106 85 1153 et
99 1104 218 1152 sanetus
229 1099 276 1151 bei
288 1098 409 1164 pontifex
417 1099 485 1151 tanti
498 1099 581 1163 patris
593 1099 684 1162 apices
697 1097 866 1165 pervidisset,
879 1098 999 1151 lacrimis
1012 1100 1159 1153 uberrimis
1173 1074 1300 1167 perfusus

57 1200 89 1251 in
103 1200 177 1250 liaeo
189 1198 270 1250 verba
282 1197 417 1262 prosilivit
431 1213 437 1248 ε
454 1195 584 1251 Gratias
594 1195 658 1258 tibi,
673 1194 794 1249 Christe
803 1196 1234 1265 redemptorelementissime,
1245 1201 1300 1267 qai

58 1300 178 1352 nostra
190 1299 331 1364 tempora
343 1298 434 1349 tanta
445 1295 626 1349 sublimasti
636 1294 742 1360 pieria
754 1297 789 1346 at
804 1296 837 1346 in
849 1296 983 1361 speciali
994 1295 1117 1364 famulo
1137 1303 1192 1352 tao
1210 1300 1303 1352 Bene·

10 1400 38 1450 lo
55 1397 151 1449 dieto
163 1398 226 1448 tota
239 1398 268 1448 te
272 1407 334 1462 per
345 1393 448 1447 orbem
459 1392 639 1461 mapnifieet
650 1392 790 1446 ecclesia.
806 1395 925 1460 surgens
942 1399 1033 1446 autem
1052 1397 1183 1450 continuo
1199 1397 1297 1465 glorio-

56 1507 111 1546 sus
120 1493 335 1545 archimandrita
348 1492 496 1559 Remigius,
509 1490 656 1556 episcopali
670 1504 699 1542 se
712 1490 797 1542 infula
809 1503 884 1543 moro
893 1490 973 1543 solito
984 1493 1127 1558 traboavit,
1138 1498 1220 1560 atque
1230 1495 1304 1546 obla-

57 1599 148 1644 turus
159 1594 214 1643 beo
225 1589 389 1643 saoriilelum
401 1588 545 1643 ecelesiam
558 1589 682 1640 concitus
695 1586 817 1640 intravit.
831 1591 954 1654 cumque
968 1590 1133 1643 miserabilis
1146 1591 1193 1643 illa
1203 1605 1300 1658 paren·

58 1699 123 1742 tum
138 1689 236 1742 solatio
249 1690 277 1740 in
289 1688 404 1740 ecelesia
416 1685 534 1739 adducta
545 1686 674 1748 venisset,
687 1686 839 1751 versipellis
863 1686 939 1738 valer
950 1686 995 1739 ille
1012 1701 1061 1753 per
1072 1701 1103 1741 os
1115 1689 1223 1755 puellae
1235 1691 1302 1743 liaeo

57 1791 155 1843 verba
174 1789 272 1840 insitus
292 1785 424 1853 protulit:
441 1785 616 1839 Osaoerdos
640 1783 756 1837 Ciu-isti
776 1784 905 1850 Remipi,
927 1786 995 1837 noti
1012 1787 1163 1840 aduersus
1175 1788 1302 1841 Benedi-

10 1895 41 1945 15
58 1892 156 1943 ctam
164 1885 302 1954 ploriari
311 1903 320 1940 ε
329 1885 406 1952 qaia
418 1897 482 1936 aaa.
489 1885 623 1950 propter
635 1885 721 1936 tuum
735 1883 912 1949 imperium,
923 1885 977 1936 sed
984 1888 1117 1952 propter
1128 1888 1194 1952 ejas
1206 1886 1303 1940 buirii-

64 1988 198 2041 litatem
216 1985 304 2038 exire
323 1996 423 2051 ooaor.
446 1984 492 2034 llis
512 1983 601 2047 distis,
624 1983 736 2034 liberata
757 1986 798 2033 est
819 1983 933 2047 nnilisr3
952 1989 979 2035 et
991 1984 1145 2050 omnesqui
1158 1984 1304 2038 audierunt

64 2085 213 2139 dederunt
223 2085 335 2153 gloriam
349 2086 413 2136 beo.

542 2253 836 2264 *—

291 2508 424 2596 oxiv.
447 2508 573 2596 sonex
593 2509 782 2619 signatus
804 2462 915 2596 nnn.
939 2506 1069 2594 ‘aas

97 2722 174 2775 olim
186 2720 277 2774 caer
288 2722 398 2775 Sancte
409 2720 510 2774 Maria
527 2721 607 2774 de...
628 2721 683 2785 (iol.
708 2722 782 2782 1999,
800 2719 901 2771 deinde
922 2717 1094 2770 colbertinus
1110 2716 1185 2780 5939,
1204 2719 1298 2779 postea

63 2821 174 2888 ltegius
184 2821 216 2872 c.
228 2820 331 2873 iosos.

97 2918 241 2973 Foliomm
253 2921 310 2974 159.
323 2920 392 2972 min.
404 2920 606 2984 (9939)(991),
620 2918 702 2970 lineis
716 2917 813 2982 plenis,
827 2920 952 2968 exaratus
964 2926 1036 2966 saec.
1050 2914 1116 2964 llltl.

169 3016 421 3117 Epitaphium
441 3017 562 3094 saneti
584 3015 768 3092 bernardi
790 3014 942 3091 abbatis
962 3011 1039 3111 (fol.
1062 3012 1122 3099 3⁹).

95 3150 148 3203 cd.
166 3148 232 3203 Cat.
247 3148 359 3215 Brisa,
370 3153 435 3202 torn.
450 3150 582 3214 99189.

10 3798 13 3849 :
93 3789 172 3844 olim
189 3788 413 3842 celestiaoram
432 3786 593 3840 decernis
614 3785 725 3848 291191.
744 3784 826 3848 cccv),
845 3781 946 3835 deindo
964 3778 1070 3846 collegii
1089 3774 1307 3837 claromontani,

58 3881 171 3936 deinde
182 3880 342 3943 thuaneus,
353 3877 455 3932 deinde
467 3878 641 3932 colbertinus
657 3876 729 3938 1588,
740 3881 834 3940 postea
846 3873 945 3940 Regius
958 3873 986 3923 c.
996 3871 1127 3921 119959.

92 3979 241 4034 Foliorum
261 3978 311 4030 299
330 3977 458 4043 (quorum
482 3981 575 4028 tarnim
587 3974 780 4026 desiderantur
792 3986 866 4024 nuno
879 3971 943 4023 iolla
969 3970 1009 4033 19,
1027 3969 1070 4032 95,
1085 3965 1212 4028 199199),
1232 3961 1305 4014 med.

59 4078 276 4146 (⁰².2⁸><⁰‚²⁰l·
291 4077 371 4131 lineis
384 4076 481 4144 plenis,
495 4079 625 4128 exaratus
637 4086 710 4126 saeo.
725 4075 774 4124 lli.
967 4071 969 4076 ’

165 4176 253 4254 Vita
283 4176 406 4254 sancti
441 4174 626 4252 Antonini
665 4170 847 4270 martyris
880 4164 1135 4261 [Placentini],
1163 4161 1306 4238 editaa

140 4358 146 4371 .
223 4299 374 4378 domno
394 4297 539 4375 Pascali
567 4318 666 4397 papa
685 4293 765 4386 (fol.
786 4291 1011 4384 ibis-iiiiii).

92 4433 192 4489 rassin
203 4432 241 4486 de
252 4444 309 4499 qua
320 4431 386 4485 Aet.
398 4430 459 4492 Sc,
473 4428 507 4483 ad
525 4429 552 4481 d.
573 4432 590 4481 l
602 4429 667 4488 lul..
682 4442 708 4492 p.
725 4428 766 4488 11,
780 4439 808 4476 n.
822 4426 868 4488 ‘2⁴3
888 4436 971 4489 quam
989 4419 1120 4474 sollerius
1132 4430 1189 4470 non
1199 4415 1308 4469 videtur

59 4533 230 4602 inspexisse.
243 4530 381 4595 Eandem,
393 4529 518 4596 quamvls
530 4527 675 4580 manifeste
695 4526 859 4588 fabulosam,
878 4522 923 4574 lile
942 4520 1072 4573 exhibere
1089 4518 1178 4572 visum
1190 4520 1242 4581 est,
1255 4529 1309 4581 qno

58 4634 174 4704 plenius
187 4635 344 4687 noscantur
356 4627 518 4682 traditiones
530 4640 601 4695 quae
612 4626 648 4678 de
659 4627 687 4678 s.
701 4623 838 4676 Antonino
851 4620 1009 4674 Placentino
1022 4618 1188 4671 terebantur.

10 3606 14 3709 i
314 3574 426 3662 GXV.
449 3573 575 3661 codex
595 3573 784 3681 signatus
806 3594 917 3655 num.
943 3566 1068 3653 2553.

10 3730 15 3791 l

10 3852 15 3917 l
