3136 5482
294 100 339 164 50
640 114 765 164 caran.
786 113 886 163 cono.
907 114 1079 165 nnoroen.
1099 115 1180 166 nar.
1270 140 1273 145 -

292 282 385 336 divino
399 282 513 346 lumine,
526 266 588 334 cum
609 286 664 334 tota
687 283 766 335 turba
788 283 924 347 praefatae
936 283 1013 335 urbis
1026 283 1179 349 baptizatus
1192 283 1275 336 estin
1288 282 1399 335 nomine
1415 250 1545 334 bom5¹¹³

293 383 380 435 nostri
392 385 456 436 lesu
468 382 577 435 Christi.
591 385 654 435 Post
666 382 767 434 multos
780 382 840 435 dies
851 382 948 435 beatus
962 384 1110 436 llestitutus
1122 385 1233 437 hornam
1252 382 1363 436 visitare
1383 369 1553 451 appetem*

291 479 450 533 infirmitate
474 480 596 547 corporis
617 478 660 532 sui
685 480 852 534 sanctissimi
876 481 1015 546 detentus,
1039 481 1237 535 certaminibus
1261 479 1343 534 tinem
1371 470 1561 547 imponent&

291 580 400 634 diabolo
412 579 529 646 devicto,
542 579 678 645 disposuit
697 593 748 633 suo
766 580 874 646 corpori
896 580 1076 648 sepulturam,
1089 581 1191 647 jubens
1211 580 1324 634 famulis
1347 578 1405 634 suis
1422 573 1564 647 corpu!s

292 692 372 732 suum
392 679 463 745 apud
485 679 597 732 Galliam
618 679 850 733 tricastinensem
871 678 1004 733 destinari
1019 692 1102 747 prope
1120 681 1217 734 urbem
1229 693 1326 734 versus
1337 674 1518 745 orientemi

292 779 352 832 loco
363 779 411 831 ubl
422 777 559 832 aedificari
580 785 755 846 praeceperat
768 779 912 833 ecclesiam
924 793 973 846 per
986 793 1048 833 eum
1061 779 1214 832 limitatam.
1227 780 1361 834 omnibns
1374 793 1437 835 vero
1446 784 1559 834 corr,

291 875 382 943 pletis,
392 877 481 930 caelos
489 876 628 930 obdormit
636 875 773 943 aperiens,
786 877 815 930 in
828 877 943 931 homino
955 877 1102 943 exspimvit
1110 877 1159 943 vii·
1171 875 1234 931 idus
1246 878 1403 932 novembris
1415 878 1488 932 inor
1561 891 1568 913 '-

290 990 362 1045 quae
381 977 447 1031 Alba
468 984 590 1044 vocatur,
611 979 659 1032 ubi
679 980 779 1032 chorus
799 979 959 1046 angelornm
981 992 1030 1046 per
1049 991 1113 1032 aera
1136 976 1289 1047 fulgebant,
1309 978 1406 1035 dulces
1423 985 1511 1034 eanhr.
1564 995 1568 1000 “

229 1145 231 1149 ¹
292 1082 473 1130 resonantes:
490 1075 609 1145 Gloria,
625 1077 696 1130 tous
716 1077 752 1129 irc
770 1076 938 1131 altissimis
959 1078 1030 1132 Deo.
1043 1078 1083 1130 lbi
1107 1078 1192 1131 multa
1213 1077 1347 1139 miracula
1367 1077 1437 1133 facta
1456 1091 1551 1132 sur·-

290 1175 465 1242 tangentibus
488 1175 577 1228 locum
597 1175 646 1228 ubi
665 1180 789 1228 sanctum
811 1189 910 1242 corpus
930 1181 989 1229 erat
1008 1175 1139 1242 positum.
1152 1175 1192 1229 hd
1204 1177 1319 1230 Galliam
1340 1174 1464 1231 l'rioasti
1476 1200 1495 1220 »ι

291 1275 405 1342 proiecti
417 1280 482 1327 sunt
494 1274 588 1327 famuli
600 1276 659 1341 ejus
672 1288 733 1329 oum
748 1281 843 1330 sancto
856 1288 980 1341 corpore,
994 1276 1065 1329 sicut
1078 1280 1253 1343 praeceperat
1269 1276 1311 1329 eis
1327 1277 1425 1331 beatus
1441 1278 1484 1331 a».
1541 1286 1545 1289 ·

291 1380 376 1440 tutus,
389 1380 416 1428 et
428 1374 530 1430 ibidem
551 1375 681 1429 divinitus
693 1376 816 1442 sepultus
830 1380 872 1429 est
883 1376 954 1429 infra
975 1389 1069 1430 muros
1083 1375 1215 1431 ecclesiae
1227 1389 1276 1444 per
1292 1389 1356 1431 eum
1370 1378 1494 1432 limitatae

291 1488 374 1543 quam
393 1475 470 1529 uivus
490 1489 546 1529 non
566 1474 664 1542 potuit,
684 1481 808 1530 mortuns
827 1475 982 1543 complevit,
1004 1474 1174 1546 fulgentibus
1193 1476 1334 1532 miraculis
1353 1490 1371 1531 a
1392 1480 1445 1533 lieo
1461 1476 1520 1531 sni
1558 1497 1568 1518 π

294 1573 399 1628 meritis
412 1575 529 1628 collatis.
542 1577 638 1628 lmen.

293 1776 382 1844 Vrsa
395 1771 1528 1867 S.Roomnerscoe1Aucusronunnnsrs(Gir.supra,p.4l,7⁰)(r>
1547 1818 1560 1835 .

399 2001 527 2073 Incipit
548 2001 628 2062 vita
648 2001 848 2062 beatissimi
870 2001 982 2063 Rochl
1002 2000 1157 2073 episcopi
1177 2003 1214 2062 et
1234 1999 1424 2074 martyris.

319 2194 434 2275 ,Locos
446 2195 561 2260 prima.
570 2224 604 2235 -
615 2200 729 2250 Sanctus
740 2196 822 2265 igitur
832 2196 923 2250 lioeho
935 2208 998 2248 cum
1010 2196 1146 2261 perfectae
1157 2195 1228 2248 vitae
1240 2194 1386 2249 sanctitate
1397 2200 1425 2249 et
1434 2192 1559 2247 diter·

292 2309 383 2349 sarum
403 2296 432 2348 iu
444 2309 474 2348 se
492 2299 641 2364 gratiarum
662 2298 826 2351 charismata
847 2296 980 2364 largiente
999 2297 1115 2349 homino
1137 2296 1338 2363 cognoscimus,
1359 2294 1429 2349 illud
1448 2274 1557 2363 ‹ptrtvl¹

290 2391 379 2445 adhuc
396 2395 546 2447 sanctitatis
558 2394 666 2447 culmen
678 2392 783 2459 deerat,
796 2394 911 2447 homino
923 2393 1045 2461 spirante
1057 2406 1088 2447 ac
1102 2392 1203 2460 populo
1216 2392 1344 2461 eligente,
1358 2388 1530 2459 promeruit
1538 2412 1553 2437 ν

291 2494 322 2541 ut
333 2490 461 2543 sacerdos
473 2505 505 2543 ac
525 2493 646 2556 pontifex
667 2488 818 2544 aeduensis
834 2492 966 2545 ecclesiae
979 2492 1094 2544 civitatis
1115 2491 1239 2544 omniurn
1259 2494 1353 2557 pastor
1364 2489 1541 2559 eligeretur·

289 2589 371 2654 Cujus
383 2590 532 2655 sanctitatis
550 2591 622 2643 lama
634 2590 700 2644 dum
713 2604 760 2656 por
771 2591 893 2645 diversos
906 2590 1083 2644 ecclesiarum
1096 2594 1288 2656 erumperetur
1307 2602 1446 2656 accessus,
1462 2594 1528 2643 nou

289 2688 377 2741 solum
398 2689 470 2755 ipsos
495 2689 623 2743 adversos
643 2691 773 2744 ecclesiae
794 2691 936 2756 terminos,
959 2690 1007 2743 sed
1032 2695 1059 2744 et
1080 2689 1115 2742 ad
1134 2690 1285 2745 vicinarum
1310 2690 1424 2743 urbium
1442 2687 1526 2753 fines,

289 2785 446 2838 adhucdum
457 2787 558 2840 factum
571 2792 611 2841 est
627 2794 658 2841 ut
669 2789 736 2842 haec
749 2790 820 2842 fama
830 2790 947 2842 tenentis
958 2788 1130 2854 imperatoris
1142 2800 1223 2843 aures
1234 2787 1392 2855 attingeret.
1404 2788 1455 2841 citi
1466 2786 1522 2842 iiiia

289 2886 414 2951 aspiritu
424 2886 565 2941 immundo
578 2894 703 2955 correpta
714 2889 831 2957 graviter
842 2890 991 2944 vexabatur
1004 2905 1011 2941 :
1025 2902 1040 2942 a
1053 2902 1108 2956 quo
1122 2894 1212 2955 posset
1223 2888 1283 2942 erui
1296 2887 1409 2941 beatum
1418 2889 1520 2943 lloebo·

289 2996 352 3037 nem
363 2985 435 3038 fama
446 2987 573 3041 celeriter
584 2996 813 3056 repraesentatur,
827 3002 858 3042 ao
871 2989 917 3042 ille
928 2989 1122 3042 venerabiliter
1131 2987 1166 3040 de
1178 2987 1282 3040 infelici
1300 2985 1377 3040 exitu
1390 2982 1555 3041 misenam!

288 3082 369 3136 tiliae.
381 3085 429 3137 llle
441 3099 506 3139 vero
519 3072 639 3141 confisus
652 3089 681 3140 in
693 3090 818 3153 Domino,
832 3091 861 3142 in
873 3089 1000 3142 oratione
1013 3093 1071 3141 arte
1089 3087 1284 3154 prosternitur.
1298 3088 1385 3139 Nocte
1406 3088 1523 3154 quadarn

288 3186 373 3236 sacris
389 3186 498 3251 hymnis
517 3189 685 3255 canticisque
706 3189 893 3256 spiritualibus
914 3188 1004 3254 puella
1021 3193 1137 3241 estante
1151 3200 1180 3240 se
1193 3187 1295 3253 ducta;
1308 3187 1425 3240 etmisit
1444 3188 1474 3241 in
1495 3200 1524 3241 os

289 3284 395 3348 puellae
415 3283 523 3354 digitos,
537 3292 563 3341 et
584 3300 701 3354 nequam
723 3290 847 3354 spiritum
867 3302 883 3341 a
904 3301 1019 3354 corpore
1041 3287 1132 3354 abegit
1152 3286 1275 3341 obsesso.
1297 3285 1336 3338 sd
1356 3287 1525 3341 miraculum

288 3385 434 3448 imperator
455 3399 580 3452 cernens,
594 3387 742 3440 immensos
762 3390 820 3440 auri
842 3389 1003 3455 argentique
1024 3386 1139 3441 eubillos
1160 3384 1238 3440 offert
1260 3389 1356 3438 sancto
1375 3386 1524 3442 sacerdoti.

288 3486 360 3546 Quae
379 3484 425 3535 itle
446 3499 575 3538 execrans
587 3492 619 3538 ut
630 3487 761 3555 refutans,
775 3488 893 3541 obtinuit
904 3496 935 3541 ut
947 3488 1097 3542 heduensis
1108 3487 1213 3553 civitas,
1226 3498 1297 3554 quae
1310 3487 1415 3541 tributa
1432 3490 1525 3556 specie
1538 3488 1565 3541 tt

287 3579 482 3650 ‹lespendebat
496 3584 523 3635 in
537 3596 604 3636 auro
617 3584 787 3639 dissolveret.
1547 3592 1551 3597 '

318 3681 438 3744 [Lectio
451 3686 613 3749 secunde]
625 3712 658 3725 -
675 3688 773 3739 Beatus
794 3687 885 3741 liocho
902 3687 954 3739 luit
973 3688 1123 3740 monachus
1141 3684 1293 3738 heduensis
1313 3687 1342 3736 et
1363 3685 1524 3753 episcopus,

282 3782 411 3847 ieiunans
423 3785 582 3847 mullumct
594 3800 651 3840 non
663 3787 823 3841 comedebat
835 3789 888 3840 nisi
901 3801 1001 3855 panem
1023 3785 1119 3840 hordei
1132 3790 1160 3839 et
1171 3799 1270 3853 aquam
1280 3785 1486 3848 tribulationis,
1497 3792 1525 3840 et

284 3879 371 3947 legem
383 3882 481 3934 Christi
500 3885 674 3950 praedicabat
686 3895 714 3938 et
726 3888 785 3953 ejus
807 3887 948 3940 servitium
971 3886 1096 3939 faciebat.
1110 3887 1257 3952 Postquam
1278 3897 1326 3937 rex
1340 3883 1419 3937 illius
1431 3890 1524 3939 terrae

285 3980 356 4031 misit
368 3982 457 4047 ipsum
469 3984 497 4034 in
510 3984 622 4037 exilium
634 3986 663 4037 in
676 3986 794 4051 quadam
811 4000 880 4053 rupe
893 3985 1035 4052 cujusdam
1051 3985 1158 4038 insulae
1171 3987 1294 4037 vocatam
1306 3980 1439 4053 hiiricee,
1451 3998 1524 4053 quae
1537 3986 1567 4039 8

284 4080 359 4144 rupis
368 4088 426 4134 erat
439 4084 468 4136 in
479 4084 587 4136 deserta
606 4084 695 4136 insula
713 4085 784 4138 infra
803 4099 894 4152 mare,
908 4091 937 4137 et
949 4086 1001 4138 luit
1021 4084 1058 4137 ibi
1079 4083 1258 4151 quadraginta
1275 4080 1390 4150 diebus,
1402 4090 1437 4137 ut
1450 4083 1523 4137 fame

315 4255 472 4319 (pietatum
489 4253 637 4306 admodum
650 4253 806 4318 barbarum,
819 4266 957 4320 quemque
977 4252 1097 4306 eundem
1115 4251 1239 4315 omnino,
1257 4254 1288 4302 ut
1305 4263 1392 4317 supra
1411 4253 1523 4307 monul-

282 4351 354 4403 mus,
366 4343 552 4402 repraesentat
562 4339 746 4403 apographum
760 4337 945 4403 Bruxeliensc,
957 4335 1142 4390 exhibendum
1155 4334 1284 4388 duximus
1293 4335 1369 4387 sicut
1377 4335 1483 4407 legitur
1494 4338 1521 4389 in

282 4419 385 4473 codice.
