3136 5482
164 311 232 378 526
511 328 638 379 curm.
658 329 762 379 cono.
781 328 956 380 mareon.
975 330 1058 382 mr.

162 496 245 550 altius
257 500 332 549 metu
344 494 576 562 conhrndehatur,
590 497 720 551 nimirum
733 498 781 565 qui
794 502 821 551 et
832 512 914 552 suum
925 503 952 553 et
973 499 1101 553 omnium
1112 501 1231 556 exitirm
1253 504 1374 567 meumst

166 608 245 661 spem
264 600 357 648 tamen
376 595 452 648 vultu
472 595 614 662 simulans,
637 610 672 651 ne
696 597 809 651 timeant
830 598 964 652 hortatur.
976 599 1021 652 lut
1040 613 1109 669 ergo
1124 602 1255 657 :Nolite
1270 603 1375 671 turini,

164 693 433 762 perronnetus
450 693 678 764 confortamini
693 697 728 750 in
746 698 884 765 Domino,
898 699 975 767 quic
989 701 1105 766 poteris
1122 703 1172 755 est
1186 703 1377 772 meipsa

165 806 221 848 nos
241 796 271 847 el
289 807 342 848 uos
363 794 401 848 ah
422 794 603 850 incursione
623 796 891 851 saumariorum.
905 797 985 852 Sunt
1005 798 1096 853 nohis
1116 800 1228 856 vicim
1245 801 1378 857 sciona
1425 830 1427 839 ·

167 892 263 946 eremi
279 891 471 959 habitacula,
492 906 572 960 quae
593 907 613 947 a
633 894 753 949 sanetis
766 898 796 949 et
815 897 876 950 Deo
888 896 1013 951 dilectis
1028 899 1186 965 patrimis
1213 898 1403 969 latissimi

162 1003 223 1057 per
243 1003 318 1057 quos
337 990 465 1044 divinae
484 990 698 1046 miserationis
719 993 883 1048 ancilium
905 994 993 1048 nobis
1017 994 1192 1064 impetrari
1208 1010 1300 1066 posse
1322 997 1384 1052 taut

168 1090 309 1144 inaniter
319 1091 475 1144 credimus
488 1109 496 1145 :
509 1091 620 1158 quihus
633 1091 714 1147 hanc
725 1094 856 1148 eartdem
868 1096 1061 1162 tempestatis
1072 1098 1266 1167 procellam,
1277 1098 1312 1151 ni
1320 1098 1383 1154 herr

169 1192 300 1258 contat,
313 1189 489 1244 incumbere
510 1189 588 1245 lant
608 1190 714 1246 minus
734 1190 1042 1261 formidandumest.
1055 1194 1115 1249 His
1135 1199 1270 1251 nostrae
1280 1195 1384 1251 iunii·

170 1290 244 1343 tatis
266 1290 389 1344 litteras
408 1290 493 1343 mitti
512 1293 639 1359 oportet,
654 1294 690 1344 ut
709 1294 739 1345 et
759 1292 824 1360 ipsi
843 1292 904 1346 tati
923 1293 958 1346 in
969 1295 1161 1362 temperate
1181 1310 1244 1353 seta
1255 1300 1286 1352 et
1295 1300 1386 1353 noete

170 1389 350 1456 tranquilla
356 1401 438 1456 pace
443 1389 537 1456 pacis
549 1392 709 1444 auctorem
720 1390 871 1445 studeant
883 1391 1100 1459 interpellare.
1398 1396 1418 1448 n

208 1488 239 1542 3.
253 1488 406 1541 Mirandum
418 1501 484 1541 sane
497 1502 553 1541 non
566 1489 682 1542 multum
694 1494 752 1543 erat
772 1495 868 1558 gentes
881 1490 946 1544 istas
960 1496 1034 1545 tanta
1047 1493 1191 1547 malorum
1202 1495 1388 1563 exspectatione

173 1589 287 1654 turhari,
302 1589 402 1654 quihus
423 1601 479 1641 non
500 1601 549 1654 per
569 1588 739 1655 phantasiam
759 1594 807 1642 aut
827 1590 918 1643 inania
930 1592 1038 1644 somnia
1060 1592 1130 1647 haec
1143 1593 1198 1647 ista
1215 1595 1389 1661 praenuntias

175 1689 297 1755 merant,
308 1689 418 1756 quihus,
428 1688 549 1756 inquam,
561 1702 616 1743 non
625 1688 743 1755 Sibyllae
752 1689 867 1743 vatidisa
879 1691 1013 1756 carmina,
1024 1704 1081 1745 non
1093 1693 1224 1760 quaesita
1235 1695 1271 1748 ah
1284 1694 1391 1760 aruspm

174 1786 288 1841 deorum
300 1801 432 1855 responsa
444 1788 507 1841 talia
524 1791 776 1854 praesentaverant,
784 1788 838 1842 'sed
857 1790 943 1842 sancti
956 1795 983 1842 et
1004 1794 1060 1844 lico
1071 1790 1151 1861 digni
1173 1792 1227 1846 viri
1238 1792 1390 1860 spiritupro

174 1887 282 1953 phetieo
294 1888 418 1941 illustrati
440 1887 526 1940 multo
538 1900 570 1941 cx
590 1891 713 1952 tempore
733 1887 889 1941 exterminii
903 1887 985 1955 hujus
1006 1888 1127 1943 daturam
1146 1890 1258 1946 cladem
1270 1886 1422 1959 praesidali

176 1992 247 2039 rant.
260 1989 333 2040 lnter
344 2000 413 2054 quos
425 1987 570 2054 praecipue
582 1999 654 2039 unus
666 1987 754 2040 extitit
765 1986 935 2040 admirabilis
947 1992 1034 2055 pater,
1044 1993 1159 2043 sanstus
1175 1990 1304 2044 videlicet
1314 1992 1390 2043 ltarsa

177 2089 282 2153 nonius,
294 2087 329 2140 de
341 2101 395 2154 quo
408 2086 442 2140 ad
456 2092 548 2141 nostra
560 2101 649 2154 usque
661 2092 785 2154 tempora
796 2087 964 2154 praenobilis
984 2088 1056 2143 lama
1078 2091 1239 2156 personuit,
1250 2089 1324 2158 quod
1334 2088 1391 2141 inter

177 2186 323 2240 orientales
341 2190 431 2252 patres
452 2188 480 2239 in
500 2187 575 2240 omni
595 2199 697 2255 genere
717 2187 847 2241 virtutum
868 2188 1007 2254 perlectus
1028 2188 1152 2251 emicuit,
1165 2194 1267 2256 potens
1285 2187 1390 2255 iejuniis.

173 2286 325 2340 humilitate
346 2286 485 2353 fundatus,
499 2285 552 2338 lide
573 2285 677 2354 firmus,
700 2287 830 2352 patientia
851 2288 1101 2342 constantissimus.
1123 2288 1308 2356 Reliquorum
1325 2284 1391 2340 nohis

173 2386 259 2438 saneti
280 2390 370 2451 patres
389 2387 520 2461 seriptum
532 2385 568 2439 de
589 2392 683 2440 saneto
706 2384 879 2451 Barsanorio,
898 2385 973 2453 quod
985 2399 1018 2441 eo
1039 2390 1178 2453 tempore,
1191 2399 1248 2454 quo
1267 2381 1422 2454 pnsum!

174 2486 301 2552 prinecps
320 2486 446 2539 seductus
467 2499 515 2552 per
530 2484 705 2559 blasphemos
718 2491 745 2539 et
765 2485 972 2539 haeresiarchas
994 2491 1114 2553 stragem
1136 2485 1243 2539 sanctis
1263 2484 1390 2549 intersiti,

176 2586 241 2639 dum
261 2585 348 2639 isdem
361 2586 488 2652 princeps
509 2585 571 2640 illos
583 2592 678 2640 eontra
699 2586 861 2640 catholicam
880 2586 1022 2641 ventatem
1034 2587 1063 2639 in
1081 2586 1157 2656 regia
1170 2581 1389 2654 incitatumque&

176 2684 298 2751 inquam,
312 2684 497 2751 perspiritum
515 2685 543 2737 in
555 2684 661 2739 visione
682 2684 830 2738 revelatum
850 2683 903 2737 sihi
915 2684 1052 2737 Christum
1072 2685 1225 2738 hominum
1244 2683 1388 2747 vidium

175 2785 367 2837 vestimentum
383 2785 468 2851 ipsius
479 2798 494 2838 a
506 2798 613 2839 summo
633 2798 721 2852 usque
736 2785 865 2838 deorsum
884 2784 994 2839 informi
1007 2785 1128 2838 scissura
1148 2784 1330 2840 diloricatum
1341 2784 1387 2847 Quo

177 2883 237 2935 visu
250 2888 451 2951 consternatus,
465 2884 640 2951 interrogavit
652 2883 806 2945 hominum,
820 2882 915 2935 dicens
928 2898 935 2934 :
951 2881 1110 2942 Quidnam
1120 2884 1178 2951 est,
1194 2884 1293 2950 inquit,
1305 2875 1422 2936 ΜΗ

177 2986 272 3037 nator
290 2984 426 3051 Domine,
446 2984 527 3050 quod
547 2984 657 3038 uideo?
680 2983 737 3037 Oui
760 2985 884 3036 lantum
907 2982 997 3036 licuit
1017 2981 1053 3034 in
1072 2983 1111 3049 te,
1131 2984 1169 3034 ut
1189 2982 1389 3037 aestimentur

179 3084 268 3134 tuum
282 3081 421 3148 profano
434 3095 517 3135 ausu
539 3083 716 3135 laceraret?
728 3084 776 3135 Cui
798 3082 929 3135 hominus
943 3097 949 3132 :
962 3080 1087 3148 emtus,
1102 3081 1204 3148 inquit,
1218 3079 1344 3147 infamis
1353 3087 1392 3128 me

178 3180 280 3248 scidit,
294 3181 464 3234 Eunomius
483 3184 512 3234 el
534 3181 675 3235 Marcion
695 3184 724 3234 et
744 3180 898 3235 Satellius
918 3183 947 3233 el
964 3180 1025 3233 alii
1041 3180 1251 3248 quamplures
1269 3179 1390 3246 ipsorum

181 3280 329 3346 sacrilepi
341 3281 494 3348 dopmalis
506 3283 671 3334 emtsortes.

213 3381 245 3433 4.
261 3382 344 3433 Porro
356 3382 428 3432 inter
439 3386 529 3433 cetera
540 3381 663 3433 falsitatis
675 3384 829 3433 commenta
838 3382 890 3435 hoc
900 3392 994 3433 corum
1005 3392 1105 3433 vesana
1116 3380 1242 3432 haeresis
1251 3376 1387 3431 dilaunhat
1400 3368 1421 3423 ἱ

181 3480 254 3546 quod
267 3481 389 3533 Christus
401 3493 453 3532 nee
466 3483 536 3533 heus
549 3494 601 3532 nec
614 3481 658 3532 liei
673 3479 745 3532 illius
756 3485 835 3544 esset,
850 3480 898 3533 sed
912 3493 962 3532 nee
979 3480 1062 3532 llaria
1074 3479 1151 3546 virgo
1169 3481 1257 3532 ileum
1275 3474 1393 3545 maisel

182 3579 228 3631 scd
249 3581 398 3643 hominem,
413 3586 440 3632 et
460 3581 494 3632 oh
507 3580 535 3631 id
548 3593 608 3632 eam
631 3593 686 3633 non
698 3580 744 3632 liei
767 3579 814 3632 sed
828 3580 948 3632 hominis
969 3583 1076 3631 tantum
1095 3579 1271 3646 genitricem,
1287 3574 1392 3629 niniam

182 3691 327 3743 personam
341 3680 467 3743 hominis,
480 3680 560 3731 aliam
574 3680 695 3732 iacerent
712 3680 832 3741 Deitatis,
847 3692 936 3745 neque
958 3691 1046 3730 unum
1067 3678 1208 3730 Christum
1224 3678 1252 3729 in
1264 3675 1345 3729 lertio
1356 3670 1392 3723 liei

183 3781 210 3829 et
221 3790 303 3830 carne
324 3783 351 3829 et
370 3778 461 3830 anima
474 3778 630 3843 eredentes,
645 3778 694 3831 sed
713 3780 859 3844 separatim
877 3778 993 3830 alterum
1013 3776 1100 3829 lilium
1121 3777 1181 3842 liei,
1195 3777 1311 3830 alterum
1322 3772 1392 3824 ilium

183 3877 301 3929 hominis
322 3877 518 3942 praedicantes.
533 3880 615 3930 Porro
631 3879 761 3930 hominus
782 3882 873 3930 noster
893 3881 972 3930 lesus
988 3876 1112 3929 christus
1134 3877 1162 3928 ln
1183 3889 1240 3928 una
1260 3862 1423 3937 alentini

139 4014 142 4018 -
184 3990 302 4042 persona
320 3990 354 4028 ex
375 3976 481 4029 duabus
499 3977 570 4029 etin
591 3977 698 4030 duahus
720 3977 888 4040 substantiis,
901 3975 996 4029 divina
1012 3975 1117 4027 scilieet
1138 3980 1167 4027 et
1187 3975 1306 4027 humana
1324 3967 1393 4024 suisi-

40 4102 50 4120 '
62 4099 128 4152 eod.

30 4166 150 4231 pertulit.

184 4081 268 4142 siens,
282 4082 309 4128 et
328 4076 396 4128 mira
417 4076 548 4141 protulit·
566 4082 595 4128 ul
608 4079 678 4129 Deus
699 4082 725 4128 et
745 4075 853 4128 infirma
874 4074 1005 4128 sustinuit
1024 4079 1054 4127 ut
1076 4076 1170 4139 homo,
1183 4078 1213 4126 ut
1235 4087 1297 4126 eum
1316 4080 1394 4122 rerum

187 4178 270 4228 licum
283 4177 409 4229 sublimia
422 4189 505 4240 opera
520 4176 707 4242 loquerentur,
721 4190 814 4229 verum
830 4177 970 4229 hominem
991 4175 1096 4243 fragilia
1115 4174 1341 4227 demonstrarent.
1353 4166 1394 4220 sed

104 4288 107 4293 ⁴
187 4274 314 4326 haeretici
328 4280 471 4339 utramque
485 4274 598 4325 sormam
612 4275 769 4327 discernere
783 4275 945 4335 nescientes,
959 4286 1030 4339 quae
1043 4279 1123 4326 erant
1145 4273 1266 4325 hominis
1282 4272 1313 4323 ad
1326 4271 1395 4320 ileum

103 4356 112 4382 ⁵
187 4376 268 4441 impie
282 4375 444 4437 retulerunt,
459 4374 617 4440 nullamque
639 4376 710 4427 inter
730 4376 856 4427 caelestia
869 4380 896 4427 ct
908 4379 1016 4426 terrena
1037 4378 1166 4425 tenentes
1187 4356 1425 4425 rationemors!

187 4475 252 4526 dare
265 4475 443 4539 proprietates
455 4488 518 4527 suas
536 4476 656 4541 partibus
674 4477 823 4541 nescirent,
836 4480 969 4542 quantum
982 4475 1011 4526 in
1032 4475 1100 4540 ipsis
1122 4480 1164 4527 est
1176 4474 1224 4527 liei
1236 4467 1395 4527 summulam

187 4573 353 4635 diviserunt;
376 4581 403 4625 et
423 4574 488 4625 dum
510 4573 544 4625 ad
568 4574 625 4627 sola
647 4575 765 4626 hominis
786 4576 868 4628 rerba
890 4576 1051 4640 respiciunt,
1075 4577 1162 4626 ileum
1184 4575 1245 4626 sine
1266 4569 1397 4625 intellectus
