3156 5452
262 313 305 377 74
537 381 540 386 ,
601 330 725 381 aaran.
745 329 847 380 cono.
868 328 1042 378 anatona.
1061 327 1140 377 nar.

292 497 324 550 9.
337 497 381 550 sic
393 496 549 564 praedictus
569 496 661 563 itaque
679 499 808 562 pontifex,
824 505 854 550 ut
874 499 1002 564 diximus,
1024 498 1125 553 nobilis
1138 511 1250 566 genere,
1263 499 1401 553 uirtutum
1414 498 1472 552 min

260 598 329 651 culis
341 595 443 650 ellulslt
455 598 483 648 in
495 597 608 651 mundo.
623 599 647 649 ls
668 611 733 651 vcro
746 612 856 666 semper
867 599 958 652 clarus
978 604 1006 651 et
1018 599 1089 652 vitae
1108 599 1245 663 amabilis,
1258 598 1370 653 divitias
1392 612 1472 654 saecu

258 703 448 758 contemnens,
462 696 575 751 bornino
589 697 616 748 in
637 698 765 751 omuibus
776 699 884 764 placere
897 699 1011 752 studuit.
1024 701 1130 763 Quanta
1142 711 1207 751 aero
1229 698 1400 752 abstinentia
1414 698 1472 752 iuer

259 797 423 863 quantisque
434 796 532 864 vigiliis
550 803 577 848 et
588 797 757 849 orationibus
778 802 860 864 atque
872 798 1092 863 elemosynarum
1114 797 1304 866 largitionibus
1325 800 1472 852 exercitata

258 895 363 961 vixerit,
376 895 432 948 sola
445 895 492 947 bei
504 895 642 962 majestas,
655 908 726 961 quae
739 896 820 948 etiam
831 896 939 949 occulta
957 895 1081 949 cordium
1094 895 1217 963 rimatur,
1231 897 1316 950 novit.
1330 899 1387 950 rios
1400 902 1472 950 auter

260 1001 361 1061 quanta
374 995 408 1048 ab
421 1007 453 1047 eo
465 998 524 1045 acta
536 994 583 1046 ltei
595 994 694 1046 virtute
706 994 764 1046 lieri
778 993 965 1060 cognovimus,
978 994 1060 1047 etiam
1072 1006 1154 1060 supra
1172 995 1312 1048 bominem
1326 1007 1401 1062 quae
1413 995 1450 1047 ab
1461 1007 1472 1047 ε

261 1095 364 1147 tiebant
375 1105 434 1147 esse
448 1094 579 1147 novimus.
591 1096 655 1145 sese
667 1105 785 1159 namque
799 1092 974 1158 obliviscens,
995 1105 1126 1159 persaepe
1137 1092 1172 1146 de
1184 1094 1257 1146 victu
1270 1093 1407 1160 corporis,
1424 1098 1472 1146 tan

100 1202 146 1256 ita
157 1201 244 1257 codd.
263 1209 345 1264 quam
362 1193 385 1246 si
398 1192 480 1245 simul
491 1192 654 1246 accederent
666 1193 784 1260 dignitas
797 1199 825 1244 ct
837 1192 986 1245 necessitas
1000 1196 1018 1244 ⁰.
1032 1195 1094 1246 tirat
1105 1205 1170 1260 crgo
1182 1192 1361 1259 expectabilis
1374 1193 1472 1260 dignita

259 1297 286 1348 in
309 1294 452 1348 sacerdote
471 1293 593 1346 simulet
613 1291 751 1359 pontifice,
763 1291 928 1345 venerabilis
947 1293 1043 1359 gratia,
1058 1292 1202 1346 laudabilis
1221 1292 1347 1358 operatio
1365 1297 1395 1346 et
1414 1303 1472 1346 ven

260 1394 347 1448 randa
358 1397 495 1457 senectus,
509 1392 644 1459 siquidem
658 1391 823 1444 venerabilis
835 1392 946 1445 castitas
957 1404 989 1444 ac
1003 1390 1169 1458 praedicatio
1180 1391 1300 1444 assidua.
1311 1392 1398 1458 cujus
1409 1391 1472 1447 aliar

259 1495 442 1553 sanctitatem,
456 1506 491 1545 ne
512 1492 614 1545 diutius
627 1491 820 1548 occultaretur.
836 1491 966 1545 virtutum
988 1491 1073 1545 voluit
1085 1490 1215 1545 dominus
1234 1490 1377 1544 miraculis
1390 1495 1472 1558 prole

263 1595 323 1647 tari.

79 1700 242 1754 ‘venerabi
297 1694 347 1746 10.
361 1697 414 1747 llec
435 1692 571 1745 silendum
592 1692 712 1745 arbitror
733 1692 905 1744 intercetera
926 1691 1083 1744 mirabilia‘
1103 1693 1163 1758 ejus
1182 1704 1265 1757 opera
1285 1693 1398 1759 signum
1418 1704 1472 1760 quo

125 1769 161 1819 lia
173 1771 198 1821 ³·
265 1794 443 1861 sequentibus
460 1793 520 1858 ejus
532 1793 635 1845 meritis
655 1796 764 1857 tempus
775 1790 895 1844 declarat
915 1791 1006 1858 potius
1018 1790 1243 1857 praedicandum.
1255 1789 1410 1845 adducitur
1430 1804 1472 1859 erp

260 1895 283 1946 ei
297 1894 407 1960 quidam
429 1892 603 1959 paralyticus,
616 1891 806 1945 universorum
831 1891 1017 1945 membrorum
1038 1889 1184 1944 damnatus
1205 1889 1305 1958 cilicio,
1319 1891 1368 1958 qui
1390 1891 1472 1946 unda

256 1996 312 2060 jam
336 1991 516 2059 recuperandi
534 2005 610 2058 spem
629 1991 743 2055 habens,
757 1991 804 2044 scd
825 1995 908 2045 totam
922 1991 950 2043 in
971 1993 1025 2043 ileo
1048 2004 1156 2057 ponens
1176 1990 1316 2055 fiduciam,
1338 1992 1472 2058 postulab

259 2095 395 2162 siquidem
407 2107 423 2148 a
435 2094 574 2161 praedicto
586 2097 681 2157 sancto
701 2091 823 2145 antistite
834 2092 958 2145 sanitatis
977 2091 1141 2146 medicinam
1154 2105 1162 2143 τ
1175 2091 1219 2145 cui
1232 2091 1365 2159 deinceps
1377 2091 1472 2146 devoir

258 2199 285 2247 et
297 2194 447 2248 oboediens
457 2193 584 2259 cupiebat
595 2192 647 2246 boc
658 2190 766 2245 efficere
777 2196 805 2244 et
823 2205 867 2244 res
881 2204 944 2244 snas
955 2191 980 2245 ei
993 2191 1068 2245 dare.
1084 2193 1167 2259 culus
1180 2191 1307 2245 miseriae
1318 2194 1435 2246 sanctus
1445 2193 1472 2245 lli

259 2293 421 2359 condolens,
435 2298 465 2346 ut
475 2293 564 2346 vitalis
575 2291 629 2346 olei
650 2289 870 2345 benedictionem
883 2291 1065 2358 superlinivit,
1080 2278 1141 2344 moa
1153 2291 1266 2344 morbus
1287 2288 1447 2344 excluditur
1466 2304 1472 2342 t

258 2394 376 2447 salubris
388 2395 464 2462 vigor
476 2392 607 2447 illabitur.
621 2392 671 2456 Qui
684 2393 799 2444 sanitate
811 2396 947 2457 percepta,
960 2404 1022 2444 cum
1035 2392 1164 2445 omnibus
1177 2389 1308 2457 praedicti
1320 2390 1412 2445 saneti
1424 2403 1472 2457 por

259 2494 340 2548 tiilcis
352 2507 382 2548 se
396 2494 506 2549 tradidit
525 2493 666 2561 obsequiis
677 2497 759 2558 atque
778 2492 802 2545 ei
816 2492 933 2545 inhaesit
957 2491 1088 2558 deinceps
1109 2492 1251 2557 famulatu,
1264 2493 1318 2544 beo
1331 2503 1363 2544 se
1376 2489 1468 2544 tradid

259 2599 284 2647 ct
297 2594 332 2646 ab
345 2594 503 2648 bominibus
514 2607 544 2645 se
555 2592 698 2658 separarit.
712 2590 831 2658 Reliquit
844 2589 977 2643 mundum
996 2603 1059 2643 curn
1071 2590 1234 2644 satellitibus
1251 2589 1319 2655 suis,
1333 2589 1472 2643 sociarits

261 2692 315 2744 beo
327 2695 354 2743 et
365 2690 469 2757 angelis
482 2690 549 2742 suis.

292 2793 342 2843 11.
363 2793 496 2844 currente
518 2795 609 2843 autem
630 2795 771 2855 tempore,
793 2788 929 2856 prodeunt
949 2788 1081 2856 praedicti
1102 2789 1187 2842 saneti
1209 2787 1314 2841 meritis
1334 2787 1472 2842 multorur

260 2891 454 2944 miraculorum
467 2889 592 2957 insignia.
606 2890 727 2956 benique
739 2893 798 2942 erat
808 2888 920 2954 quidam
931 2888 981 2953 vir,
995 2887 1115 2955 siagrius
1128 2889 1249 2951 nomine,
1262 2886 1375 2956 gravius
1387 2887 1472 2941 nimia

259 2988 437 3057 aegritudinis
462 2987 635 3041 incommoda
657 2989 806 3051 sustinens,
828 2999 910 3053 quem
934 2986 1026 3039 nullus
1050 2992 1160 3039 terreno
1185 2985 1368 3039 medicamine
1392 2998 1472 3041 eurar

260 3090 353 3142 valuit.
369 3091 436 3142 bum
448 3094 540 3140 aulem
562 3087 691 3153 praedicti
705 3087 754 3139 riri
767 3088 853 3141 sancti
866 3087 1007 3140 obtutibus
1019 3092 1060 3139 est
1080 3090 1279 3153 praesentatus,
1292 3087 1420 3141 oratioue
1441 3101 1472 3155 pr

261 3189 358 3243 codem
371 3187 544 3256 precantibus
565 3187 730 3239 amicislusa
752 3187 785 3239 ad
799 3187 944 3240 bominum
965 3200 1027 3239 eum
1049 3185 1209 3239 sanctificati
1231 3186 1285 3240 olei
1307 3186 1472 3241 delibutiout

259 3291 324 3343 cieit
336 3291 461 3345 morbum
475 3296 503 3342 et
515 3289 540 3342 ei
553 3289 695 3356 pristinam
709 3286 827 3342 reddidit
840 3289 993 3342 sanitatem.

295 3389 344 3442 ta.
360 3391 485 3442 vertente
497 3401 607 3455 quoque
621 3394 753 3454 tempore,
772 3386 883 3454 (quidam
895 3386 1011 3454 pedibus
1028 3387 1161 3442 ambobus
1185 3389 1331 3441 contractis
1354 3387 1472 3454 proicitu

259 3496 322 3542 ante
334 3503 407 3542 eum.
420 3489 503 3555 Cujus
514 3487 651 3540 miseriam
671 3492 780 3540 sanctus
801 3488 848 3540 bei
861 3485 1023 3553 respiciens,
1037 3500 1086 3554 pro
1108 3499 1142 3541 eo
1158 3500 1252 3553 preces
1265 3485 1345 3551 lirdit,
1358 3492 1388 3541 et
1400 3488 1472 3542 lavat

260 3588 361 3641 intirmi
375 3589 457 3654 pedes
479 3601 566 3655 aquae
586 3587 690 3641 calidae
712 3589 841 3651 lomento,
855 3589 984 3653 pristinae
1005 3588 1124 3640 restituit
1146 3587 1266 3654 sanitati,
1279 3587 1315 3641 lta
1336 3591 1368 3640 ut
1380 3588 1472 3642 bomin

261 3701 339 3754 opem
353 3689 456 3741 terente
470 3701 518 3754 per
529 3700 558 3740 se
571 3685 713 3753 repedaret
724 3686 757 3739 ad
771 3687 949 3752 propriatim
963 3688 1092 3752 praedicti
1105 3688 1192 3740 sancti
1204 3687 1325 3754 episcopi
1337 3700 1368 3740 se
1381 3687 1472 3741 tradid

259 3788 399 3854 obsequiis
412 3789 526 3854 ejusque
538 3786 635 3840 diebus
647 3787 753 3840 cunctis
765 3787 834 3838 vitae
846 3798 911 3839 snae
923 3786 1060 3839 commisit
1073 3787 1192 3839 servitio.
1206 3788 1289 3853 Cujus
1301 3787 1384 3840 etiam
1397 3800 1472 3856 progr

260 3889 319 3940 nies
331 3900 419 3954 usque
433 3888 460 3938 in
474 3886 636 3939 hodiernum
649 3886 719 3937 diem
734 3890 857 3938 sanctum
873 3887 930 3952 ejus
951 3885 1068 3939 custodit
1086 3886 1242 3952 sepulcrum
1262 3890 1289 3939 el
1306 3899 1372 3939 curn
1385 3886 1472 3940 lumin

259 3988 311 4039 bus
324 3987 437 4050 ibidem,
450 3986 548 4053 vigiliis
569 3992 596 4038 et
616 3985 786 4038 orationibus
804 3986 928 4038 insistere
949 3986 1026 4039 solita
1042 3991 1093 4051 est,
1110 3999 1215 4040 memor
1234 3998 1342 4053 semper
1362 3984 1472 4053 praedic

261 4087 389 4138 antistitis
402 4086 476 4147 boni,
491 4087 629 4151 Deumque
642 4084 767 4138 laudibus
780 4084 913 4137 extollens
926 4087 985 4151 ejus
998 4085 1129 4139 ecclesiae
1141 4086 1262 4140 excubiis
1274 4087 1401 4140 inservit.

303 4187 352 4238 18.
372 4185 493 4250 benique
505 4184 638 4250 quaedam
660 4184 749 4250 puella
769 4184 914 4238 daemonio
932 4184 1021 4251 plena,
1035 4185 1208 4253 ligaminibus
1225 4187 1373 4239 constricta
1391 4187 1472 4240 addai

264 4285 353 4339 turad
371 4291 495 4338 sanctum
516 4285 614 4336 virum.
628 4286 696 4337 dntc
717 4285 795 4350 cnjus
816 4288 993 4349 conspectum
1015 4298 1045 4337 se
1067 4284 1184 4339 daemon
1205 4285 1252 4352 qui
1271 4285 1341 4338 banc
1359 4286 1472 4340 cruciab

267 4386 379 4437 minime
399 4384 489 4437 celare
507 4383 593 4449 potuit
604 4401 611 4448 3
624 4383 742 4448 pucilam
765 4388 900 4448 arreptam
925 4397 974 4450 pro
993 4382 1097 4437 scelere
1118 4385 1218 4438 babere
1236 4397 1266 4437 se
1282 4384 1429 4438 consessus
1446 4398 1472 4439 es

267 4485 360 4547 Quem,
382 4483 490 4550 signum
511 4481 599 4535 crucis
620 4487 730 4534 sanctus
745 4482 790 4534 liei
812 4481 926 4534 antistes
947 4482 1079 4535 ltelanius
1100 4483 1270 4548 imprimens,
1289 4482 1325 4535 ab
1346 4495 1380 4536 ea
1398 4496 1470 4550 erpn

266 4585 348 4651 eisquc
360 4582 504 4635 sanitatem
517 4579 658 4648 pristinam
672 4581 840 4634 restauravit.
