3136 5482
331 377 425 426 erbo.
445 377 527 426 Nar.
547 376 662 426 Partis.
682 398 726 406 -
743 376 895 425 ΑΡΡΕΝΙ).
916 376 962 424 ΑΒ
979 376 1056 425 COD.
1076 374 1152 424 3778.

325 546 413 602 Sellae
426 560 590 614 suspensum
605 546 749 598 minimum
761 557 808 598 vas
820 544 893 611 quod
907 545 981 610 capit
991 558 1088 597 unum.

325 646 419 713 diser,
433 648 479 700 ait.
494 650 600 710 Fertur,
613 644 795 707 benedicitur,
809 643 998 710 amplificatur.

327 744 386 806 Qui
395 745 525 813 pluvias
532 757 635 812 panes
646 744 812 798 solidando
820 742 911 810 pavit
922 742 1042 807 irtaaes,

327 844 384 898 Hic
395 847 425 898 et
436 844 565 897 duravit
574 856 677 896 rorem
692 842 888 910 lapidemque
900 841 1042 908 liquavit.

331 943 389 1002 Qui
400 942 480 1011 facit
491 957 558 997 esse
573 941 666 1009 nibil,
675 942 760 1010 potis
771 942 817 994 est
829 953 945 1008 augere
954 941 1035 1007 quat
1047 941 1116 1008 egit.

329 1043 444 1107 Dixerat,
458 1048 485 1095 et
497 1040 599 1095 dictum
612 1042 736 1109 sequitur
748 1027 872 1093 mirabile
885 1040 995 1092 iactum.

328 1142 471 1210 Sexaginta
481 1142 542 1208 viri,
556 1141 621 1208 quid
635 1141 696 1207 plus
708 1140 759 1193 hoo
770 1144 892 1205 tempore
906 1139 987 1191 miri?

330 1239 425 1306 Crede,
440 1241 525 1295 tribus
537 1255 601 1294 vere
613 1240 719 1293 vicibus
727 1239 762 1291 de
774 1252 838 1292 vase
850 1238 945 1291 bibere
957 1257 964 1304 3

329 1342 359 1392 Et
370 1340 444 1393 velut
456 1340 507 1393 boe
519 1343 634 1406 eertum,
646 1352 693 1392 vas
706 1338 818 1404 plenum
829 1336 911 1390 crede
925 1342 1073 1404 repertum.

330 1437 453 1492 Artifices
464 1440 543 1503 escis,
557 1451 609 1492 nec
620 1451 706 1505 pauco
719 1444 852 1505 tempore,
865 1436 959 1504 paucis

330 1538 401 1590 Parit
412 1537 554 1603 Heliseus3
568 1537 645 1591 cibus
657 1538 710 1602 hie,
724 1536 768 1589 hic
780 1542 859 1602 potus
872 1535 1010 1589 adauctus.

330 1636 440 1702 bispare
453 1637 566 1690 materia
579 1637 644 1689 satis
656 1643 697 1689 est
709 1636 835 1690 mirabile
848 1647 959 1703 compar
970 1652 977 1697 3

331 1737 436 1802 Parque
450 1733 518 1789 fides
527 1733 601 1803 fidei,
616 1748 665 1802 par
678 1750 722 1788 res
734 1736 872 1803 incognita
884 1735 934 1787 rei.

207 1833 256 1888 50
268 1833 331 1901 (60).
365 1836 433 1888 Ecce
446 1835 595 1888 revertenti
611 1834 722 1901 quidam
736 1835 788 1886 iuit
799 1833 895 1887 obvius
908 1831 956 1893 ilii,

329 1935 363 1986 os
375 1934 480 1986 laesum
493 1935 580 2000 patuit
591 1934 635 1986 eui
648 1934 764 2000 turpiter
775 1933 868 1986 ulcere
881 1933 984 1986 cancri.

328 2032 376 2086 Cui
388 2033 477 2087 crucis
490 2033 519 2085 in
531 2046 597 2087 cura
609 2033 678 2085 cutis
689 2037 731 2085 est
742 2045 805 2086 mox
819 2031 925 2085 reddita
937 2045 1014 2105 pura.

204 2133 244 2185 51
257 2132 321 2198 (di).
336 2132 475 2185 Praefatus
488 2137 612 2186 sanetum
624 2134 700 2185 venit
712 2146 761 2184 rer
773 2133 861 2184 visere
874 2135 1005 2193 Maurum,

326 2234 357 2283 m
367 2232 412 2296 jus
424 2233 599 2298 complesset,
613 2244 662 2298 par
673 2231 864 2285 decessoribus
876 2235 958 2283 essct.

327 2331 424 2384 blazon
435 2333 444 2351 ·
457 2331 509 2384 iter
521 2332 633 2399 longum
645 2331 722 2384 dedit
733 2330 798 2384 huic
811 2329 840 2383 in
854 2343 968 2383 munere
981 2341 1117 2395 eampum.
1364 2338 1372 2357 ·
1387 2337 1500 2390 alamon
1514 2340 1538 2389 5,

331 2429 407 2493 Quod
420 2435 529 2483 sanctus
538 2432 610 2498 justa
623 2431 691 2496 petit
702 2436 743 2483 est
756 2430 853 2484 electio
867 2443 952 2482 cessa.

327 2531 383 2583 Rex
396 2529 467 2581 redit
479 2530 542 2584 binc
554 2530 751 2591 laetus,dextra
765 2532 847 2583 Mauri
859 2529 1029 2583 benedictus.

153 2631 202 2685 52
214 2607 332 2697 (θίθδ).Ι
362 2632 475 2683 sanetus
487 2629 621 2684 didicerat
633 2634 641 2649 ·
653 2634 761 2684 biamus
772 2629 883 2684 doctore
897 2632 1039 2696 propheta,
1359 2641 1368 2660 ·
1385 2644 1514 2707 cognorat
1530 2641 1555 2694 Ξ,

326 2729 442 2795 b'rpietis
451 2731 557 2782 annisa
571 2743 634 2797 rege
646 2730 750 2784 vocatio
762 2730 835 2782 binis

328 2826 404 2892 Quod
416 2827 503 2894 fieret,
514 2830 603 2895 plenis
616 2843 664 2882 sex
676 2835 742 2882 tunc
754 2835 841 2882 aetate
855 2828 975 2881 decenis.

329 2927 558 2994 praepositissam
571 2930 715 2983 commissa
727 2929 762 2982 de
774 2943 855 2997 grege
868 2943 943 2991 eura,

328 3029 402 3091 Quae
414 3033 537 3094 superest
549 3029 631 3082 vitam
643 3030 700 3083 vult
711 3043 902 3083 consummare
916 3035 1057 3083 remotam.

326 3126 464 3180 bertulfus
476 3127 568 3193 irater,
582 3129 653 3182 Fieri
666 3129 818 3182 clarissima
828 3130 929 3196 proies,

325 3225 415 3279 ‚ibbas
427 3225 551 3280 edicitur.
566 3229 686 3281 beientis
699 3228 763 3281 inde
776 3228 884 3282 duobus

327 3325 474 3394 Fratribus,
488 3326 542 3391 bic,
556 3327 646 3380 Primo
664 3321 805 3394 proprium
819 3327 868 3381 iuit
880 3341 910 3380 ac
923 3329 1038 3391 baiano,

327 3424 383 3477 Soli
395 3423 493 3479 devote
507 3425 621 3479 bomine
633 3426 689 3479 vuit
702 3432 793 3480 mente
805 3439 912 3479 vacare.

326 3522 473 3576 Ecclesiam
487 3530 599 3591 propter
611 3525 662 3578 iuit
675 3526 737 3578 huic
750 3526 908 3592 parvissima
922 3525 1012 3586 sedes

328 3624 412 3686 Quam
425 3622 474 3675 tibi
487 3624 527 3676 vir
540 3624 655 3689 primam
668 3625 741 3685 iecit,
755 3625 877 3685 biartine,
891 3623 1016 3676 dicatam.

193 3725 242 3778 53
255 3720 326 3791 (64).
362 3719 531 3774 adveniente
543 3721 587 3773 die
599 3735 654 3788 quo
667 3724 786 3791 migrans
799 3728 919 3777 transeat
931 3724 987 3781 iile.

326 3819 437 3874 Solvere
447 3826 508 3875 rota
526 3834 637 3887 precum
651 3821 716 3895 dum
729 3828 855 3892 pergeret
867 3837 897 3877 ac
910 3823 1094 3886 lacrimarum,

326 3919 459 3985 antiquus
472 3932 568 3988 magna
581 3933 695 3987 serpens
707 3922 824 3988 stipante
837 3929 953 3981 caterva,

323 4018 443 4071 Obstruit
455 4020 618 4088 ingressum,
632 4020 781 4085 prohibens
794 4022 866 4074 bunc
878 4021 961 4090 figere
973 4035 1096 4089 gressum
1110 4037 1117 4072 :

322 4115 390 4182 Era,
405 4117 523 4182 Maure,
538 4123 647 4182 tonans,
660 4118 777 4172 uostris
790 4119 844 4185 qai
855 4119 979 4173 redibas
991 4121 1106 4186 aptans

322 4217 402 4271 ratos
413 4217 535 4284 venisti,
548 4231 604 4272 aaa
615 4218 783 4273 deturbare
791 4220 914 4287 putasti
926 4237 934 4273 .·

320 4318 447 4382 Strages
458 4316 590 4370 istorum
601 4317 786 4385 diversaque
796 4318 867 4387 fata
880 4322 1013 4384 tuorum,

330 4416 387 4469 Via
401 4419 564 4470 remaneat
575 4417 686 4486 aliqui,
700 4432 748 4471 me
759 4418 975 4487 debacchante,
990 4419 1116 4474 videbis.

320 4517 368 4569 t'ir
380 4515 487 4569 bomini
501 4528 617 4583 propere
635 4519 678 4570 eui
693 4517 831 4570 reddidit:
845 4519 986 4587 Increpet
999 4520 1033 4571 ia
1045 4522 1082 4585 te,

320 4617 470 4680 Daemoa,
483 4617 513 4669 et
525 4615 560 4669 ia
571 4615 672 4671 verbis
684 4617 834 4672 Dominae
845 4617 1017 4686 fallacibus
1028 4619 1107 4673 istie.
