3136 5482
384 370 475 421 erun.
495 371 578 420 nar.
599 369 712 419 rents.
733 387 777 397 -
793 367 870 416 ooo.
894 365 966 416 tort.
1246 349 1287 412 77

105 542 191 603 neuim,
205 543 394 610 uuusquisque,
407 545 488 608 prout
506 541 624 609 potuerit
644 545 752 594 etcum
773 539 874 593 imitari
895 538 1025 593 dominus
1045 535 1163 602 dederit,
1185 535 1290 589 animas

105 645 230 708 poemiae,
241 647 267 695 et
276 645 307 696 ut
317 641 398 696 nobis
411 645 437 695 et
447 641 524 696 robis
542 640 608 694 felix
621 639 672 695 iste
683 646 710 693 et
721 639 818 694 boatus
830 639 1017 705 patrocinetur
1029 641 1056 689 et
1068 635 1178 703 adlucet
1196 639 1288 689 mente

10 807 21 813 -
105 734 450 795 ducitiudesinenterorate.

127 830 439 905 1⁰·lp'tursandtissimus
450 837 594 906 melanius,
607 839 711 893 obitum
732 852 813 891 suurn
833 838 914 904 longe
931 839 994 889 ante
1015 847 1199 902 praenoscens
1211 832 1292 887 disci·

8 923 17 937 “
81 932 389 997 tpuissusannunuavit.
403 938 665 1006 Absolutionemque
687 943 791 1005 petens,
805 949 852 990 eos
875 934 1015 989 benedixit
1035 938 1062 987 et
1083 933 1174 988 verbis
1189 933 1288 987 divinis

17 1100 33 1113 .
104 1031 265 1103 iutbueuseos,
278 1041 307 1091 in
321 1039 365 1093 dic
377 1051 432 1106 qua
446 1037 626 1106 praedixerat,
640 1041 749 1105 peracto
771 1037 886 1090 feliciter
904 1048 996 1103 cursu,
1010 1033 1135 1102 migravit
1159 1035 1193 1087 ad
1212 1035 1287 1087 curi·

9 1126 38 1215 ,ζ
102 1136 294 1194 memoratoria
304 1139 435 1206 suoquod
446 1138 530 1193 elatio
541 1144 662 1204 vocatur,
671 1152 753 1206 quem
766 1139 773 1158 ·
787 1139 845 1203 ipse
855 1136 982 1190 manibus
991 1135 1107 1202 propriis
1121 1135 1281 1188 construxit.

100 1233 258 1292 lemanem
269 1239 384 1292 Albinus
395 1243 478 1306 atque
490 1240 579 1292 victor
590 1244 617 1293 et
628 1242 739 1292 sanctus
756 1241 904 1304 teutonus,
918 1249 1026 1291 necnon
1044 1241 1071 1289 ct
1089 1240 1199 1290 sanctus
1217 1237 1285 1289 liar·

9 1312 14 1327 ⁸
98 1343 136 1399 Μ,
145 1339 180 1404 oui
190 1353 204 1392 a
215 1343 341 1406 serpente
351 1338 441 1392 luerat
452 1338 592 1401 liberatus,
605 1352 653 1405 per
665 1340 799 1393 visionem
811 1338 962 1406 angelicam
974 1342 1165 1390 conuenerunt
1179 1337 1208 1389 in
1227 1337 1288 1402 ipsa

9 1486 27 1525 ἱ
67 1424 185 1490 luceat
196 1450 293 1504 corpus
304 1439 364 1504 eius
378 1437 597 1491 custodiendum.
611 1440 691 1491 Facto
709 1442 801 1491 autem
822 1437 875 1501 die,
890 1440 1041 1502 posuerunt
1062 1445 1161 1503 corpus
1182 1435 1242 1501 ejus
1260 1435 1288 1487 in

18 1586 35 1601 ⁶
95 1534 165 1595 tadu.
174 1542 199 1591 et
211 1537 365 1604 navigando
386 1549 435 1603 per
446 1536 620 1590 vicenoniam
641 1550 703 1590 cum
726 1548 824 1604 magno
837 1538 967 1601 apparatu
980 1539 1007 1587 et
1019 1533 1195 1600 psallentium
1208 1534 1291 1588 choro

18 1682 32 1695 .
92 1628 274 1704 dmoutusque
282 1637 316 1689 ad
326 1635 518 1691 Redonensem
529 1637 636 1700 urbem,
645 1635 851 1704 quamieliciter
860 1634 1031 1702 gubernarit.
1042 1633 1191 1688 Audientes
1199 1639 1289 1688 autem

11 1778 22 1787 .
91 1727 125 1784 lot
138 1733 273 1788 duodecim
294 1736 387 1796 vincti.
401 1736 449 1802 qul
469 1736 633 1790 tenebantur
652 1735 684 1789 ln
708 1748 856 1800 carcerem,
870 1733 944 1800 quod
963 1737 1073 1787 sanctus
1090 1733 1222 1787 licianlus
1244 1746 1293 1800 per

9 1872 12 1880 .
89 1828 132 1886 illuc
141 1835 282 1903 navigaret,
295 1839 325 1887 ut
337 1836 377 1888 eis
397 1835 573 1889 misereretur
592 1849 672 1890 orare
694 1840 853 1901 coeperunt.
872 1834 967 1888 Statim
988 1840 1079 1888 autem
1099 1834 1127 1886 in
1147 1833 1206 1901 ipsa
1225 1834 1291 1888 bora

29 1988 32 1993 ,
52 1926 147 1985 ltdirle
159 1940 198 1987 est
210 1936 305 2001 turris,
318 1940 442 2001 quaeest
455 1940 550 1989 contra
564 1936 717 1998 meridiem,
732 1934 762 1988 in
780 1934 848 1988 duas
861 1940 952 2000 partes
964 1948 979 1987 a
992 1946 1100 1987 summo
1113 1945 1201 2000 usque
1213 1931 1289 1988 deor·

83 2040 136 2095 mu,
147 2039 172 2086 et
182 2033 290 2086 liberati
303 2038 368 2087 sunt
379 2047 429 2100 per
440 2035 525 2101 ipsius
538 2036 774 2090 intercessionem.

10 2140 20 2235 ἶ
103 2130 150 2184 8⁰.
161 2131 354 2200 divulgabatur
364 2137 455 2185 autem
468 2133 536 2186 baec
547 2133 634 2184 virtus
647 2143 695 2197 per
705 2131 848 2184 universas
861 2132 1024 2199 provincias.
1036 2133 1162 2185 Pervenit
1174 2143 1238 2186 vero
1250 2132 1292 2185 vir

10 2246 16 2309 p
78 2229 158 2284 batus
171 2243 234 2285 cum
253 2243 352 2298 magna
364 2230 464 2284 laetitia
484 2229 619 2298 usquead
639 2230 727 2283 locum
746 2229 793 2282 ubi
812 2242 886 2283 nunc
903 2229 1042 2295 adoratur,
1055 2231 1234 2297 sepultusque
1250 2235 1291 2284 est

10 2316 13 2347 ³
74 2331 171 2384 aecus
182 2332 239 2384 sus
246 2332 305 2398 jam
317 2329 398 2384 uictis
407 2330 711 2398 retadisetpultsjuxu
721 2329 887 2396 praedictam
898 2330 1004 2389 urbem.
1017 2330 1064 2382 uu
1086 2331 1165 2385 nouo
1187 2331 1292 2397 reque

20 2432 52 2486 9)
67 2430 113 2485 scit
121 2436 148 2485 et
158 2431 206 2485 ubi
214 2432 275 2498 ejus
287 2429 393 2484 meritis
402 2436 430 2486 et
438 2431 607 2485 orationibus
619 2431 705 2484 multa
717 2436 890 2496 praestantur
902 2429 1036 2484 beneficia
1045 2443 1134 2498 usque
1144 2430 1173 2482 in
1183 2429 1291 2484 hodier-

62 2544 126 2585 uum
143 2529 224 2584 diem.
237 2530 338 2595 Quoia
351 2532 411 2584 loco
427 2532 526 2585 colitur
539 2535 608 2585 [leus
620 2536 647 2586 et
663 2531 806 2599 magnifice
826 2531 955 2584 laudatur
966 2544 1067 2585 nomen
1085 2528 1192 2584 liomini
1204 2531 1290 2584 nostri

54 2633 117 2684 lesu
130 2629 236 2696 ebriati,
246 2630 291 2683 cui
304 2635 346 2683 est
357 2644 419 2685 cum
432 2638 546 2685 aeterno
560 2634 636 2685 Patre
648 2636 675 2684 et
685 2633 786 2698 Spiritu
799 2637 894 2685 sancto
908 2632 1004 2693 tirius,
1018 2632 1106 2684 bonor
1123 2635 1148 2682 et
1160 2629 1246 2697 gloria
1259 2629 1287 2682 iu

54 2730 164 2784 saecula
176 2729 359 2783 saeculorum.
374 2732 469 2785 Amen.

349 2831 490 2896 ltxpttctt
502 2831 575 2885 vito
586 2832 693 2885 uncti
705 2832 838 2886 Uelanii
850 2831 1001 2896 episcopt.

288 3296 406 3385 XLV.
428 3293 554 3384 (lodex
574 3298 762 3408 signatus
784 3322 897 3390 num.
922 3297 1042 3388 1774.

81 3531 158 3583 olim
170 3529 381 3596 loissiacensis
394 3531 494 3584 deinde
507 3532 679 3585 colbertinus
691 3534 751 3594 887,
767 3537 861 3597 postea
875 3534 974 3600 Regius
988 3536 1016 3586 tl.
1030 3536 1161 3588 396533.

82 3629 224 3684 Foliorum
238 3631 295 3695 too,
310 3629 381 3682 meti.
396 3630 604 3695 (ommino),
619 3630 755 3683 columnis
769 3631 853 3695 binis,
867 3637 993 3685 exaratus
1006 3646 1077 3686 saec.
1094 3636 1147 3686 ltll.

159 3727 256 3829 [vita
274 3725 313 3804 S.
334 3727 460 3806 Lucae
481 3728 663 3829 apostoli]
683 3728 760 3828 (fol.
786 3729 898 3809 toiri.

83 3872 165 3923 lianc
179 3868 264 3921 litam
279 3868 387 3920 minuto
401 3865 480 3919 valde
493 3865 652 3920 charactere
665 3867 880 3932 inscripsitparti
894 3868 950 3920 lolii
963 3882 1064 3922 uacuae
1076 3871 1187 3925 relictae
1201 3885 1297 3925 luanus

50 3968 160 4023 soeculi
173 3969 240 4026 xttt.
249 3980 301 4020 nec
312 3964 439 4019 absoluit.
450 3967 496 4018 list
507 3962 702 4030 compendium
718 3967 853 4018 sermonis
866 3965 940 4018 Pauli
954 3967 1062 4022 diaconi
1074 3970 1133 4034 (cir.
1144 3971 1224 4035 inira,
1235 3972 1295 4024 cod.

53 4073 134 4133 iffi,
148 4072 192 4134 7⁰).
