3136 5482
458 347 552 397 amn.
572 348 656 398 nar.
675 304 802 398 rums
814 367 859 378 -
874 345 954 397 con.
974 345 1037 398 asoa
1053 348 1089 396 A.
1321 330 1388 398 337

156 517 264 585 festive
275 519 418 575 eaccolere
429 521 459 571 et
470 517 646 572 certamina
658 530 696 572 oc
709 516 884 585 triumphos
895 528 1002 570 eorum
1011 516 1149 584 porteris
1162 515 1392 584 traherentque

158 618 351 675 tellerianiter
362 617 542 672 vermari...

185 719 316 788 Epilogus
330 720 383 772 inc.
396 718 453 772 Sed
465 716 541 784 quia
555 719 791 772 portentorum
811 718 990 782 martyrum
1002 716 1184 784 porcionem
1203 716 1386 772 nominatis·

155 819 266 872 rimam
274 820 397 886 plectro
411 817 778 885 iinprcaepercurrimua
796 828 911 884 operae
926 816 1068 888 pretium
1089 816 1387 871 ducendumatatui·

154 930 223 971 mus
236 931 278 971 err
294 930 331 970 ea
344 929 403 984 quo
415 914 540 982 aliquid
551 916 665 970 saltem
676 916 719 969 od
732 915 924 969 imitandum
935 928 1131 970 sumemus...

253 1014 316 1092 310
335 1014 466 1093 Passio
484 1021 639 1093 sanctae
657 1014 676 1091 J
680 1015 829 1092 ustinae
846 1014 1008 1115 virginis
1026 1022 1064 1092 et
1083 1013 1263 1116 Cypriani
1283 1039 1386 1094 mar-

304 1143 413 1243 tyris,
448 1143 516 1244 qui
551 1143 654 1242 passi
689 1150 780 1221 sunt
814 1143 855 1219 in
884 1143 1089 1221 Antiochia
1122 1144 1277 1223 civitate
1312 1145 1386 1224 sub

303 1264 546 1345 Diocletiano
565 1267 823 1368 imperatohe]
842 1276 880 1345 et
907 1266 1072 1346 Claudio
1090 1289 1246 1346 caesare
1264 1294 1300 1348 rr
1320 1270 1388 1346 ka-

303 1387 440 1467 lendas
458 1388 634 1467 octobris
650 1388 727 1489 (fol.
750 1388 913 1489 lib-PM).

188 1521 235 1575 hl.
248 1534 293 1587 ap.
307 1523 438 1586 Martene,
457 1519 541 1574 Thes.
552 1533 621 1576 nov.
633 1521 757 1589 Aaron„
771 1525 836 1574 tom.
851 1522 898 1584 111,
911 1535 938 1587 p.
958 1520 1073 1575 161150.

252 1619 315 1696 310
334 1618 465 1698 Passio
483 1629 708 1698 sanctorum
728 1618 888 1698 Cosmae
915 1627 953 1697 et
971 1619 1163 1716 Damiani,
1184 1621 1252 1721 qui
1279 1622 1382 1721 passi

302 1743 447 1821 suntin
466 1743 619 1821 civitate
633 1743 733 1844 Egea
751 1742 825 1820 sub
843 1741 1087 1821 Diocletiano
1101 1752 1139 1822 et
1152 1742 1384 1824 Maximiano

301 1882 337 1944 v⁰
355 1865 540 1944 kalendas
559 1865 733 1946 octobris
750 1866 827 1964 (fol.
850 1865 1017 1965 960-910).

188 1999 237 2052 Ed.
250 2001 317 2053 Act.
330 2000 388 2063 SM,
401 1999 434 2051 ad
447 1999 474 2051 d.
491 2001 524 2052 27
535 2002 621 2066 sept,
635 2004 702 2054 tom.
714 2001 769 2064 Vll,
783 2014 810 2066 p.
823 2001 924 2053 11178.

251 2095 313 2173 330
332 2096 528 2175 Revelatio
545 2098 668 2176 sancti
698 2097 896 2175 Michaelis
927 2098 1162 2199 archangeli,
1189 2099 1298 2200 quod
1329 2108 1385 2178 est

298 2234 356 2297 111⁰
374 2219 560 2299 kalendas
578 2222 752 2302 octobris
769 2221 847 2320 (fol.
869 2219 1036 2320 910-9801.

189 2353 233 2407 Ed.
247 2352 326 2417 ibid,
339 2353 373 2406 ad
386 2353 414 2406 d.
428 2355 461 2407 29
472 2356 558 2420 Sept,
573 2360 638 2409 tom.
652 2356 720 2421 vlit,
734 2368 760 2420 p.
775 2356 861 2408 6131.

250 2450 313 2528 310
357 2451 442 2530 Vita
483 2451 693 2554 actu[s]que
736 2452 840 2530 beati
884 2452 1110 2553 Hieronymi
1149 2453 1381 2555 presbyteri,

299 2575 409 2676 quod
427 2584 484 2654 est
502 2576 631 2676 pridie
650 2576 836 2655 kalendas
854 2576 1027 2654 octobris
1046 2575 1124 2676 (sol.
1146 2575 1357 2680 980-1000).7

184 2706 234 2760 ru.
250 2709 278 2759 r.
292 2709 333 2767 1.,
346 2712 414 2760 tom.
426 2709 502 2770 xxu,
516 2723 542 2774 p.
558 2710 661 2762 arsat.

251 2802 314 2880 350
332 2804 464 2884 Passio
490 2816 715 2886 sanctorum
738 2807 951 2898 Verissimi,
971 2808 1159 2886 Maximae
1186 2818 1225 2888 et
1243 2810 1382 2900 tuliae,

301 2929 369 3029 qui
388 2929 491 3030 passi
521 2939 612 3009 sunt
642 2930 816 3032 Helyppa
848 2931 1004 3010 civitate
1034 2932 1108 3009 sub
1139 2932 1381 3011 Diocletiano

300 3052 480 3152 praeside
497 3053 683 3131 kalendas
702 3053 875 3131 octobris
893 3053 970 3153 (iol.
994 3053 1205 3155 thor-100⁹).

170 3183 302 3247 inedita,
313 3188 345 3235 ut
356 3184 471 3236 ridetur.
485 3185 538 3238 Sed
560 3191 586 3238 et
599 3187 669 3238 hanc
691 3186 863 3252 repperimus
876 3187 904 3239 in
924 3185 1019 3240 codice
1035 3189 1100 3240 lior.
1119 3189 1182 3254 Acq.
1196 3189 1271 3255 alta,
1284 3203 1318 3243 ex
1329 3203 1384 3257 quo

135 3289 218 3342 llam
234 3282 403 3334 exhibemus
415 3281 487 3334 inira
499 3284 528 3335 in
541 3283 710 3349 Appendice.

251 3380 315 3458 36ο
336 3381 422 3460 Vita
455 3382 516 3460 vel
550 3383 681 3483 passio
716 3385 838 3462 sancti
872 3382 1099 3485 Leodegarii
1135 3385 1309 3488 episcopi
1345 3392 1384 3462 et

303 3508 497 3606 martyris,
518 3509 586 3609 qui
605 3531 741 3610 passus
759 3517 817 3587 est
835 3509 875 3584 in
903 3508 1024 3587 Gallia
1041 3509 1115 3588 sub
1138 3509 1256 3587 Ebrio
1275 3510 1385 3608 prin-

302 3628 390 3731 cipe
407 3640 446 3707 et
468 3629 613 3732 Vaingo
632 3632 732 3709 duce
754 3657 791 3711 vr
819 3656 940 3710 nonas
959 3632 1132 3711 octobris
1157 3630 1380 3733 (idol-Addit.

159 3768 304 3822 Auctore
317 3763 423 3827 Ursino,
437 3764 481 3817 ed.
495 3764 560 3818 Act.
573 3765 630 3829 SM,
649 3765 683 3818 ad
696 3766 723 3819 d.
737 3769 754 3819 1
766 3769 835 3830 Oct,
848 3772 914 3819 tom.
929 3769 949 3832 1,
963 3781 989 3833 p.
1002 3769 1106 3820 Mblld.
1120 3769 1178 3819 om.
1192 3764 1261 3832 prol.

252 3858 318 3935 37⁰
336 3859 432 3938 item
464 3862 513 3939 de
536 3864 784 3941 mirabilibus
815 3887 883 3941 seu
914 3862 965 3942 de
995 3863 1231 3941 revelatione
1261 3861 1382 3940 sancti

301 3983 528 4086 Leodegarii
549 3988 729 4089 martyris
747 3987 824 4086 (sol.
847 3986 1060 4086 loa-104¹).

159 4122 225 4178 Ed.
245 4117 328 4179 ibid..
341 4132 367 4183 p.
382 4121 472 4172 17381
486 4137 494 4184 ;
508 4121 611 4174 scilieet
621 4122 695 4173 vitae
707 4121 812 4187 primae
826 4134 903 4174 num.
917 4123 1003 4174 acra.

248 4213 316 4290 380
333 4214 417 4293 Vita
435 4215 538 4295 beati
560 4212 849 4318 Francisci'lfol.
874 4218 1085 4319 10101330).

157 4354 303 4409 Auctore
318 4350 344 4402 S.
359 4351 547 4403 bonaventura
559 4352 602 4405 ed.
617 4351 893 4417 thidalmont,
907 4356 973 4404 tom.
989 4354 1023 4413 11,
1036 4367 1064 4418 p.
1078 4354 1180 4405 711118.

246 4443 316 4521 390
332 4445 416 4523 Vita
434 4448 556 4525 sancti
574 4450 730 4529 Antonii
749 4447 826 4548 (iol.
850 4447 1064 4550 latr-liar).

156 4581 247 4637 Stilo
264 4578 351 4644 magis
364 4591 447 4644 quam
460 4581 543 4632 rebus
556 4581 673 4635 narratis
685 4582 793 4636 diversa
805 4595 821 4635 a
833 4582 893 4635 Vita
905 4581 949 4634 ed.
963 4582 1042 4645 ibid,
1052 4583 1086 4635 ad
1100 4582 1127 4635 d.
1142 4586 1172 4635 lli
1182 4586 1258 4649 lun,
1272 4589 1338 4639 tom.
1351 4586 1385 4652 11,

159 4686 283 4736 ωιτη..
304 4686 391 4729 Pham.
411 4689 437 4729 r.
455 4690 474 4730 ι.
1322 4686 1356 4737 22
