3136 5482
310 322 374 388 148
652 327 777 379 caran.
797 325 898 374 conn.
918 317 1192 372 eisarneinaim,

406 501 510 554 Firmos
522 496 604 551 eorde
615 495 755 547 retinebas
1037 488 1092 541 Aue
1104 490 1181 553 pater
1192 483 1313 554 egregie,

374 599 568 665 trossubjeetos
580 607 650 663 quos
662 593 798 647 habebas:
1006 597 1084 638 meae
1095 581 1231 651 quaedam
1243 594 1308 650 pars
1320 582 1454 636 animae:

373 699 479 752 nullum
493 693 692 749 tibiabanime
1007 696 1081 736 nune
1092 696 1136 736 me
1147 685 1238 737 tecum
1249 680 1422 735 occumbere

373 800 499 863 rapuerat
512 793 623 848 obliuio.
1006 783 1092 835 satius
1103 784 1145 835 est
1156 794 1240 849 quam
1252 781 1359 834 uiuere.

404 975 572 1042 uenerique
585 973 712 1026 meliores
1039 983 1168 1046 Quisnam
1179 986 1210 1033 ut
1222 985 1251 1034 tu
1264 992 1309 1034 me
1322 978 1445 1049 diliget?

372 1080 486 1129 cunctos
496 1085 557 1127 esse
568 1070 725 1125 referebas:
1006 1076 1362 1149 qujsmedtgnumemeiet

372 1176 459 1243 major
471 1185 532 1227 81²⁸
542 1169 668 1237 imperio,
1007 1182 1060 1235 tuis
1071 1179 1157 1233 sterni
1174 1177 1316 1232 cineribus

374 1274 487 1329 interior
498 1274 640 1340 obsequio.
1007 1284 1035 1334 et
1044 1278 1159 1334 relevari
1170 1277 1298 1345 precibus
1313 1277 1327 1329 t

165 1477 248 1554 ἐρα.
406 1477 484 1528 iiunu
496 1479 525 1527 tu
540 1473 651 1525 tratrem
665 1470 836 1531 nominabas‚
1037 1480 1097 1532 sam
1110 1478 1229 1531 animam
1242 1480 1251 1498 ·
1264 1476 1434 1533 salutamus,

160 1556 260 1596 amma‘
373 1575 449 1628 ilium
464 1578 569 1641 patrem
581 1572 776 1640 praedicabas3
1006 1589 1106 1644 eorpus
1116 1580 1206 1630 terrae
1217 1575 1463 1638 commendamus,

373 1670 704 1739 universisadqaudebas,
1005 1680 1209 1743 resumpturum
1220 1676 1287 1728 tunc
1299 1674 1434 1741 spiritum

108 1772 222 1894 ‘vlqclest
227 1772 294 1842 fere
371 1775 467 1842 [agam
478 1771 577 1835 relut]·
587 1767 765 1837 procedebas.
1007 1785 1070 1825 eum
1082 1772 1189 1826 venerit
1197 1770 1346 1840 judicium.

162 1852 268 1893 reae

404 1977 552 2041 Tamquam
564 1977 642 2039 pater
654 1970 797 2038 diligebas,
1038 1971 1114 2023 'tune
1127 1982 1190 2023 eum
1200 1970 1282 2035 justis
1294 1968 1441 2025 reticebis

372 2079 510 2140 tamquam
523 2075 609 2124 mater
621 2069 782 2133 refovebas3
1007 2075 1035 2123 et
1046 2068 1327 2136 iestirusapparebis‚

373 2185 434 2225 eum
447 2169 572 2224 tristibus
584 2169 734 2222 tristabaris
1007 2176 1039 2222 ut
1049 2168 1091 2222 sui
1103 2168 1210 2237 iuiqens
1224 2168 1453 2237 persplendidus,

374 2274 401 2322 et
412 2283 474 2322 cum
484 2269 563 2321 laetis
574 2267 729 2320 laetabaris.
1007 2267 1129 2321 tenebris
1141 2264 1242 2334 spretis
1254 2266 1403 2323 omnibus.

405 2469 436 2519 ut
448 2466 513 2533 quin
526 2464 639 2531 (iignum
651 2466 686 2518 ‹te
698 2470 725 2517 te
737 2464 842 2531 loquar,
1039 2466 1114 2517 bono
1127 2467 1136 2485 ·
1148 2464 1224 2517 ruttu
1234 2463 1431 2533 contemplare

373 2565 417 2619 cui
429 2564 611 2617 Christusnita
621 2570 689 2627 erat,
1007 2569 1083 2616 tuum
1094 2576 1205 2631 gregem
1217 2568 1245 2616 et
1256 2576 1396 2631 agnosee;

370 2663 414 2715 eui
426 2662 545 2715 mundus
554 2661 697 2715 sorduerat
1005 2662 1073 2716 atter
1081 2665 1187 2717 cbristo
1199 2663 1320 2718 familias

371 2768 398 2815 et
407 2775 469 2828 sues
478 2760 531 2815 itxa
543 2762 619 2815 caeto
632 2763 741 2815 stabat?
1005 2777 1074 2830 quas
1086 2763 1228 2830 adquisisti
1242 2763 1391 2830 plurimas.

399 2961 456 3012 vita
469 2960 517 3012 tibi
531 2960 679 3026 fastidium,
1037 2960 1078 3012 tui
1091 2966 1117 3013 te
1129 2962 1269 3027 praevium
1282 2962 1390 3017 ducem

367 3072 439 3111 mors
452 3066 512 3111 erat
525 3059 690 3112 desiderium
704 3077 711 3115 :
1003 3059 1080 3124 sequi
1093 3059 1199 3125 possint
1211 3065 1238 3113 et
1251 3066 1391 3115 rectorem
1404 3082 1412 3127 ;

368 3170 516 3223 numquam
532 3162 594 3210 tuus
608 3159 771 3211 insanimus
1004 3163 1032 3209 tu
1045 3169 1108 3208 cum
1123 3156 1190 3221 ipsis
1199 3157 1367 3222 jucunderis

368 3254 556 3320 requiescebat
569 3256 688 3320 penitus.
1004 3259 1161 3307 sanctorum
1173 3255 1379 3311 contuberniis.

718 3471 777 3521 iam
789 3481 834 3530 en,
849 3481 895 3520 rer
909 3468 1107 3534 potentissime,

688 3573 856 3621 mortuorum
866 3567 952 3635 judex
965 3567 1019 3634 pie,

688 3667 766 3719 nobis
776 3668 893 3721 fructum
906 3668 1024 3721 laetitiae

686 3765 725 3817 iiii
739 3766 855 3831 patrnam
867 3766 902 3819 da
918 3767 1032 3832 gloriae.

982 3868 1077 3919 tmen.

360 4078 528 4124 eumenus
553 4079 596 4124 au
620 4078 791 4126 nrrnacuua
816 4080 844 4127 S.
864 4078 977 4127 annun
1003 4059 1084 4139 (Cir.
1103 4077 1215 4141 supra,
1235 4078 1267 4143 p.
1299 4060 1379 4139 143,
1404 4060 1487 4149 16⁰).
1554 4076 1560 4127 t

220 4304 223 4309 ,
256 4297 259 4302 .
333 4252 407 4304 Liaet
417 4249 568 4303 beatissimi
590 4250 755 4303 cortiessoris
776 4249 874 4302 christi
896 4248 987 4302 tredii
1009 4246 1148 4314 praeclara
1160 4246 1294 4300 uirtutum
1307 4248 1437 4319 prodigia
1448 4251 1540 4304 mutti-

177 4400 180 4407 ,
299 4349 361 4416 plici
374 4351 570 4402 numerositate
583 4350 611 4401 in
633 4350 679 4402 ilio
699 4350 849 4413 uolumine,
863 4346 937 4414 quod
958 4347 994 4399 de
1014 4349 1074 4412 ejus
1096 4347 1149 4398 vita
1171 4357 1203 4399 ae
1224 4347 1371 4401 miraculis
1394 4350 1538 4413 scribitur.

299 4447 378 4499 attius
390 4448 419 4497 in
438 4447 523 4500 multu
544 4460 642 4515 aggere
662 4444 891 4510 emineant,'sunt
911 4450 1001 4498 tamen
1024 4444 1113 4510 aliqua
1134 4457 1190 4497 non
1211 4445 1314 4498 minori
1335 4445 1424 4501 laude
1443 4448 1539 4519 digna.

298 4558 368 4612 quae
387 4558 435 4611 per
455 4544 624 4598 diversarum
643 4546 787 4600 doctorum
808 4544 1025 4599 luculentissima
1045 4543 1173 4596 exercitia
1194 4548 1327 4598 aeternae
1347 4549 1539 4603 memoriast
