3136 5482
220 373 315 424 BIBL.
334 372 418 423 NA'l’.
436 372 556 423 Paleis.
574 391 619 403 -·
635 372 789 425 APPEND.
809 373 857 422 Ab
872 373 950 422 dou.
969 369 1046 421 2717.

218 542 298 597 Rexit
311 546 435 608 pacatum
448 541 512 594 belli
526 546 630 594 terrore
643 547 759 595 remoto.

216 645 292 695 lianc
302 653 412 708 quoque
424 641 478 694 rim
491 639 544 693 sibi
557 641 769 694 succedentibus
782 641 841 708 ipse
854 640 973 706 reliquit.

216 740 348 808 liquibus
360 740 495 804 Aurelius,
509 745 570 805 post
581 738 735 793 Alexander
747 739 867 805 iniquus,

217 843 255 893 Ex
270 851 385 893 numero
398 851 492 906 regum
505 850 536 892 se
548 838 722 892 succedendo
735 844 900 905 sequentum

218 938 320 991 Ordine
331 937 477 991 transactis
488 939 637 1006 vigesimus
649 939 752 991 exstitit
765 938 846 991 annis

217 1036 315 1090 Cbrlsti
328 1036 463 1090 bisdenis
475 1038 550 1090 senis
563 1038 721 1105 pariterque
732 1037 868 1091 ducentis.

216 1137 299 1204 lidius
312 1137 480 1202 temporibus
493 1135 570 1189 lieret
582 1149 644 1192 curn
658 1137 775 1190 maxime
789 1143 899 1190 sanctae

217 1235 355 1288 Ecclesiae
367 1235 461 1288 matris
473 1238 582 1289 nostrae
594 1237 700 1288 vexatio
714 1236 794 1299 natis,

217 1335 345 1389 iliiitibus
359 1336 461 1389 sanctis
473 1336 624 1388 certamina
636 1335 722 1388 multa
735 1341 879 1402 geruntur,

218 1433 339 1500 ilar-tyrii
352 1434 434 1488 variis
446 1435 493 1501 qui
507 1434 648 1501 suppliciis
661 1435 800 1496 macerati,

219 1536 361 1587 bonantur
374 1533 460 1588 roseis
471 1535 588 1588 Domino
599 1533 722 1587 donante
734 1536 853 1588 coronis.

177 1635 219 1686 x.
255 1634 286 1685 ln
299 1634 400 1699 quibus
413 1638 440 1685 et
451 1638 563 1686 sanctus
575 1634 736 1687 meritorum
749 1632 873 1700 lampade
885 1633 976 1686 clarus

219 1738 288 1788 natu
300 1737 449 1800 Romanus,
462 1735 572 1802 praesul
584 1738 685 1790 Romae
699 1736 883 1803 venerandus,

216 1834 331 1889 Nomine
342 1834 472 1902 calixtus,
485 1817 591 1887 cunctis
603 1834 701 1888 saeclis
713 1835 919 1895 memorandus,

218 1937 240 1988 A
252 1939 345 1987 sancto
357 1934 480 1987 decimus
492 1936 570 1988 Petro
583 1933 631 1987 sed
645 1940 672 1987 et
684 1934 782 1988 ordine
793 1938 897 1997 sextus,

217 2036 248 2087 ln
262 2033 362 2100 templo
374 2035 483 2087 Domini
498 2033 563 2087 dum
576 2039 629 2088 stat
642 2033 808 2089 solidissime
823 2033 905 2098 fixus,

218 2135 283 2200 Ejus
295 2132 430 2186 mandatis
444 2133 577 2201 insistens
588 2134 671 2187 eorde
684 2132 769 2199 fideli,

218 2235 304 2286 Saeva
312 2234 370 2300 jam
381 2232 446 2287 dicti
459 2234 534 2287 rabie
546 2239 675 2301 surgente
688 2233 809 2300 tyranni,

220 2335 347 2399 Esaepto
360 2333 458 2386 Christi
471 2334 575 2400 rapitur
588 2332 742 2386 manicatus
754 2333 843 2388 ovilis.

218 2431 348 2484 Truditur
359 2432 458 2485 infesto
470 2432 609 2486 tenebrosi
621 2431 741 2485 carceris
754 2435 843 2494 antro,

218 2529 394 2596 Afficiturque
407 2531 477 2583 lame
489 2529 621 2584 diuturna
632 2530 788 2597 cotidieque

219 2626 347 2681 caeditur
358 2632 386 2680 et
398 2632 469 2681 tecto
481 2640 610 2694 praeceps
622 2627 777 2680 demittitur
788 2625 853 2678 alto.

219 2728 284 2782 Post
296 2727 363 2778 lraec
374 2726 492 2791 suscepti
506 2738 588 2793 quam
601 2724 661 2778 diro
674 2724 795 2790 pondere
807 2724 866 2776 saxi

218 2822 349 2892 llergitur
360 2823 388 2876 in
401 2826 514 2889 puteum
524 2825 581 2890 jam
594 2828 695 2889 martyr
707 2821 809 2875 nobilis
821 2821 915 2879 altum,

217 2925 316 2990 sicque
327 2927 474 2977 coronatur
485 2922 626 2990 nitidaque
639 2922 708 2976 stola
720 2921 875 2975 decoratur.

217 3022 355 3076 Praecluis
366 3023 491 3076 Urbanus
502 3035 646 3075 successor
658 3019 798 3088 splenduit
809 3020 891 3085 liujus
905 3037 911 3070 :

216 3123 331 3175 Lumina
344 3136 408 3174 narn
420 3123 520 3175 mentis
531 3121 681 3189 splendens
693 3128 751 3174 erat
763 3127 791 3173 et
803 3120 985 3174 documentis.

217 3222 315 3275 llultos
329 3223 457 3289 martyrio
469 3223 516 3289 qui
526 3223 646 3288 jungens
659 3220 786 3287 dogmate
797 3219 871 3284 divo,

218 3325 302 3387 Quem
315 3321 428 3387 reliquls
439 3321 552 3374 calicem
565 3327 731 3387 porrexerat,
746 3321 819 3373 bunc
831 3320 883 3372 sibi
897 3318 1004 3371 tandem

218 3422 339 3473 Gustavit
349 3421 451 3474 claram
462 3426 591 3486 capturus
604 3421 631 3472 in
644 3420 738 3472 aethre
751 3432 892 3473 coronam.

154 3522 216 3574 11.
253 3522 306 3572 llac
319 3533 402 3587 prope
415 3525 527 3585 captura
537 3522 593 3586 jam
607 3518 690 3573 linem
703 3518 764 3571 luce
776 3519 875 3571 diurna

218 3618 325 3671 Desinat
337 3631 400 3672 ecce
412 3618 483 3671 liber
495 3616 578 3671 linem
592 3617 673 3671 iaciat
685 3630 795 3684 quoque
813 3622 915 3670 noster.

548 3813 655 3881 [braun
675 3812 725 3881 ll]

190 3936 265 3996 Dat
278 3937 383 3995 linem
396 3934 536 4006 primus
549 3935 652 4008 liber,
669 3933 879 4005 initiumque
895 3934 1084 3993 secundus.

193 4118 221 4168 1.
258 4117 289 4167 iit
301 4114 475 4181 praecedenti
488 4114 558 4167 libro
571 4111 723 4166 taxavimus
737 4112 799 4178 ipsi,

219 4216 319 4266 Saevus
332 4213 492 4279 Alexander,
505 4212 594 4266 zabuli
607 4227 655 4280 per
667 4197 764 4265 cuncta
777 4210 912 4274 minister,

220 4314 397 4379 Persequitur
405 4314 502 4379 iustos,
514 4311 627 4378 depellit
638 4319 665 4365 ct
677 4312 799 4378 undique
812 4315 932 4363 sanctos.

217 4414 286 4464 cum
298 4411 409 4464 demum
422 4411 492 4464 lines
505 4412 591 4464 lertur
604 4416 720 4464 tractare
732 4411 878 4478 plagasque

216 4513 276 4574 Qua
288 4509 369 4563 datur
380 4509 492 4563 ascendi
504 4510 608 4577 lampas
621 4507 784 4562 nitidissima
798 4508 872 4569 solis,

218 4610 449 4676 persequiturque
462 4609 522 4675 pios
534 4609 632 4661 christi
644 4608 718 4664 cultu
732 4607 908 4674 reverendos,
