3156 5452
273 333 364 383 siun.
384 333 467 385 uir.
488 334 603 384 sams.
616 326 668 364 '-—
684 324 839 383 tessun.
858 333 905 382 nu
922 321 999 383 con.
1022 329 1095 380 um.
1252 307 1296 381 is

91 490 164 555 '11
175 493 294 559 vertente
304 508 395 559 eutem
407 508 539 570 tempore,
553 504 627 557 venit
640 504 674 556 ad
687 517 750 556 cum
769 504 880 571 quidam
899 504 949 572 vir,
962 503 1063 556 iiedias
1085 504 1207 568 nomine,
1220 501 1298 568 cuius

79 593 155 655 ilius
164 603 187 656 in
198 602 335 657 debilitate
347 601 432 654 nimia
442 601 548 666 jacebat
560 607 696 670 aegrotus,
709 602 785 654 cinit
798 602 831 655 ad
845 602 955 655 beatum
965 602 1111 656 bleianium
1123 617 1130 653 :
1143 604 1296 668 Deprecor

25 752 30 757 .
80 702 114 767 tt,
128 700 209 756 lebino
220 701 286 767 Dei,
299 703 333 754 nt
345 703 495 756 restituas
512 701 592 754 mibi
605 702 708 771 filium
728 715 839 764 meum,
852 702 928 768 quia
946 702 1131 757 debilitatur
1147 702 1211 768 eins
1231 713 1297 755 cor-

10 806 13 871 ]
79 814 143 869 pus.
154 804 182 854 lit
192 801 258 854 baec
269 799 365 854 diceus
377 799 459 853 tiebat
470 799 556 852 valde.
572 801 633 852 Erat
645 771 718 853 enim
732 799 759 851 in
773 800 867 861 Platio,
879 801 956 866 juxta
970 799 1083 853 fluvium
1101 801 1295 853 vicenoniae
1328 800 1458 878 “viceno-

62 906 241 959 interissem
252 899 393 964 lielanius,
404 904 582 967 prosternens
594 913 624 952 se
632 899 666 952 nd
678 913 767 967 genua
780 901 839 966 ejus
850 905 876 953 et
888 904 969 966 cenni
978 905 1004 953 ct
1019 913 1114 953 manus
1123 900 1293 965 demulcens,
1318 881 1391 920 mam
1404 868 1430 929 δ’
1442 869 1467 918 ⁸¹

84 1003 176 1056 iioebat
196 1017 203 1053 :
225 998 417 1068 confortare,
430 998 490 1066 pili,
512 1000 635 1052 tantum
655 1003 685 1051 et
705 999 804 1066 crede,
819 1001 852 1051 ut
875 998 1046 1066 impleatur
1066 1000 1208 1053 voluntas
1228 1001 1293 1051 tuo.

86 1101 149 1152 inno
158 1098 364 1166 apprehendens
376 1110 488 1150 manum
501 1097 571 1164 ejus,
584 1097 703 1150 surrexit
715 1111 797 1164 supra
809 1098 892 1164 pedes
905 1111 970 1151 suos
982 1098 1134 1151 incolumis.

112 1197 290 1251 invertente
310 1202 399 1250 autem
425 1201 556 1264 tempore,
579 1201 767 1250 convenerunt
787 1198 829 1249 vir
853 1199 898 1250 bei
920 1196 1052 1250 bleianius
1073 1204 1099 1250 ct
1120 1199 1224 1250 clectus
1248 1199 1294 1250 lici

92 1297 191 1363 llbinus,
203 1304 314 1351 sanctus
325 1297 415 1350 vietor
426 1302 509 1364 atque
529 1300 675 1362 Lautouus,
689 1297 825 1363 simulque
843 1302 954 1350 sanctus
973 1301 1085 1360 liarsus,
1099 1297 1133 1350 ad
1153 1298 1294 1352 basilicam

63 1399 84 1450 n
94 1398 234 1450 sunnebei
246 1396 394 1464 genetricis
404 1397 503 1448 itariae
523 1396 691 1463 andegavim
705 1397 797 1462 ibique
810 1397 818 1415 ⁶
829 1396 925 1449 beatus
943 1397 1075 1450 bicianius
1094 1395 1205 1450 missam
1223 1397 1292 1450 cele·
1317 1398 1429 1463 ‘itaque
1441 1398 1467 1449 i.
1548 1418 1551 1423 ·

95 1495 160 1548 imit
169 1497 194 1549 in
206 1497 293 1562 sapite
303 1495 399 1563 jejunii
412 1496 440 1547 in
453 1495 670 1563 quadragesima.
683 1498 836 1562 Antequam
853 1500 944 1550 autem
962 1499 1148 1559 recessissent,
1161 1497 1237 1551 dedit
1253 1498 1293 1549 eis

96 1594 327 1650 ionnnslielauius
338 1594 458 1664 eulogias
476 1596 526 1647 in'
543 1597 655 1648 caritate
673 1609 734 1648 cum
752 1610 802 1648 sua
820 1596 1018 1650 benedictione.
1033 1600 1128 1650 Beatus
1145 1611 1209 1652 vero
1226 1600 1293 1650 llar-
1333 1599 1415 1646 ‘cum
1429 1595 1452 1645 i.

98 1697 217 1751 sussenuit
228 1696 375 1765 eulogiam,
389 1701 415 1749 et
432 1697 582 1762 cantatem,
596 1710 649 1763 qua
667 1697 869 1750 communicare
886 1698 989 1761 debuit,
1004 1699 1032 1751 in
1049 1699 1110 1751 sinu
1130 1711 1180 1751 suo
1197 1698 1293 1751 cadere

99 1796 196 1858 permisit.
210 1795 328 1850 Oseulati
341 1799 406 1848 sunt
423 1807 452 1848 se
472 1795 589 1848 invicem
610 1800 637 1848 et
648 1794 700 1847 iter
721 1801 860 1861 ceperunt.
874 1798 931 1848 Non
953 1795 1036 1866 longe
1056 1796 1158 1849 'erant
1173 1797 1208 1849 ab
1225 1797 1293 1849 urbe
1310 1792 1438 1862 ‘longius
1450 1797 1474 1848 i.

62 1890 87 1942 ii
96 1893 263 1957 quindecimo
276 1894 403 1959 miliario,
417 1901 444 1948 et
461 1906 524 1948 ecce
542 1905 617 1947 versa
636 1899 677 1946 est
696 1894 723 1946 in
742 1894 803 1947 sinu
822 1895 902 1946 itarsi
920 1895 1026 1962 eulogia
1039 1897 1068 1949 in
1079 1895 1219 1963 cingulum
1236 1908 1292 1949 ser·

96 1994 167 2054 ossis.
178 1997 207 2048 vt
218 2001 309 2049 autem
322 1996 489 2061 cognovisse
501 1991 796 2062 ecaritateoilensum,
809 1994 969 2061 provolutus
981 1995 1014 2048 mi
1040 1997 1121 2060 pedes
1133 1996 1204 2050 besti
1217 1996 1292 2049 tiela·

96 2088 130 2156 nii,
138 2094 241 2159 qualiter
261 2094 432 2148 evenissetei
454 2092 591 2147 indicavit.
606 2092 732 2160 cogitans
753 2096 843 2145 autem
862 2094 932 2146 intra
945 2108 974 2147 se
996 2095 1091 2147 beatus
1104 2095 1240 2155 sisinnius,
1256 2096 1293 2146 ait

97 2185 124 2239 illi
137 2205 143 2241 ε
156 2193 246 2263 Perqe
266 2194 413 2250 velociter
432 2194 474 2248 od
493 2192 627 2260 fratrem
648 2206 749 2246 meunt
775 2193 928 2262 Albinum,
947 2198 976 2248 et
996 2194 1144 2262 confitere
1162 2196 1192 2248 ei
1211 2194 1293 2261 qnod

96 2287 169 2352 tristi.
181 2295 249 2349 lecit
261 2308 325 2363 ergo
338 2297 382 2348 ita.
397 2292 610 2362 Intellexitergo
622 2293 664 2346 vir
676 2294 721 2346 bei
739 2295 798 2360 ejus
811 2295 1017 2362 neglegentiam,
1031 2300 1057 2348 ct
1069 2294 1136 2348 dixit
1148 2295 1171 2347 ei
1186 2312 1192 2346 :
1213 2295 1292 2349 vade

61 2381 87 2433 ὓ)
96 2385 253 2455 odfrotrem
264 2397 406 2447 nostrum
419 2396 427 2414 '
439 2393 598 2461 Victorem,
611 2395 641 2446 et
652 2406 754 2447 norro
766 2393 796 2447 ei
807 2394 923 2448 omnib.
937 2396 969 2448 st
981 2396 1042 2449 iecit
1054 2397 1125 2448 sicut
1133 2395 1254 2462 jusserat
1268 2397 1291 2450 ei
1318 2401 1325 2418 ·
1338 2410 1429 2450 meum
1442 2399 1467 2450 t.

96 2483 176 2544 iirbei.
186 2495 263 2547 venit
275 2507 339 2561 ergo
360 2493 543 2547 cenomannis
555 2493 589 2545 ad
611 2495 719 2545 beatum
733 2494 866 2547 victorem
888 2499 915 2546 et
935 2495 1027 2548 omnia
1039 2495 1063 2548 ei
1086 2495 1186 2548 retulit.
1198 2498 1295 2550 tiemo

96 2590 220 2658 unimur
231 2594 327 2647 beatus
338 2594 428 2647 victor
442 2592 515 2659 quod
536 2590 566 2645 in
587 2605 634 2645 ore
652 2592 770 2646 duorum
792 2593 834 2646 rel
852 2594 934 2646 trium
952 2595 1061 2648 testium
1079 2607 1161 2648 omne
1179 2596 1293 2649 verbum

96 2684 464 2752 svtiirit111121terertere
485 2692 525 2746 ad
546 2691 779 2745 sanctissimum
796 2693 971 2747 antistitem
991 2693 1129 2760 fratrem
1151 2697 1293 2748 nostrum

94 2779 240 2844 telonium.
258 2791 352 2846 Credo
364 2794 399 2845 ut
409 2803 468 2860 per
478 2791 543 2857 ejus
551 2793 665 2845 merito
675 2794 704 2844 et
714 2791 966 2846 intercessionem
980 2792 1169 2848 liberaberis.
1182 2794 1294 2860 Arrepto

57 2875 85 2927 Β
95 2887 237 2947 sustinere
249 2905 312 2944 cum
326 2904 424 2960 magno
437 2891 539 2951 labore.
552 2890 719 2956 pervenitad
733 2892 842 2945 beatum
854 2892 999 2945 Melanium
1011 2894 1166 2958 seminium,
1180 2895 1294 2947 invenit·

94 2989 193 3044 vicum
205 2994 329 3044 orantem
343 2991 371 3042 in
384 2990 467 3043 Platio
479 2990 508 3042 in
521 2991 581 3056 ejus
602 2989 723 3052 basilica,
737 2996 764 3043 et
776 2991 896 3044 narravit
914 2990 938 3044 ei
951 3005 1061 3046 omnem
1075 2992 1194 3046 laborem
1213 2993 1294 3045 itine-

94 3079 168 3138 b'smi.
180 3093 253 3143 lune
266 3090 362 3143 beatus
375 3089 506 3144 itelanius
518 3090 547 3142 in
566 3091 624 3156 ipsa
642 3094 722 3144 nocte
739 3090 767 3142 in
786 3091 908 3144 oratione
924 3089 1081 3156 persistens,
1095 3092 1124 3144 in
1144 3093 1293 3146 erastinum

93 3176 142 3235 indit
152 3200 225 3256 super
238 3202 300 3243 eum
314 3188 535 3244 benedictionem
548 3203 625 3243 sitnm
636 3207 643 3255 ;
657 3194 684 3242 et
696 3203 791 3243 sersus
803 3193 811 3208 ‘
824 3195 866 3242 est
884 3204 997 3256 serpens
1016 3193 1043 3244 in
1066 3193 1207 3258 pristinam
1221 3193 1295 3246 culo·
1307 3195 1316 3216 ⁶
1329 3193 1490 3247 reversusi.

90 3276 150 3349 vim,
162 3294 185 3341 ei
196 3287 414 3344 communicatus
427 3295 468 3342 est
480 3290 576 3343 beatus
595 3291 699 3342 Marsus
718 3304 733 3342 a
754 3289 834 3342 beato
852 3288 966 3344 Melanio
984 3291 1106 3359 gaudens
1127 3293 1200 3358 quod
1218 3293 1296 3358 prius

55 3372 83 3423 ὅθ
94 3388 205 3443 unierat.

10 3456 15 3539 i
115 3482 153 3539 lb.
163 3492 233 3543 linus
246 3495 338 3543 autem
351 3502 433 3542 senex
446 3489 479 3543 de
492 3490 636 3542 venetensi
650 3489 817 3557 pigmenius
829 3489 901 3543 tilius
914 3491 1030 3544 habebat
1043 3492 1168 3556 spiritum
1181 3493 1296 3545 immun·

10 3572 13 3581 ’
91 3575 148 3649 ivm,
159 3590 264 3657 rogabat
276 3589 462 3641 beatissimum
477 3589 624 3642 antistitem
637 3588 792 3653 ltelanium,
802 3589 898 3642 dicens
911 3605 918 3642 s
931 3590 1023 3657 Sana,
1034 3603 1156 3656 quaeso,
1170 3591 1221 3644 eir
1231 3590 1295 3657 tici,

10 3758 12 3771 Ι
90 3673 172 3740 titium
181 3701 291 3755 meum,
305 3688 381 3754 qnia
393 3689 476 3742 mate
487 3701 507 3742 o
520 3688 681 3741 doemonio
693 3690 837 3741 venatur.
853 3691 973 3743 baemon
985 3702 1060 3755 sero,
1073 3692 1163 3744 sciens
1176 3691 1296 3744 futurum

90 3782 169 3847 serici,
180 3788 286 3841 seduxit
298 3800 414 3854 puerum
428 3788 457 3840 in
469 3793 604 3840 secretum
617 3787 784 3852 cubiculum,
799 3794 825 3841 et
843 3786 985 3843 suffocavit
1003 3803 1076 3855 eum,
1091 3791 1187 3858 laqueo
1208 3798 1296 3844 extor-

48 3866 283 3942 ²3v¹¹eltsaniinam
295 3889 364 3953 ejus.
380 3887 501 3954 benique
522 3891 597 3954 pater
619 3888 695 3953 pueri
717 3902 778 3940 cum
800 3888 948 3942 invenisset
967 3889 1042 3942 illum
1062 3896 1209 3957 mortuum,
1223 3891 1297 3945 licvit

89 3976 191 4052 nultum,
202 3988 325 4054 dixitque
336 3986 431 4039 amicis
442 3989 499 4039 suis
513 4005 519 4039 :
534 3987 623 4040 Ferte
635 3987 771 4041 cadaver
788 3990 853 4054 ejus
867 4006 875 4042 .·
887 3989 1006 4058 confido
1019 3990 1102 4043 enim
1119 3990 1201 4057 qnod
1209 3994 1295 4058 potc-

89 4069 123 4125 st'l
132 4088 310 4142 resuscitare
322 4087 373 4140 vir
383 4087 439 4141 Dei
450 4087 555 4141 beatus
565 4088 718 4142 Melaniae
728 4087 833 4154 filium
841 4101 951 4152 rneuin,
963 4089 1017 4156 qni
1023 4089 1192 4156 praedicet
1202 4091 1295 4144 Denm

88 4182 181 4237 term
193 4190 250 4252 Quo
263 4188 345 4251 iacto,
355 4186 567 4252 deportaverunt
579 4201 641 4240 cum
655 4193 681 4239 et
695 4194 845 4254 posuerunt
856 4194 920 4240 unte
932 4189 1041 4241 beatum
1055 4190 1203 4242 antistitem
1213 4207 1220 4255 3
1232 4203 1295 4242 nar-

89 4275 187 4348 ravitque
198 4289 222 4339 ei
234 4294 313 4353 pater
326 4287 384 4352 ejus
399 4286 516 4352 qualiter
538 4287 697 4340 interiectus
716 4294 786 4341 esset
807 4287 978 4351 ensemque,
991 4293 1019 4340 et
1035 4301 1147 4356 gemens
1168 4289 1272 4342 dicebat
1287 4305 1304 4342 ι·

45 4363 77 4414 ⁴⁰
91 4368 176 4450 Credo,
186 4386 237 4439 eir
249 4384 313 4453 Dei,
327 4388 363 4439 ut
374 4386 470 4440 ctiam
481 4399 501 4440 α
513 4389 612 4439 morte
619 4400 680 4454 per
693 4390 721 4441 te
727 4388 830 4454 possit
850 4401 1023 4455 resurqere.
1037 4391 1190 4443 Conversus
1204 4394 1293 4444 autom

88 4467 166 4534 beatus
175 4487 304 4540 ilelanius
316 4485 349 4539 ad
362 4487 492 4553 populum
505 4486 574 4540 dixit
587 4503 593 4536 :
606 4486 684 4546 Quid
693 4486 775 4540 robis
782 4488 937 4555 proderit,
948 4488 1130 4556 venetenses,
1141 4501 1210 4542 cum
1221 4488 1295 4544 baec

86 4567 256 4640 trinacris
269 4588 299 4640 et
311 4588 430 4640 ceteras
450 4586 582 4640 virtutes
592 4585 625 4638 in
637 4586 761 4640 nomine
774 4587 898 4641 Domini
915 4586 1018 4640 nostri
1034 4587 1106 4642 lesu
1130 4587 1245 4643 Christi
1261 4592 1291 4643 et
