3136 5482
462 371 554 424 eron.
573 337 657 424 uir.
676 373 793 423 rarus.
812 372 951 423 —coo.
970 370 1047 422 caes.
1308 357 1370 422 511

144 555 199 596 non
212 543 274 596 sine
285 542 403 609 quadam
422 543 540 608 tristitia,
551 541 635 594 veluti
652 546 851 594 consueverant
863 545 1037 609 peregerunt.
1053 543 1170 594 Peractis
1191 555 1255 595 vero
1266 542 1375 610 vigiliis,

143 641 174 694 ad
187 641 299 708 propria
319 645 401 693 strata
420 646 485 693 sunt
503 638 664 706 quiescendi
684 640 769 705 pratia
791 640 918 706 regressi.
931 641 1054 706 cumque
1074 640 1148 704 prior
1169 653 1199 693 se
1221 641 1249 693 in
1271 640 1372 693 lectulo

144 740 213 794 sicut
223 741 308 794 ceteri
318 740 488 804 collocasset,
498 752 562 793 ecoe
572 740 667 792 beatus
680 739 805 792 Nicotaus
817 740 842 791 ei
852 739 995 792 visibiliter
1005 740 1135 792 terribilis
1144 739 1226 812 *valde
1238 741 1374 806 apparuit,

144 841 290 908 ipsumque
304 852 354 912 pro
376 852 425 892 sua
445 839 631 892 obstinatione
652 843 736 904 atque
757 839 885 903 superbia
904 839 994 892 verbis
1015 840 1195 891 severissimis
1217 840 1376 906 increpavit,

143 944 227 1007 atque
239 953 289 1006 per
300 939 413 1004 capillos
425 952 441 991 a
452 938 523 992 lecto
537 938 710 1001 abstrahens,
723 937 877 991 dormitorii
890 939 1044 1004 pavimento
1057 939 1173 1004 collisit;
1187 938 1376 1006 incipiensque

143 1039 323 1105 antiphonam
339 1038 361 1091 0
367 1039 481 1105 pastor
492 1038 627 1098 aeternae,
641 1049 690 1103 per
702 1036 824 1105 singulas
837 1042 919 1089 notae
930 1034 1100 1089 differentias
1119 1038 1201 1104 virgis
1213 1051 1282 1104 quas
1293 1050 1377 1090 manu

141 1137 255 1193 tenebat
279 1138 453 1205 gravissimos
477 1130 547 1190 ictus
571 1150 652 1202 supra
675 1136 786 1190 dorsum
811 1136 941 1202 patientis
965 1136 1148 1204 ingeminans,
1173 1149 1222 1203 per
1247 1137 1374 1190 ordinem

141 1249 253 1291 morose
265 1236 389 1289 canendo
402 1236 436 1289 ad
449 1234 533 1289 ilnem
550 1249 637 1303 usque
651 1235 786 1302 perduxit.
801 1237 825 1288 ls
839 1240 930 1289 autem
950 1237 1033 1288 tantis
1050 1235 1140 1304 llagris
1161 1241 1188 1289 et
1199 1243 1255 1289 lam
1268 1235 1377 1291 insolita

142 1337 252 1391 visione
264 1336 400 1402 turbatus,
413 1335 533 1389 clamare
553 1336 675 1389 confusis
695 1335 808 1389 vocibus
828 1337 928 1401 coepit,
942 1335 1054 1402 suisque
1075 1336 1242 1390 clamoribus
1263 1342 1327 1391 ante
1348 1349 1378 1390 se

144 1435 243 1490 iratres
255 1435 379 1501 protinus
397 1434 536 1488 adunavit.
550 1436 635 1498 Quem
647 1439 812 1500 prostratum
833 1434 892 1487 solo
904 1440 1060 1499 sementes,
1073 1433 1140 1501 quid
1156 1434 1255 1487 viderit
1278 1435 1380 1501 quidue

145 1547 244 1601 passus
257 1534 338 1587 merit
349 1533 465 1586 sollicite
487 1534 674 1601 requirebant.
688 1537 721 1586 tlt
742 1534 797 1599 ille,
810 1538 904 1601 utpote
916 1547 1014 1586 amens
1026 1531 1148 1599 effeetus,
1162 1535 1269 1588 nullum
1288 1535 1380 1589 scisci·

144 1634 269 1688 tantillus
289 1633 375 1686 ualuit
395 1632 462 1686 dare
482 1645 655 1699 responsum.
676 1633 804 1688 sublatus
823 1638 913 1687 autem
933 1633 1047 1687 fratrum
1070 1634 1210 1699 manibus,
1230 1635 1259 1687 in
1281 1634 1377 1688 cellam

146 1730 348 1786 infirmantium
360 1731 530 1799 deportatur,
544 1731 692 1798 multisque
702 1730 800 1786 (liebus
813 1734 956 1798 correptus
973 1731 1104 1800 languore
1117 1733 1275 1800 pravissimo
1289 1737 1378 1787 custo·

145 1829 234 1884 ditur.
247 1830 285 1883 ld
300 1835 477 1897 postremum,
490 1831 584 1884 divina
596 1831 771 1884 miseratione
784 1831 894 1884 elocati
912 1831 1014 1884 Nicolal
1030 1816 1232 1886 interventione
1248 1831 1377 1899 salvatus,

148 1931 324 1999 congregatis
345 1931 475 1984 iratribus
495 1931 553 1984 ait:
574 1931 660 1996 Ecce,
683 1930 747 1999 filii
766 1929 936 1995 carissimi,
961 1930 1111 1997 quoniam
1133 1929 1217 1985 vobio
1240 1929 1380 1986 oboedire

145 2029 328 2096 contempsi,
349 2029 449 2083 durae
467 2040 530 2096 pro
551 2029 656 2083 cordio
676 2028 738 2082 mei
750 2027 877 2081 duritia
892 2041 1014 2096 pomae
1037 2029 1168 2083 eaeolvi.
1181 2029 1296 2084 amodo
1316 2041 1380 2083 aon

146 2128 252 2182 cotum
268 2127 510 2196 puoapetelatia
527 2130 693 2194 precanter
706 2141 822 2195 amnuo,
836 2139 945 2181 oerum
963 2128 1067 2194 quoad
1086 2129 1196 2183 vincera
1207 2129 1251 2183 ad
1271 2140 1382 2183 camea-

145 2227 224 2282 dam
237 2229 322 2282 tami
327 2227 437 2296 patrie
452 2227 619 2285 historiam
629 2227 883 2295 promptissimae
896 2230 990 2295 atque
997 2228 1229 2296 paratissimae
1240 2242 1302 2285 ero.

181 2327 238 2380 8⁷.
251 2327 372 2391 Quodam
393 2333 515 2394 tempore
529 2328 674 2395 episcopus
695 2329 815 2394 llyrreae
833 2326 983 2382 civitatis...
999 2325 1059 2395 (Ap.
1081 2329 1259 2395 Carminium,
1272 2344 1299 2396 p.
1318 2329 1376 2396 114,

146 2438 177 2479 ¹¹·
192 2426 246 2490 ¹⁰)-
365 2483 367 2488 ,
1276 2484 1279 2488 a

180 2523 237 2578 80.
250 2525 336 2595 lgitur
345 2539 445 2593 operae
457 2526 574 2592 pretium
587 2538 712 2579 remur...
723 2525 825 2591 (Amal.
841 2526 935 2593 Boii,
949 2532 1014 2579 tom.
1030 2527 1063 2591 ll,
1080 2540 1106 2593 p.
1121 2529 1229 2593 151113).

180 2624 237 2677 80.
249 2625 340 2677 liutitit
352 2630 492 2691 praeterea
505 2624 577 2678 alius
589 2626 661 2679 vir...
674 2626 767 2693 (ibim,
779 2640 805 2691 p.
822 2627 931 2691 liii-57).

180 2723 442 2778 commorantem
462 2723 552 2778 adhuc
572 2724 744 2792 quoddam...
765 2727 825 2791 (lp.
839 2725 1017 2793 Carminium,
1032 2741 1058 2792 p.
1073 2728 1130 2794 lit,
1153 2742 1180 2780 n.
1194 2727 1272 2782 itai
1291 2728 1377 2783 init...

142 2824 477 2891 milimiraoerim).
1040 2830 1043 2837 ·

176 2924 230 2978 81.
243 2923 391 2988 (Clausula)
407 2927 550 2978 Laelemur
572 2926 695 2992 itaque...
714 2925 805 2994 (loia,
820 2925 855 2992 fp.
875 2927 933 2992 tio,
947 2932 1015 2991 not,
1034 2941 1063 2980 n.
1081 2929 1113 2980 15
1132 2927 1215 2982 init...
1236 2928 1373 2983 Victoria

138 3023 414 3092 popalireeonat).

351 3462 528 3554 cmxii.
553 3463 678 3554 codex
698 3466 890 3578 signatus
910 3493 1023 3558 num.
1049 3468 1175 3560 5285.

172 3696 247 3750 Olim
258 3695 371 3749 loannis
384 3696 464 3749 llueis
478 3696 680 3759 Borboniensis,
695 3695 796 3749 deinde
809 3695 909 3763 Regius
920 3697 953 3748 lt.
971 3696 1030 3760 941,
1045 3698 1073 3748 P.
1089 3696 1164 3760 1464,
1177 3696 1206 3747 G.
1219 3696 1295 3748 4185.

173 3796 317 3850 Foliorum
330 3799 370 3862 ll,
384 3795 458 3849 med.
470 3797 707 3862 (aemalae),
721 3795 857 3848 columnis
870 3795 953 3858 binis,
967 3801 1094 3848 exaratus
1105 3807 1177 3848 saec.
1191 3796 1242 3849 llV.

246 3894 286 3970 1ο
302 3893 397 3994 [Vita
422 3894 543 3972 sancti
563 3894 705 3972 iuliani
724 3893 898 3995 episcopi
930 3891 1271 3993 Cenomannensis]
1289 3891 1369 3988 (fol.

297 4017 417 4119 li-9l).

170 4154 297 4206 Auctore
308 4150 449 4215 lethaldo,
461 4150 505 4203 ed.
519 4151 584 4204 Aci.
597 4150 654 4218 SS,
670 4149 704 4202 ail
717 4150 745 4203 d.
758 4149 790 4202 27
802 4152 874 4216 iam,
888 4154 954 4201 torn.
968 4150 1001 4211 ll,
1014 4164 1041 4215 p.
1056 4149 1160 4201 lii-il.

245 4247 499 4349 milipedam
517 4249 705 4326 miracula
722 4256 812 4348 post
831 4245 1009 4346 moriem]
1027 4246 1108 4343 (fol.
1131 4245 1281 4342 ill-lli).

165 4385 274 4442 Adhuc
286 4381 400 4447 inedita,
414 4383 443 4434 ni
456 4381 584 4434 fallimur.
599 4383 693 4448 ltaque
707 4394 738 4433 ea
751 4381 794 4432 liic
807 4379 940 4432 exhihere
952 4379 1041 4431 visum
1055 4382 1105 4430 est.

613 4594 923 4604 ——.—-.
