3136 5482
638 340 764 389 caran.
783 311 884 391 copo.
904 339 1077 390 asmona.
1097 338 1178 389 nar.

435 514 474 583 et
491 506 630 584 ceteris
657 507 762 608 apud
779 488 982 587 Divionem
1001 507 1136 586 locatis
1150 507 1293 586 sanctis
1306 506 1430 585 refert
1442 506 1526 605 (iol.

438 628 610 716 {itit-lbi).

320 763 360 814 lix
371 759 492 829 Gregorii
504 762 552 814 lib.
565 764 575 813 l
589 762 631 814 De
642 763 721 828 plor.
736 765 832 816 mort.
845 775 904 827 cap.
917 764 947 816 itt
962 761 1006 826 (de
1017 764 1044 815 S.
1056 760 1186 829 Benigno)
1197 765 1225 815 et
1235 762 1283 814 lib.
1294 762 1339 815 De
1348 762 1527 829 plcancont.

288 872 366 925 capp.
380 861 413 912 ta
424 859 467 923 (de
479 859 582 912 Hilario
592 862 727 925 senatore)
739 865 766 913 et
776 863 809 914 45
818 860 863 925 (de
875 862 921 913 SS.
935 859 1043 915 Florida
1058 866 1086 914 et
1097 860 1242 921 Poscasia).

384 957 423 1034 b
436 956 631 1035 Vitabcati
641 958 802 1036 Romani
813 958 1097 1060 archiepiscopi
1107 957 1525 1059 [Rotomagensistcfol.

391 1184 394 1189 θ
437 1079 614 1178 lli-llil).

319 1218 435 1269 Auctore
447 1214 577 1281 (tommo,
591 1228 623 1268 ex
636 1221 712 1281 parte
730 1214 773 1268 ed.
791 1217 857 1269 Act.
881 1215 940 1277 SS..
958 1214 1003 1268 ad.
1022 1215 1050 1268 d.
1063 1216 1097 1269 23
1113 1217 1182 1281 Oct,
1202 1220 1267 1268 tom.
1288 1217 1318 1283 ll,
1338 1230 1364 1283 p.
1385 1218 1475 1271 tlt-ss.
1490 1219 1529 1271 Ex

287 1320 372 1381 parte,
387 1315 498 1381 inquam
513 1331 519 1366 ε
534 1327 597 1367 nam
609 1314 694 1368 codex
707 1314 955 1380 liubeaesallensis‚
980 1325 1063 1380 quem
1075 1313 1163 1367 solum
1175 1311 1301 1367 adhibuit
1313 1314 1424 1384 collega
1442 1328 1530 1383 quon·

286 1415 349 1468 uam
362 1421 458 1468 noster
468 1416 601 1481 losephus
613 1417 669 1468 van
683 1415 780 1479 llecle,
794 1427 849 1468 non
861 1427 949 1481 pauca
961 1416 991 1467 in
1004 1417 1053 1468 bac
1066 1415 1124 1468 liita
1136 1415 1395 1482 paetermisit,quae
1404 1418 1462 1483 jam
1478 1418 1529 1469 boc

288 1515 348 1567 ioco
360 1526 393 1567 ex
406 1513 552 1567 parisiensi
564 1513 659 1567 codice
672 1513 840 1579 supplemus.
854 1513 911 1567 tid.
925 1512 1049 1581 Append.

383 1614 420 1689 5⁰
440 1613 524 1692 Vita
543 1613 677 1691 heatae
695 1612 835 1690 Mariae
852 1613 1107 1714 Aegyptiacae
1122 1613 1304 1692 translata
1319 1612 1371 1691 de
1386 1638 1529 1715 graeco

435 1737 475 1813 in
494 1736 659 1815 latinum
677 1736 758 1835 (fol.
780 1736 950 1835 tir-581).

319 1871 411 1923 versio
424 1870 509 1923 latina
520 1869 628 1923 diversa
640 1869 675 1922 ab
688 1869 722 1922 iis
735 1882 807 1936 quae
823 1870 914 1923 editae
929 1874 994 1923 sunt
1006 1872 1034 1923 Ρ.
1049 1870 1090 1936 b,
1103 1874 1169 1924 tom.
1184 1871 1294 1935 lxxiii,
1308 1885 1338 1937 p.
1350 1874 1451 1926 till-w
1463 1880 1492 1927 et
1504 1876 1531 1927 in

286 1967 364 2023 Bibl.
383 1968 483 2023 Casio.
497 1973 562 2024 tom.
577 1971 620 2036 lll,
635 1969 725 2022 Floril.
740 1984 767 2036 p.
781 1970 881 2023 mbr».
895 1968 1026 2036 Prologus
1035 1970 1307 2036 praetenuissusest.

636 2388 844 2501 Appendix
863 2329 918 2477 cd·
932 2389 1018 2477 cod.
1046 2389 1168 2477 1805.

561 2623 648 2687 vrri
665 2621 699 2688 S.
720 2623 855 2688 lionam
872 2623 1133 2688 Rouounonnsrs
1148 2640 1250 2688 asca.

327 2813 400 2866 Post
411 2810 581 2877 epistulam
598 2809 826 2863 dedicatoriam
843 2809 907 2874 (ubi
922 2811 1016 2863 nulla
1037 2809 1275 2871 lectiocoricue
1298 2814 1418 2868 notatu
1436 2814 1530 2880 diprm

293 2910 442 2975 occurrit)
453 2908 605 2975 sequitur.

325 3008 442 3072 Incipit
454 3008 606 3072 prologus
617 3007 688 3058 slve
700 3007 862 3070 praefatio
873 3006 908 3058 in
918 3007 991 3060 vito
1001 3007 1091 3061 beuti
1106 3007 1246 3061 Romul
1257 3009 1499 3077 nonunt-copi

501 3109 534 3159 et
546 3105 743 3173 contessoris,
755 3105 897 3171 episcopi
907 3109 939 3159 et
951 3106 1143 3160 oontmorls
1154 3106 1277 3160 Christi
1286 3110 1304 3161 ⁸.

325 3211 486 3260 sanctorum
499 3210 605 3272 patmm
618 3206 696 3268 vitas,
719 3206 814 3257 tratres
832 3206 974 3267 carissimi,
994 3207 1075 3260 totius
1093 3207 1157 3259 anni
1176 3220 1225 3273 per
1240 3208 1329 3273 spatia
1342 3211 1485 3264 revolutas
1507 3223 1522 3262 a

292 3309 371 3362 nobis
391 3307 474 3360 unius
495 3303 579 3357 moris
599 3306 743 3358 deuotione
765 3304 905 3358 celebrare
923 3310 1040 3371 oportet,
1059 3307 1190 3372 quoniam
1208 3307 1402 3371 spectaculum
1421 3308 1523 3363 mundo
1562 3322 1567 3369 ζ

293 3410 427 3475 nobisque
448 3408 584 3460 scelerum
612 3406 800 3471 pressionibus
823 3403 961 3459 suffocatis
987 3407 1050 3459 tacti
1072 3410 1137 3459 sunt
1158 3423 1165 3459 :
1185 3410 1321 3473 quatenus
1344 3416 1523 3463 recensentes

291 3519 387 3561 eorum
400 3505 530 3557 immania
549 3509 747 3581 tormentorum
768 3502 937 3569 discrimina,
959 3508 1093 3571 quantum
1113 3504 1270 3570 pusillitatis
1291 3511 1406 3560 nostrae
1424 3507 1526 3561 obtinet

291 3609 367 3675 uigor
378 3605 477 3657 imitari
491 3608 644 3671 satagamus
658 3602 852 3656 inenarrabilia
865 3603 974 3656 illorum
996 3605 1117 3673 uestigia.
1136 3606 1175 3658 lix
1188 3608 1197 3626 ·
1210 3618 1329 3672 quorum
1348 3607 1453 3662 eximio
1468 3620 1525 3662 oon·
1564 3642 1567 3653 .

293 3707 418 3762 tubernio
430 3704 519 3757 extitit
530 3703 642 3756 lucerna
656 3703 760 3755 micans
772 3716 855 3769 supra
866 3703 1064 3757 candelabrum
1089 3710 1118 3757 ut
1133 3705 1321 3773 gradientibus
1342 3706 1379 3759 ad
1402 3709 1473 3762 coeli
1485 3722 1524 3760 su·

290 3819 354 3873 pera
367 3805 455 3858 lucem
477 3801 537 3855 viae
558 3800 691 3867 panderet
703 3806 802 3865 rectae,
827 3802 931 3855 scilicet
949 3803 1045 3856 beatus
1067 3804 1216 3869 Romanus,
1239 3804 1319 3870 cujus
1332 3811 1366 3858 ut
1377 3814 1460 3860 actus
1471 3819 1525 3875 pro

292 3909 379 3968 inunt,
393 3906 446 3956 beo
465 3901 532 3955 caeli
545 3901 670 3954 amabilis
691 3900 788 3963 tactus,
808 3907 869 3967 post
892 3902 964 3954 uitae
983 3905 1082 3955 metam
1102 3914 1250 3968 supernam
1268 3902 1390 3970 adeptus
1402 3906 1524 3972 patriam,

292 4004 370 4056 nobis
380 4002 448 4069 jugi,
461 4001 482 4053 si
496 4012 649 4065 precamur,
670 3998 758 4052 aderit
779 4000 808 4051 in
828 4000 941 4053 auxilio.
964 4001 1001 4052 lix
1022 3999 1196 4068 quibusejus
1220 4002 1378 4056 sanctitatis
1395 4004 1524 4072 operibor
1560 4038 1564 4061 ÷

292 4114 377 4168 pauca
390 4100 453 4153 stilo
465 4098 698 4164 comprehendere
710 4110 781 4164 quae
792 4100 876 4164 gessit
895 4097 925 4152 in
943 4099 1056 4164 mundo,
1069 4101 1231 4167 praesertim
1248 4114 1313 4155 cum
1326 4103 1420 4169 palam
1435 4114 1523 4171 pauct,
1559 4144 1563 4161 ,

292 4201 408 4267 plurima
432 4200 517 4268 aperit
539 4199 567 4251 in
588 4198 680 4251 abdito
702 4202 755 4252 beo
777 4200 845 4258 solo.
868 4201 946 4266 cujus
965 4198 1034 4252 illud
1055 4198 1149 4253 cordis
1166 4199 1354 4255 revolvensin
1367 4203 1444 4271 imis,
1457 4200 1524 4271 quod
1558 4240 1562 4262 ,

293 4300 457 4365 quicumque
470 4299 525 4350 lieo
538 4298 645 4352 nisibus
656 4311 718 4352 cum
732 4299 794 4353 totis
806 4313 856 4364 per
868 4300 953 4366 spatia
967 4299 1049 4352 totius
1061 4300 1133 4352 uitae
1151 4298 1322 4365 militaverit,
1338 4302 1438 4367 procul
1449 4301 1525 4355 dubi·

292 4394 420 4463 gaudebit
444 4397 473 4449 in
493 4395 557 4449 tine
574 4397 640 4449 Boni
661 4397 752 4460 operis
772 4409 891 4462 namque
911 4395 1058 4449 exordium
1083 4408 1139 4450 non
1159 4397 1267 4463 absque
1288 4396 1387 4453 labore
1404 4401 1525 4463 sumitur,
1554 4448 1564 4465 ,,

293 4494 422 4559 quoniam
434 4499 492 4547 arta
505 4499 531 4547 et
543 4500 658 4562 augusta
671 4499 712 4547 est
724 4496 766 4547 uia
786 4508 857 4562 quae
878 4494 953 4548 ducit
964 4495 1000 4548 ad
1019 4495 1102 4547 vitam
1117 4511 1124 4547 ι
1137 4506 1220 4562 quam
1232 4501 1350 4549 sanetus
1363 4500 1473 4553 bomini
1485 4500 1528 4552 ltc-
1558 4552 1561 4557 .

294 4608 391 4649 manus
411 4600 470 4661 post
490 4596 626 4661 abjectum
646 4596 727 4661 butus
748 4593 874 4647 mortitici
896 4594 998 4649 saeculi
1017 4595 1187 4665 ergastulum
1208 4594 1336 4651 creditur
1348 4600 1529 4665 promeruisse
1557 4658 1560 4663 ,
