3136 5482
159 336 226 404 554
511 352 637 405 caum.
655 352 757 405 coba.
774 351 949 403 simoen.
967 349 1049 401 aar.

162 523 278 588 somnio,
289 522 418 589 quatinus
431 522 518 575 sancti
531 522 624 575 Fursei
635 522 783 588 patrocinia
795 519 965 575 obsecrando
977 517 1121 573 deveniret
1132 517 1167 570 ad
1186 515 1369 582 bmina‚ibique

163 622 268 675 crebris
279 621 432 689 vigiliarum
445 621 706 687 pernoctationibus,
720 620 771 687 piis
783 632 893 687 quoque
905 617 1019 686 rigando
1040 617 1125 670 malas
1145 616 1310 668 lacrimarum
1322 613 1368 667 lm·

163 723 246 787 tibus,
268 735 316 787 per
336 720 510 787 adipiscenda
530 720 637 787 sibique
656 719 796 786 quondam
816 724 906 786 optata
925 718 1089 786 gaudiorum
1108 714 1209 783 gaudia
1229 713 1368 768 laetabunda

163 821 320 876 convolaret
338 820 373 873 ad
393 820 514 886 propria.
527 819 580 872 sed
601 832 664 873 cum
683 832 734 873 nec
754 831 804 872 suo
822 819 930 872 sibimet
942 820 1151 884 prosperaretur
1173 814 1368 881 adjumentonec

163 933 303 975 servorum
315 920 449 986 potiretur
461 918 662 986 supplemento,
676 919 735 972 voci
748 917 923 972 melodimate
934 917 986 970 sibi
999 916 1090 969 dulcia
1103 914 1241 968 intonanti
1258 911 1391 980 sequani-l

164 1022 215 1075 bus
228 1020 349 1087 nequivit
362 1019 527 1086 applaudere
540 1020 626 1072 iactis.
641 1021 708 1073 cum
730 1020 812 1087 igitur
831 1018 913 1072 tantis
931 1016 1066 1071 malorum
1088 1014 1248 1068 turbinibus
1259 1012 1369 1075 veluti‚ut

163 1122 199 1175 ita
216 1121 341 1186 dixerim,
355 1122 436 1190 gultis
456 1121 610 1188 pluviarum
629 1124 852 1188 praegravaretur
870 1118 1076 1184 crepitantibus,
1096 1115 1151 1170 tide
1171 1123 1264 1186 tamen
1277 1111 1370 1181 pollebat

163 1222 287 1275 interius.
310 1224 399 1275 Unum
417 1221 509 1289 itaque
527 1221 666 1274 servulum
686 1220 737 1273 sibi
756 1221 920 1273 servientem
939 1219 1059 1272 votivum
1077 1216 1144 1270 satis
1162 1216 1368 1280 babebatzqucb

163 1321 378 1401 accersiendum¹
396 1323 512 1388 imperat
533 1323 613 1388 eique
641 1322 751 1374 conscia
771 1320 940 1374 nocturnalis
962 1318 1077 1372 visionis
1099 1329 1202 1370 arcana
1226 1309 1370 1369 consiliando

163 1398 286 1487 replicat.
307 1422 384 1473 llunc
405 1433 515 1488 quoque
536 1419 569 1473 ad
591 1419 717 1489 llorigera
738 1421 826 1473 sancti
846 1420 897 1472 riri
919 1417 1037 1485 hospitia
1058 1416 1225 1483 spiritalium
1245 1404 1400 1467 momamult

163 1532 263 1586 vapore
282 1519 414 1572 turillcata
432 1519 506 1572 fideli
530 1521 629 1572 mentis
647 1520 818 1587 professione
835 1518 952 1587 delegat,
964 1518 1090 1584 votisque
1109 1516 1178 1582 petit
1195 1514 1295 1567 intimis
1309 1513 1368 1564 uter

164 1617 237 1670 illius
249 1617 338 1672 devoti
351 1619 458 1684 patroni
480 1620 594 1688 eulogiis
608 1621 748 1687 quippiam
761 1619 812 1672 sibi
831 1617 990 1672 asciscendo
1008 1617 1124 1670 delerat.
1138 1619 1197 1670 lloc
1213 1626 1316 1682 quoque
1328 1619 1369 1677 qut

163 1714 258 1770 adorta
270 1724 328 1770 erat
339 1719 396 1784 spel
413 1724 474 1772 vota
492 1720 647 1773 babituram
666 1733 696 1772 se
708 1732 786 1772 servo
799 1719 918 1772 abeunte
932 1716 1069 1770 credebat.
1083 1715 1134 1779 Qui
1147 1727 1198 1782 pro
1217 1713 1310 1766 meritc
1320 1718 1368 1762 suet

165 1814 300 1869 fidelitatis
320 1817 398 1870 titulo
418 1819 562 1872 commissa
580 1818 696 1871 ddeliter
708 1818 837 1871 insistens
859 1817 977 1884 negotio,
991 1814 1077 1882 magis
1089 1813 1183 1868 uobtu
1195 1811 1297 1879 pernici
1308 1819 1368 1875 qum

164 1928 246 1968 cursu
259 1915 391 1968 testinans
403 1919 517 1982 perpeti,
532 1917 657 1970 mirabile
669 1917 753 1978 dictu,
764 1917 863 1970 notatis
875 1916 975 1969 assistit
986 1913 1139 1967 luminibus
1150 1909 1298 1979 perspicuis
1309 1900 1399 1960 merl-ll

166 2018 256 2066 torum
267 2015 455 2068 interstellatis
467 2016 647 2082 lampadibus.
661 2019 775 2083 lloxque
792 2016 931 2069 interioris
947 2014 1042 2067 arcani
1060 2013 1171 2065 conscia
1189 2010 1293 2064 cuidam
1311 2002 1366 2059 batti

166 2112 291 2181 palificat,
303 2116 350 2181 qui
363 2113 449 2181 ipsius
461 2117 515 2168 vim
528 2117 668 2188 regiminis
686 2115 875 2182 principaliter
895 2113 1035 2167 obtinebat
1047 2113 1111 2165 loci.
1125 2112 1225 2178 Slcquc
1244 2108 1308 2163 votis
1322 2118 1367 2170 sup

164 2211 290 2278 plicibus,
302 2214 417 2267 haerens
426 2215 485 2268 solo
497 2202 660 2282 genutenus,
673 2216 758 2282 petita
767 2227 833 2268 suae
842 2213 969 2267 dominae
981 2213 1027 2265 tali
1042 2212 1126 2265 retert
1137 2208 1283 2262 attaminet
1298 2207 1318 2260 0
1325 2203 1367 2272 plot

165 2314 362 2367 venerandae
382 2311 492 2367 senilis
518 2314 665 2381 canitiei,
690 2314 725 2367 in
747 2326 806 2381 qua
829 2313 949 2367 caelica
972 2310 1109 2379 sasiipia
1137 2308 1233 2376 hiacus
1254 2307 1368 2362 Maca

166 2411 337 2478 dependent
356 2412 515 2481 basilicae,
534 2414 637 2468 nostri
651 2416 802 2482 precatus
830 2412 990 2468 obsecrata
1016 2409 1124 2463 intimi
1143 2408 1248 2464 cordas
1268 2396 1398 2473 aapctlss

164 2512 397 2578 praeropativa.
420 2512 602 2583 Multifario
625 2512 816 2566 miserabilis
838 2510 1058 2567 obsecrationis
1082 2510 1174 2563 cultu
1198 2500 1368 2562 lamentabili

167 2607 312 2662 dominae
322 2612 448 2663 nostrae
459 2609 681 2677 multipliciter
695 2610 842 2663 luriditur
848 2612 968 2678 pectus,
979 2609 1142 2674 immodice,
1154 2609 1191 2660 ut
1202 2617 1271 2659 aere
1278 2601 1368 2672 smair,

167 2705 234 2770 dus
245 2708 359 2760 carecta
370 2707 460 2761 vario
471 2708 642 2762 miscentur
653 2708 779 2762 moenia
792 2709 888 2774 luctu,
901 2706 1089 2774 fluctuantis
1100 2703 1263 2771 languoris
1271 2700 1370 2755 mimi

167 2805 225 2859 bili
235 2806 345 2873 fluctu.
362 2808 556 2876 Quapropter
573 2808 681 2862 aureis
701 2809 863 2875 anpelicae
873 2809 943 2861 viae
955 2807 1067 2861 haereo
1084 2804 1235 2873 uestigiis,
1247 2799 1370 2871 meatim

168 2907 478 2972 epatroeinantibus
502 2908 606 2960 sancti
623 2908 731 2974 patris
754 2908 885 2973 eulogiis
910 2906 1073 2974 quippiam
1097 2904 1167 2969 sibi,
1181 2904 1234 2957 sui
1252 2890 1400 2954 ntiserltltss

170 3004 365 3071 incommodi,
379 3006 493 3059 ascisci
499 3007 651 3073 patiaris.
661 3008 731 3074 Spei
739 3008 852 3074 quippe
863 3005 1055 3060 subarrhata
1067 3005 1179 3068 anicla,
1190 3003 1287 3070 ipsius
1297 2993 1372 3055 credi!

169 3104 382 3171 redinteprari
401 3105 549 3159 subsidia.
569 3110 593 3159 ls
608 3120 673 3159 vero
698 3107 781 3158 irater
799 3107 897 3159 talibus
915 3105 1034 3159 oraculis
1052 3103 1113 3156 intlt
1132 3104 1186 3156 sibi
1204 3094 1370 3169 proloqueni:

178 3202 259 3270 Vale,
272 3203 487 3271 banejuoenis,
501 3205 535 3256 iu
547 3205 662 3257 ultima
674 3208 756 3258 sorte
767 3207 948 3259 sanctarum
962 3203 1114 3258 locandas
1124 3215 1184 3268 per
1196 3200 1304 3254 merita
1315 3202 1373 3264 pult

171 3302 336 3369 fidelitatis
358 3304 450 3357 titulo
467 3303 603 3371 pulchro
622 3307 726 3372 pestus
747 3305 781 3357 in
806 3305 921 3358 animo.
942 3305 1049 3357 Valeat
1069 3314 1177 3369 sospes
1198 3301 1318 3355 dontina
1331 3301 1373 3361 ptr

173 3414 297 3455 summa
320 3403 434 3456 Christi
453 3416 595 3470 munera,
611 3405 744 3457 laetetur
765 3404 879 3471 optatis
899 3403 981 3456 vitae
1001 3402 1088 3456 bonis
1107 3414 1146 3454 ac
1163 3400 1267 3453 sancti
1285 3384 1400 3450 Fursdil

174 3501 278 3553 laude.
293 3503 377 3561 Quod
395 3505 500 3555 aretem
517 3503 595 3556 votis
613 3503 766 3569 inspicias
782 3502 970 3570 sollertibus,
983 3501 1100 3569 aptatis
1118 3500 1176 3553 tibi
1193 3513 1254 3553 non
1274 3495 1371 3564 qrcirnor

172 3603 366 3668 applaudere
375 3602 540 3669 effectibus.
552 3602 743 3670 iliultifariis
752 3603 905 3670 siquidem
916 3602 1035 3655 nimiae
1045 3599 1238 3667 tempestatis
1247 3593 1371 3652 cladibus,

172 3700 282 3768 quibus
300 3702 395 3755 etiam
415 3701 583 3770 srupiferis
603 3716 724 3768 edemus
745 3702 934 3768 adjumentis
952 3700 1218 3769 pertristibasque
1242 3695 1370 3751 hennum

172 3803 364 3855 intersumus
385 3803 589 3865 detrimentis,
610 3802 779 3870 soporiferi
793 3802 861 3855 vt'ltt'
877 3815 1021 3856 carcinus
1038 3798 1303 3867 opitulationibus,
1314 3785 1371 3860 quod

172 3901 214 3954 od
233 3904 343 3955 salicta
364 3902 536 3954 missarum
556 3901 751 3954 charismata
766 3901 844 3968 piae
863 3899 1033 3954 devotionis
1052 3898 1162 3965 pratia
1179 3898 1234 3951 aaa
1250 3877 1398 3963 praecutit³³

172 4001 338 4054 siihsistere
358 4015 429 4054 curn
451 4002 602 4054 immensa
621 4003 803 4069 pratiarum
825 4001 955 4055 actione.
972 4003 996 4053 ls
1013 4013 1078 4053 uero
1098 4013 1206 4064 servus,
1219 3986 1368 4061 exspectabili

173 4099 300 4152 dominae
312 4101 411 4152 anxius
426 4101 548 4152 fortunae
561 4115 649 4161 casus,
662 4107 690 4152 ut
709 4101 861 4153 excusantis
880 4100 1012 4166 comperit
1032 4099 1197 4165 aenigmata,
1210 4095 1254 4148 tali
1266 4089 1366 4146 exclamat

174 4199 261 4249 intimi
274 4196 385 4251 ad'ectds
398 4200 568 4264 querimonia
583 4216 588 4251 :

370 4300 479 4352 ,laurete
486 4302 581 4365 pater
593 4299 723 4365 meritis,
736 4299 845 4351 niiseri
856 4311 895 4350 ue
906 4297 1028 4363 despice
1039 4297 1124 4350 serui

370 4398 528 4464 Flumina,
541 4411 621 4463 quae
632 4397 718 4450 tristi
728 4397 868 4463 refluunt
880 4396 918 4448 de
931 4395 1050 4447 liciniae
1061 4394 1174 4461 cordis,

370 4496 426 4548 Sed
439 4497 584 4548 deutrum
596 4495 710 4548 misero
721 4493 838 4561 coinfer,
847 4493 978 4560 pietatis
991 4494 1125 4559 ornatur,

373 4597 409 4649 Et
420 4594 517 4663 fontis
531 4596 631 4649 lucidi
641 4596 753 4647 saltem
765 4592 844 4646 ricini
854 4593 977 4646 maenia
984 4592 1103 4659 paride,

1371 4370 1388 4420 ω
1406 4448 1408 4469 l
