3136 5482
168 324 236 390 582
517 338 639 389 carru.
658 338 761 388 cono.
779 336 954 387 chorona.
972 338 1053 388 nar.

168 507 328 564 nominibus
350 508 459 560 illorum
484 522 571 573 usque
592 507 673 559 hodie
695 506 859 560 uocabulum
883 507 1066 560 retinuerunt.
1089 507 1156 561 lnde
1169 508 1368 577 quequeinpap

170 610 314 677 bagassino
327 611 451 674 superest
469 606 558 659 adhuc
577 606 766 671 antiquissima
779 605 902 672 ecclesia,
925 606 1064 671 sepultura
1078 606 1227 660 multorum
1243 611 1369 659 sanetomrn

169 707 329 771 reverenda,
351 719 422 773 quae
442 706 476 758 de
496 706 628 757 memoria
649 704 760 756 illomm
783 704 874 771 Apud
894 704 971 758 duos
987 705 1133 772 gemellos
1155 711 1196 759 est
1212 704 1369 760 denominata.

170 805 347 873 Exigentibus
358 817 423 857 vero
436 804 618 856 habitatorum
631 803 728 869 culpis,
742 814 840 869 magna
853 807 880 855 et
892 815 1038 857 numerosa
1049 802 1159 855 virtutis
1181 816 1245 857 suae
1263 804 1370 872 reliquere

167 904 280 972 vestigia
293 917 363 971 quae
375 904 404 955 in
418 903 516 955 deserti
530 903 705 955 solitudinem
719 906 783 955 sunt
793 901 913 956 redacta.
1381 905 1392 956 i

199 1006 249 1057 14.
264 1003 333 1056 lllud
345 1016 455 1069 qnoque
477 1015 532 1055 non
547 1002 729 1055 omittendum
742 1003 928 1067 aestimamus,
941 1002 1016 1069 quod
1027 1003 1109 1056 ambo
1122 1004 1212 1057 adhue
1224 1004 1252 1056 in
1264 1005 1311 1057 rita
1320 1005 1370 1057 lom·

168 1104 230 1156 liter
243 1103 332 1168 positi,
348 1102 403 1168 jam
423 1100 590 1166 apparebant
611 1099 685 1160 alibi,
700 1099 728 1150 ln
747 1099 876 1164 perieulis
895 1099 1008 1153 evocati.
1023 1100 1145 1164 Quadam
1163 1114 1280 1168 namque
1295 1108 1372 1168 tempe

169 1206 248 1265 state,
261 1201 326 1252 dum
340 1206 449 1263 naulae,
464 1198 669 1266 insurgentibus
681 1198 780 1263 ventis,
793 1196 985 1250 collidentibus
996 1198 1120 1264 undique
1138 1201 1264 1265 procellis
1281 1202 1306 1253 in
1321 1201 1371 1252 man'

166 1300 329 1367 deprehensi
352 1300 477 1362 fuissent,
490 1304 518 1351 et
537 1299 571 1351 dc
593 1297 773 1350 familiaritate
797 1299 919 1365 cognitos
940 1305 1050 1352 sanctos
1068 1299 1239 1366 invocarent,
1251 1313 1308 1353 ecce
1322 1299 1372 1351 aller

166 1401 275 1454 illorum
288 1402 316 1452 in
337 1401 431 1466 puppi,
445 1399 514 1452 alter
536 1399 563 1450 in
584 1411 674 1464 prora,
688 1403 792 1451 stantes
813 1401 944 1464 apparent
964 1403 991 1450 et
1012 1399 1114 1466 singuli
1135 1408 1299 1453 armamenta
1313 1400 1370 1451 narb
1382 1400 1401 1450 ll

164 1500 241 1566 quasi
255 1499 354 1553 curiosi
368 1503 492 1560 tractant,
507 1498 647 1550 hortantes
668 1497 778 1549 timidos
790 1510 825 1549 ne
848 1497 971 1561 timeant,
987 1498 1052 1563 quia
1073 1511 1136 1550 mox
1155 1499 1184 1551 in
1205 1507 1305 1565 portum
1319 1506 1370 1550 tran·

161 1599 302 1666 quillilalis
324 1597 480 1651 advenient.
494 1600 546 1650 Res
559 1597 768 1662 promissionem
790 1597 926 1662 sequitur,
937 1602 965 1649 et
983 1597 1071 1664 erepti
1094 1598 1128 1650 de
1148 1598 1370 1666 naubagiosecura

164 1698 280 1750 statione
293 1697 431 1749 fruuntur.

195 1796 245 1848 15.
259 1798 296 1848 Eo
309 1800 431 1860 tempore
443 1795 553 1847 tenebat
564 1793 736 1847 Gradolonus
756 1794 813 1847 dux
835 1795 956 1863 regimen
969 1795 1126 1849 Britanniae
1139 1801 1167 1849 et
1185 1800 1291 1850 sanctus
1306 1794 1367 1849 Patri·

162 1895 220 1948 cius
232 1895 261 1946 in
281 1896 370 1947 scotia
392 1894 548 1959 plenissima
570 1893 690 1960 fulgebat
709 1894 818 1947 virtute.
833 1896 951 1957 Quorum
974 1895 1147 1949 Gradoloaus
1167 1897 1269 1949 sanetis
1290 1891 1399 1948 noedstt

163 1994 344 2060 praesentiam
358 2007 435 2046 suam
448 1992 579 2055 exhibuit,
593 1997 621 2044 et
632 1992 827 2046 facundissima
845 1995 1048 2059 praedicatione
1065 1997 1243 2059 ammonitus,
1257 1991 1368 2062 usquead

162 2098 262 2146 terram
275 2098 356 2159 caput
369 2092 525 2150 humilians,
540 2093 664 2157 promisit
676 2106 705 2145 se
718 2093 746 2145 in
765 2098 902 2159 posterum
926 2095 1071 2147 rectiorem
1084 2096 1167 2148 vitam
1181 2100 1273 2149 tenere
1284 2102 1308 2148 et
1323 2092 1367 2171 teri

163 2208 225 2246 nam
238 2193 425 2246 crudelitatem
438 2206 491 2259 qua
504 2199 584 2246 antea
597 2193 736 2246 ferbuerat
748 2193 897 2259 deponere.
912 2195 1026 2248 Sanctus
1044 2209 1109 2248 rero
1129 2197 1262 2250 Patricius
1274 2191 1368 2263 splendi-

162 2292 290 2345 dissimus
302 2292 329 2343 in
343 2297 423 2344 noete
436 2292 490 2344 illis
503 2292 638 2358 apparuit,
652 2298 679 2345 et
690 2297 719 2344 ul
732 2293 872 2358 inceptum
891 2294 1059 2359 propositum
1079 2300 1283 2361 exequerentur
1294 2294 1368 2347 exhor·

162 2396 242 2459 tatus,
256 2404 371 2444 coronas
383 2404 449 2445 suae
461 2404 578 2445 coronae
591 2391 753 2457 coaequales
776 2392 804 2444 in
817 2392 925 2445 caelesti
946 2393 1057 2461 regione
1069 2393 1124 2446 illis
1142 2400 1310 2461 praeparatas
1324 2388 1399 2458 proi)

165 2491 293 2555 phetavit.

195 2590 245 2641 16.
258 2591 345 2642 Nostri
358 2601 432 2655 ergo,
445 2588 480 2640 de
500 2588 600 2654 quibus
620 2588 702 2640 locuti
720 2603 825 2653 sumus,
838 2589 950 2656 gemini,
963 2590 1071 2658 gemina
1092 2593 1206 2646 caritate
1224 2593 1317 2656 ornati,
1327 2592 1368 2657 jan

162 2697 235 2742 terra
254 2689 377 2755 marique
399 2687 499 2753 cogniti
523 2692 550 2739 et
569 2688 712 2754 usquead
733 2689 823 2741 sidera
844 2689 996 2749 notissimi.
1018 2696 1087 2756 quot
1106 2691 1179 2745 vitae
1201 2696 1327 2745 momenta
1340 2693 1370 2740 tol

163 2788 282 2840 habuere
295 2786 452 2839 caelestium
464 2786 596 2839 sactorum
609 2787 692 2847 dona,
706 2788 866 2853 praesertim
880 2801 942 2841 cum
960 2788 1029 2840 nibil
1047 2790 1082 2841 sit
1094 2789 1169 2843 aliud
1182 2791 1291 2844 illorum
1300 2789 1369 2841 viram

161 2900 243 2953 quam
256 2887 491 2950 incircumscripto
502 2887 611 2951 spiritui
625 2886 783 2953 adhaerere,
797 2888 936 2952 Scriptura
948 2872 1075 2940 dicente:
1091 2889 1150 2948 Qui
1161 2889 1307 2943 adhaeret
1316 2881 1401 2946 ileo&

161 2999 244 3038 cereces
256 2984 388 3051 spiritus
401 2987 455 3037 cal.
469 2988 499 3036 Et
521 2985 582 3038 ideo
594 2991 669 3053 gesta
682 2985 791 3037 illorum
805 2999 860 3039 non
874 2987 981 3053 longius
998 2989 1202 3053 prosequimur,
1215 2990 1278 3054 quia
1290 2989 1309 3040 si
1324 2998 1371 3037 con·

161 3085 335 3137 tenderemus
349 3084 394 3136 illa
409 3085 441 3136 ad
463 3086 574 3150 plenum
597 3086 787 3151 perstringere,
801 3085 983 3150 probaremur
1004 3086 1046 3138 rel
1067 3087 1202 3152 primitias
1214 3087 1370 3140 dicendorum

162 3197 217 3237 non
232 3183 406 3248 praelibasse.
421 3186 514 3236 Finem
537 3198 599 3250 ergo
621 3192 747 3249 suscepto
761 3198 810 3249 pro
832 3185 885 3235 illis
907 3184 1038 3250 opusculo
1058 3187 1244 3251 imponamus,
1258 3193 1282 3239 et
1293 3192 1319 3238 ut
1333 3194 1370 3249 pro

110 3322 114 3327 .
162 3285 241 3337 nobis
254 3285 449 3336 intercessores
461 3285 578 3335 existant
590 3297 744 3347 exoremus,
758 3285 887 3349 quatinus
905 3285 951 3351 qui
965 3285 1126 3350 eripuerunt
1148 3288 1292 3355 naufragos
1307 3283 1335 3337 all
1349 3295 1371 3333 se

161 3384 309 3434 clamantes
323 3382 350 3432 in
363 3387 470 3446 portum
485 3382 695 3447 tranquillitatis,
710 3382 827 3447 eripiant
840 3396 890 3435 nos
903 3384 937 3435 de
950 3384 1137 3448 superfluitate
1159 3385 1268 3438 dicendi
1285 3390 1309 3438 el
1324 3378 1404 3449 pcc-il

166 3483 244 3534 candi
264 3484 291 3533 in
311 3488 418 3548 portum
436 3483 554 3533 veritatis
573 3488 599 3533 et
619 3484 746 3543 caritatis,
765 3484 822 3547 ipsa
835 3485 950 3535 l'erilate
967 3490 1121 3549 praestante
1136 3487 1181 3538 cui
1195 3499 1257 3539 cem
1270 3489 1338 3538 Patre
1351 3488 1372 3534 et

165 3581 264 3645 Spiritu
278 3584 371 3631 sancto
384 3581 430 3630 uni
445 3583 498 3631 beo
512 3581 600 3631 honor
612 3585 652 3631 est
664 3587 691 3631 et
704 3581 789 3648 gloria
804 3582 831 3632 in
845 3581 1015 3634 saeculorum
1028 3583 1147 3636 saecula.
1162 3586 1257 3637 Amen.

421 3679 635 3758 [Eorundem
653 3684 830 3743 mtracula
849 3686 931 3755 post
952 3684 1128 3764 mortem]

195 3796 245 3846 127,
268 3796 298 3844 ln
320 3794 364 3845 illa
386 3794 614 3858 descriptiuncula
636 3809 718 3860 cruam
737 3795 771 3847 ‹le
793 3797 844 3846 vita
870 3798 1042 3860 genrinorum
1063 3800 1266 3863 confessorum,
1286 3797 1371 3850 scilicet

161 3893 324 3945 Gucthenoei
339 3899 365 3943 et
379 3893 481 3949 iacobi,
496 3895 679 3951 tractavimus,
695 3907 779 3959 pauca
799 3895 928 3947 miracula
950 3909 1020 3961 quae
1041 3910 1123 3949 earne
1145 3900 1247 3964 gratati
1268 3892 1405 3963 gessereii

162 3993 253 4045 multis
274 3999 299 4043 et
318 3993 640 4058 incomprehensibilibus
664 3996 873 4058 praetermissis.
893 3997 1038 4062 tetigimus.
1053 4001 1090 4049 lle
1111 3998 1153 4050 his
1173 4012 1238 4051 xero
1250 4010 1315 4065 quae
1327 3997 1370 4060 jam

162 4094 236 4144 caelo
250 4093 359 4157 recepti,
374 4097 447 4145 tanto
460 4093 611 4145 absolutius
624 4099 726 4158 quanto
747 4094 863 4146 vicinius
883 4098 936 4147 lleo
959 4095 1155 4159 adhaerebant,
1169 4098 1222 4149 illis
1235 4099 1262 4149 in
1275 4096 1333 4149 locis
1348 4093 1369 4142 lo

162 4192 261 4257 quibus
282 4193 431 4256 patrocinia
446 4206 538 4243 eorum
561 4199 688 4244 venerata
710 4198 773 4246 sunt
794 4194 949 4258 ostendere,
971 4196 1368 4263 omni[no]silereinjuriosu1n

162 4289 278 4345 videtur.
293 4291 410 4342 maxime
423 4304 484 4342 cum
498 4296 640 4355 propterea
659 4298 767 4345 ostensa
786 4298 849 4345 sunt
861 4300 892 4346 ut
904 4301 930 4346 ct
948 4295 1001 4346 illis
1020 4296 1124 4349 mundo
1143 4297 1256 4349 sublatis
1268 4295 1367 4348 testimo·

163 4392 236 4441 ulum
252 4391 411 4454 perhibeant
423 4398 448 4441 et
461 4391 494 4441 all
508 4392 685 4443 imilationem
699 4407 794 4444 eorum
808 4393 902 4446 ticleles
914 4396 1016 4460 quique
1039 4397 1158 4447 recitatis
1170 4398 1306 4448 virtutibus
1321 4386 1401 4443 ani-⁸⁰

161 4491 292 4542 mosiores
305 4489 379 4543 liant.
393 4491 463 4541 Nihil
477 4491 548 4541 enim
563 4490 635 4541 allud
650 4497 800 4544 rrxonstrant
819 4498 968 4545 memorata
987 4500 1144 4548 sanctorum
1164 4496 1284 4562 exempla
1300 4502 1365 4559 quam

161 4590 293 4655 (quaedam
307 4592 340 4642 ad
354 4592 414 4644 illos
428 4591 501 4644 tendi
516 4593 636 4658 uestigia.
