<?xml version="1.0" encoding="UTF-8"?>
<!DOCTYPE html PUBLIC "-//W3C//DTD XHTML 1.0 Transitional//EN"
    "http://www.w3.org/TR/xhtml1/DTD/xhtml1-transitional.dtd">
<html xmlns="http://www.w3.org/1999/xhtml" xml:lang="en" lang="en">
 <head>
  <title>
</title>
<meta http-equiv="Content-Type" content="text/html;charset=utf-8" />
  <meta name='ocr-system' content='tesseract 3.04.00' />
  <meta name='ocr-capabilities' content='ocr_page ocr_carea ocr_par ocr_line ocrx_word'/>
</head>
<body>
  <div class='ocr_page' id='page_1' title='image "./cataloguscodicu01manugoog_0267.png"; bbox 0 0 3136 5482; ppageno 0'>
   <div class='ocr_carea' id='block_1_1' title="bbox 253 336 1112 407">
    <p class='ocr_par' dir='ltr' id='par_1_1' title="bbox 253 336 1112 407">
     <span class='ocr_line' id='line_1_1' title="bbox 253 336 1112 407; baseline 0.001 -4"><span class='ocrx_word' id='word_1_1' title='bbox 253 336 320 404; x_wconf 83' lang='grc'><strong>352</strong></span> <span class='ocrx_word' id='word_1_2' title='bbox 571 355 694 407; x_wconf 74' lang='lat' dir='ltr'><strong>earne.</strong></span> <span class='ocrx_word' id='word_1_3' title='bbox 718 356 819 406; x_wconf 83' lang='lat' dir='ltr'><strong>cono.</strong></span> <span class='ocrx_word' id='word_1_4' title='bbox 840 356 1011 406; x_wconf 75' lang='lat' dir='ltr'><strong>unomen.</strong></span> <span class='ocrx_word' id='word_1_5' title='bbox 1032 356 1112 405; x_wconf 78' lang='lat' dir='ltr'><strong>nar.</strong></span> 
     </span>
    </p>
   </div>
   <div class='ocr_carea' id='block_1_2' title="bbox 331 522 1324 2676">
    <p class='ocr_par' dir='ltr' id='par_1_2' title="bbox 450 522 1041 591">
     <span class='ocr_line' id='line_1_2' title="bbox 450 522 1041 591; baseline 0.005 -15"><span class='ocrx_word' id='word_1_6' title='bbox 450 526 608 578; x_wconf 78' lang='lat' dir='ltr'><strong>,teneleraut</strong></span> <span class='ocrx_word' id='word_1_7' title='bbox 620 526 665 578; x_wconf 90' lang='lat' dir='ltr'><strong>alii</strong></span> <span class='ocrx_word' id='word_1_8' title='bbox 679 538 750 591; x_wconf 78' lang='lat' dir='ltr'><strong>uuae</strong></span> <span class='ocrx_word' id='word_1_9' title='bbox 761 529 826 577; x_wconf 90' lang='lat' dir='ltr'><strong>sunt</strong></span> <span class='ocrx_word' id='word_1_10' title='bbox 837 522 965 591; x_wconf 86' lang='lat' dir='ltr'><strong>adjuncta</strong></span> <span class='ocrx_word' id='word_1_11' title='bbox 977 522 1041 579; x_wconf 84' lang='lat' dir='ltr'><strong>diei.</strong></span> 
     </span>
    </p>

    <p class='ocr_par' dir='ltr' id='par_1_3' title="bbox 451 622 1152 690">
     <span class='ocr_line' id='line_1_3' title="bbox 451 622 1152 690; baseline -0.003 -15"><span class='ocrx_word' id='word_1_12' title='bbox 451 627 543 677; x_wconf 86' lang='lat' dir='ltr'><strong>Patres</strong></span> <span class='ocrx_word' id='word_1_13' title='bbox 556 637 620 677; x_wconf 90' lang='lat' dir='ltr'><strong>ecce</strong></span> <span class='ocrx_word' id='word_1_14' title='bbox 633 624 688 678; x_wconf 93' lang='lat' dir='ltr'><strong>duo</strong></span> <span class='ocrx_word' id='word_1_15' title='bbox 700 638 770 690; x_wconf 83' lang='lat' dir='ltr'><strong>quae</strong></span> <span class='ocrx_word' id='word_1_16' title='bbox 783 629 846 676; x_wconf 90' lang='lat' dir='ltr'><strong>sunt</strong></span> <span class='ocrx_word' id='word_1_17' title='bbox 858 622 1033 676; x_wconf 86' lang='lat' dir='ltr'><strong>accommoda</strong></span> <span class='ocrx_word' id='word_1_18' title='bbox 1046 636 1130 690; x_wconf 73' lang='lat' dir='ltr'><strong>regno</strong></span> <span class='ocrx_word' id='word_1_19' title='bbox 1144 636 1152 673; x_wconf 90' lang='lat'><strong>:</strong></span> 
     </span>
    </p>

    <p class='ocr_par' dir='ltr' id='par_1_4' title="bbox 452 722 1063 789">
     <span class='ocr_line' id='line_1_4' title="bbox 452 722 1063 789; baseline -0.003 -15"><span class='ocrx_word' id='word_1_20' title='bbox 452 723 596 789; x_wconf 72' lang='lat' dir='ltr'><strong>lurigilant</strong></span> <span class='ocrx_word' id='word_1_21' title='bbox 608 723 674 776; x_wconf 85' lang='lat' dir='ltr'><strong>socii</strong></span> <span class='ocrx_word' id='word_1_22' title='bbox 687 736 804 789; x_wconf 78' lang='lat' dir='ltr'>propere</span> <span class='ocrx_word' id='word_1_23' title='bbox 816 722 972 776; x_wconf 88' lang='lat' dir='ltr'><strong>carnalibus</strong></span> <span class='ocrx_word' id='word_1_24' title='bbox 984 722 1063 775; x_wconf 86' lang='lat' dir='ltr'><strong>escis.</strong></span> 
     </span>
    </p>

    <p class='ocr_par' dir='ltr' id='par_1_5' title="bbox 453 821 1021 888">
     <span class='ocr_line' id='line_1_5' title="bbox 453 821 1021 888; baseline -0.007 -15"><span class='ocrx_word' id='word_1_25' title='bbox 453 821 492 873; x_wconf 89' lang='lat' dir='ltr'><strong>llli</strong></span> <span class='ocrx_word' id='word_1_26' title='bbox 506 821 629 874; x_wconf 87' lang='lat' dir='ltr'><strong>carnales</strong></span> <span class='ocrx_word' id='word_1_27' title='bbox 642 828 799 888; x_wconf 82' lang='lat' dir='ltr'><strong>properant,</strong></span> <span class='ocrx_word' id='word_1_28' title='bbox 816 822 841 873; x_wconf 90' lang='lat' dir='ltr'><strong>bi</strong></span> <span class='ocrx_word' id='word_1_29' title='bbox 856 821 1021 887; x_wconf 81' lang='lat' dir='ltr'>spirituales.</span> 
     </span>
    </p>

    <p class='ocr_par' dir='ltr' id='par_1_6' title="bbox 451 918 1199 987">
     <span class='ocr_line' id='line_1_6' title="bbox 451 918 1199 987; baseline 0.001 -14"><span class='ocrx_word' id='word_1_30' title='bbox 451 924 521 974; x_wconf 85' lang='lat' dir='ltr'><strong>llaec</strong></span> <span class='ocrx_word' id='word_1_31' title='bbox 533 920 598 973; x_wconf 90' lang='lat' dir='ltr'><strong>dum</strong></span> <span class='ocrx_word' id='word_1_32' title='bbox 612 921 791 987; x_wconf 83' lang='lat' dir='ltr'><strong>complentur,</strong></span> <span class='ocrx_word' id='word_1_33' title='bbox 806 919 870 973; x_wconf 90' lang='lat' dir='ltr'><strong>dum</strong></span> <span class='ocrx_word' id='word_1_34' title='bbox 883 921 921 972; x_wconf 84' lang='lat' dir='ltr'><strong>sio</strong></span> <span class='ocrx_word' id='word_1_35' title='bbox 933 918 1042 973; x_wconf 86' lang='lat' dir='ltr'><strong>diversa</strong></span> <span class='ocrx_word' id='word_1_36' title='bbox 1053 926 1199 987; x_wconf 77' lang='lat' dir='ltr'><strong>geruntur.</strong></span> 
     </span>
    </p>

    <p class='ocr_par' dir='ltr' id='par_1_7' title="bbox 453 1019 1141 1088">
     <span class='ocr_line' id='line_1_7' title="bbox 453 1019 1141 1088; baseline 0.001 -16"><span class='ocrx_word' id='word_1_37' title='bbox 453 1019 587 1073; x_wconf 73' lang='lat' dir='ltr'>praedicit</span> <span class='ocrx_word' id='word_1_38' title='bbox 599 1020 730 1088; x_wconf 79' lang='lat' dir='ltr'><strong>gemitum</strong></span> <span class='ocrx_word' id='word_1_39' title='bbox 743 1023 852 1072; x_wconf 79' lang='lat' dir='ltr'><strong>Maurus</strong></span> <span class='ocrx_word' id='word_1_40' title='bbox 864 1033 925 1072; x_wconf 86' lang='lat' dir='ltr'><strong>cras</strong></span> <span class='ocrx_word' id='word_1_41' title='bbox 937 1032 997 1072; x_wconf 89' lang='lat' dir='ltr'><strong>esse</strong></span> <span class='ocrx_word' id='word_1_42' title='bbox 1010 1019 1141 1073; x_wconf 81' lang='lat' dir='ltr'><strong>futurum.</strong></span> 
     </span>
    </p>

    <p class='ocr_par' dir='ltr' id='par_1_8' title="bbox 451 1118 1134 1185">
     <span class='ocr_line' id='line_1_8' title="bbox 451 1118 1134 1185; baseline -0.003 -13"><span class='ocrx_word' id='word_1_43' title='bbox 451 1123 619 1185; x_wconf 79' lang='lat' dir='ltr'>Corporeum</span> <span class='ocrx_word' id='word_1_44' title='bbox 631 1118 704 1185; x_wconf 88' lang='lat' dir='ltr'><strong>quod</strong></span> <span class='ocrx_word' id='word_1_45' title='bbox 717 1132 788 1172; x_wconf 92' lang='lat' dir='ltr'><strong>onus</strong></span> <span class='ocrx_word' id='word_1_46' title='bbox 801 1131 862 1171; x_wconf 91' lang='lat' dir='ltr'><strong>cras</strong></span> <span class='ocrx_word' id='word_1_47' title='bbox 875 1123 950 1171; x_wconf 86' lang='lat' dir='ltr'><strong>esset</strong></span> <span class='ocrx_word' id='word_1_48' title='bbox 961 1119 1134 1185; x_wconf 80' lang='lat' dir='ltr'><strong>depositurus</strong></span> 
     </span>
    </p>

    <p class='ocr_par' dir='ltr' id='par_1_9' title="bbox 452 1216 1171 1285">
     <span class='ocr_line' id='line_1_9' title="bbox 452 1216 1171 1285; baseline -0.001 -15"><span class='ocrx_word' id='word_1_49' title='bbox 452 1222 519 1283; x_wconf 79' lang='lat' dir='ltr'><strong>ltux,</strong></span> <span class='ocrx_word' id='word_1_50' title='bbox 534 1225 612 1283; x_wconf 86' lang='lat' dir='ltr'><strong>potor</strong></span> <span class='ocrx_word' id='word_1_51' title='bbox 624 1219 756 1285; x_wconf 77' lang='lat' dir='ltr'><strong>egregius,</strong></span> <span class='ocrx_word' id='word_1_52' title='bbox 773 1231 802 1270; x_wconf 90' lang='lat' dir='ltr'><strong>ro</strong></span> <span class='ocrx_word' id='word_1_53' title='bbox 816 1218 927 1270; x_wconf 91' lang='lat' dir='ltr'><strong>nomine</strong></span> <span class='ocrx_word' id='word_1_54' title='bbox 939 1218 991 1281; x_wconf 80' lang='lat' dir='ltr'><strong>vir,</strong></span> <span class='ocrx_word' id='word_1_55' title='bbox 1005 1216 1171 1270; x_wconf 80' lang='lat' dir='ltr'><strong>Benedictus</strong></span> 
     </span>
    </p>

    <p class='ocr_par' dir='ltr' id='par_1_10' title="bbox 450 1316 1050 1370">
     <span class='ocr_line' id='line_1_10' title="bbox 450 1316 1050 1370; baseline 0 -2"><span class='ocrx_word' id='word_1_56' title='bbox 450 1318 482 1368; x_wconf 81' lang='lat' dir='ltr'><strong>dt</strong></span> <span class='ocrx_word' id='word_1_57' title='bbox 491 1317 597 1369; x_wconf 87' lang='lat' dir='ltr'><strong>bomini</strong></span> <span class='ocrx_word' id='word_1_58' title='bbox 611 1317 707 1369; x_wconf 84' lang='lat' dir='ltr'><strong>dextra</strong></span> <span class='ocrx_word' id='word_1_59' title='bbox 720 1316 868 1369; x_wconf 76' lang='lat' dir='ltr'><strong>donabitur</strong></span> <span class='ocrx_word' id='word_1_60' title='bbox 880 1316 927 1369; x_wconf 93' lang='lat' dir='ltr'><strong>ille</strong></span> <span class='ocrx_word' id='word_1_61' title='bbox 940 1329 1050 1370; x_wconf 87' lang='lat' dir='ltr'><strong>corona.</strong></span> 
     </span>
    </p>

    <p class='ocr_par' dir='ltr' id='par_1_11' title="bbox 452 1415 1084 1482">
     <span class='ocr_line' id='line_1_11' title="bbox 452 1415 1084 1482; baseline -0.005 -14"><span class='ocrx_word' id='word_1_62' title='bbox 452 1421 482 1468; x_wconf 82' lang='lat' dir='ltr'><strong>tlt</strong></span> <span class='ocrx_word' id='word_1_63' title='bbox 491 1417 580 1481; x_wconf 90' lang='lat' dir='ltr'><strong>justus</strong></span> <span class='ocrx_word' id='word_1_64' title='bbox 590 1417 656 1482; x_wconf 84' lang='lat' dir='ltr'><strong>justi</strong></span> <span class='ocrx_word' id='word_1_65' title='bbox 671 1416 763 1469; x_wconf 88' lang='lat' dir='ltr'><strong>luuus.</strong></span> <span class='ocrx_word' id='word_1_66' title='bbox 777 1416 884 1469; x_wconf 86' lang='lat' dir='ltr'><strong>comitis</strong></span> <span class='ocrx_word' id='word_1_67' title='bbox 895 1428 989 1469; x_wconf 85' lang='lat' dir='ltr'><strong>eomes</strong></span> <span class='ocrx_word' id='word_1_68' title='bbox 1000 1415 1084 1473; x_wconf 85' lang='lat' dir='ltr'><strong>audit,</strong></span> 
     </span>
    </p>

    <p class='ocr_par' dir='ltr' id='par_1_12' title="bbox 452 1512 987 1579">
     <span class='ocr_line' id='line_1_12' title="bbox 452 1512 987 1579; baseline 0 -14"><span class='ocrx_word' id='word_1_69' title='bbox 452 1512 632 1566; x_wconf 81' lang='lat' dir='ltr'><strong>insolabiliter</strong></span> <span class='ocrx_word' id='word_1_70' title='bbox 645 1514 742 1566; x_wconf 88' lang='lat' dir='ltr'><strong>solatia</strong></span> <span class='ocrx_word' id='word_1_71' title='bbox 756 1513 863 1579; x_wconf 88' lang='lat' dir='ltr'><strong>perdita</strong></span> <span class='ocrx_word' id='word_1_72' title='bbox 875 1518 987 1566; x_wconf 89' lang='lat' dir='ltr'><strong>maeret.</strong></span> 
     </span>
    </p>

    <p class='ocr_par' dir='ltr' id='par_1_13' title="bbox 452 1613 1062 1678">
     <span class='ocr_line' id='line_1_13' title="bbox 452 1613 1062 1678; baseline 0 -14"><span class='ocrx_word' id='word_1_73' title='bbox 452 1617 482 1664; x_wconf 69' lang='lat' dir='ltr'><strong>tlt</strong></span> <span class='ocrx_word' id='word_1_74' title='bbox 493 1613 659 1675; x_wconf 71' lang='lat' dir='ltr'><strong>consoletur,</strong></span> <span class='ocrx_word' id='word_1_75' title='bbox 673 1614 716 1667; x_wconf 89' lang='lat' dir='ltr'><strong>eui</strong></span> <span class='ocrx_word' id='word_1_76' title='bbox 730 1613 817 1678; x_wconf 86' lang='lat' dir='ltr'><strong>eoepit</strong></span> <span class='ocrx_word' id='word_1_77' title='bbox 831 1614 923 1667; x_wconf 86' lang='lat' dir='ltr'><strong>dicere</strong></span> <span class='ocrx_word' id='word_1_78' title='bbox 935 1616 1062 1666; x_wconf 80' lang='lat' dir='ltr'><strong>Maurus:</strong></span> 
     </span>
    </p>

    <p class='ocr_par' dir='ltr' id='par_1_14' title="bbox 451 1712 1324 1780">
     <span class='ocr_line' id='line_1_14' title="bbox 451 1712 1324 1780; baseline 0.002 -16"><span class='ocrx_word' id='word_1_79' title='bbox 451 1712 540 1765; x_wconf 50' lang='lat' dir='ltr'><strong>altnae</strong></span> <span class='ocrx_word' id='word_1_80' title='bbox 553 1713 598 1764; x_wconf 78' lang='lat' dir='ltr'><strong>cst</strong></span> <span class='ocrx_word' id='word_1_81' title='bbox 607 1712 820 1780; x_wconf 60' lang='lat' dir='ltr'><strong>mandendum,</strong></span> <span class='ocrx_word' id='word_1_82' title='bbox 833 1726 897 1765; x_wconf 79' lang='lat' dir='ltr'><strong>non</strong></span> <span class='ocrx_word' id='word_1_83' title='bbox 908 1714 954 1765; x_wconf 76' lang='lat' dir='ltr'><strong>est</strong></span> <span class='ocrx_word' id='word_1_84' title='bbox 966 1712 1004 1765; x_wconf 85' lang='lat' dir='ltr'><strong>dc</strong></span> <span class='ocrx_word' id='word_1_85' title='bbox 1016 1714 1115 1766; x_wconf 81' lang='lat' dir='ltr'><strong>ntorte</strong></span> <span class='ocrx_word' id='word_1_86' title='bbox 1126 1713 1324 1767; x_wconf 67' lang='lat' dir='ltr'><strong>domanam.</strong></span> 
     </span>
    </p>

    <p class='ocr_par' dir='ltr' id='par_1_15' title="bbox 450 1809 1139 1877">
     <span class='ocr_line' id='line_1_15' title="bbox 450 1809 1139 1877; baseline -0.001 -14"><span class='ocrx_word' id='word_1_87' title='bbox 450 1811 519 1864; x_wconf 79' lang='lat' dir='ltr'><strong>Non</strong></span> <span class='ocrx_word' id='word_1_88' title='bbox 531 1823 614 1863; x_wconf 83' lang='lat' dir='ltr'><strong>mors</strong></span> <span class='ocrx_word' id='word_1_89' title='bbox 626 1809 769 1877; x_wconf 75' lang='lat' dir='ltr'><strong>diomede,</strong></span> <span class='ocrx_word' id='word_1_90' title='bbox 783 1811 838 1864; x_wconf 83' lang='lat' dir='ltr'><strong>aed</strong></span> <span class='ocrx_word' id='word_1_91' title='bbox 852 1824 921 1864; x_wconf 79' lang='lat' dir='ltr'><strong>uero</strong></span> <span class='ocrx_word' id='word_1_92' title='bbox 933 1811 1059 1865; x_wconf 82' lang='lat' dir='ltr'><strong>nominc</strong></span> <span class='ocrx_word' id='word_1_93' title='bbox 1070 1809 1139 1863; x_wconf 83' lang='lat' dir='ltr'><strong>vita</strong></span> 
     </span>
    </p>

    <p class='ocr_par' dir='ltr' id='par_1_16' title="bbox 454 1909 1194 1978">
     <span class='ocr_line' id='line_1_16' title="bbox 454 1909 1194 1978; baseline 0.004 -16"><span class='ocrx_word' id='word_1_94' title='bbox 454 1911 513 1975; x_wconf 66' lang='lat' dir='ltr'><strong>Fet,</strong></span> <span class='ocrx_word' id='word_1_95' title='bbox 527 1909 588 1963; x_wconf 83' lang='lat' dir='ltr'><strong>obit</strong></span> <span class='ocrx_word' id='word_1_96' title='bbox 600 1912 758 1977; x_wconf 71' lang='lat' dir='ltr'><strong>adjocatur,</strong></span> <span class='ocrx_word' id='word_1_97' title='bbox 773 1911 862 1977; x_wconf 72' lang='lat' dir='ltr'><strong>capita</strong></span> <span class='ocrx_word' id='word_1_98' title='bbox 875 1912 912 1978; x_wconf 81' lang='lat' dir='ltr'><strong>fit</strong></span> <span class='ocrx_word' id='word_1_99' title='bbox 924 1911 1079 1965; x_wconf 70' lang='lat' dir='ltr'><strong>trecesimo</strong></span> <span class='ocrx_word' id='word_1_100' title='bbox 1092 1914 1194 1966; x_wconf 73' lang='lat' dir='ltr'><strong>ortam.</strong></span> 
     </span>
    </p>

    <p class='ocr_par' dir='ltr' id='par_1_17' title="bbox 457 2007 1111 2078">
     <span class='ocr_line' id='line_1_17' title="bbox 457 2007 1111 2078; baseline 0.002 -20"><span class='ocrx_word' id='word_1_101' title='bbox 457 2007 525 2061; x_wconf 78' lang='lat' dir='ltr'><strong>Vita</strong></span> <span class='ocrx_word' id='word_1_102' title='bbox 537 2009 683 2074; x_wconf 67' lang='lat' dir='ltr'><strong>docentur,</strong></span> <span class='ocrx_word' id='word_1_103' title='bbox 697 2009 752 2075; x_wconf 77' lang='lat' dir='ltr'><strong>qiu?</strong></span> <span class='ocrx_word' id='word_1_104' title='bbox 762 2010 878 2062; x_wconf 67' lang='lat' dir='ltr'><strong>iterando</strong></span> <span class='ocrx_word' id='word_1_105' title='bbox 890 2009 1111 2078; x_wconf 76' lang='lat' dir='ltr'><strong>mortificatur.</strong></span> 
     </span>
    </p>

    <p class='ocr_par' dir='ltr' id='par_1_18' title="bbox 453 2084 1174 2174">
     <span class='ocr_line' id='line_1_18' title="bbox 453 2084 1174 2174; baseline -0.003 -15"><span class='ocrx_word' id='word_1_106' title='bbox 453 2110 528 2159; x_wconf 87' lang='lat' dir='ltr'><strong>llune</strong></span> <span class='ocrx_word' id='word_1_107' title='bbox 540 2107 691 2172; x_wconf 79' lang='lat' dir='ltr'><strong>adjutorem</strong></span> <span class='ocrx_word' id='word_1_108' title='bbox 706 2109 836 2172; x_wconf 80' lang='lat' dir='ltr'><strong>promittit</strong></span> <span class='ocrx_word' id='word_1_109' title='bbox 849 2121 912 2160; x_wconf 90' lang='lat' dir='ltr'><strong>eum</strong></span> <span class='ocrx_word' id='word_1_110' title='bbox 926 2109 1060 2174; x_wconf 87' lang='lat' dir='ltr'><strong>potiorem</strong></span> <span class='ocrx_word' id='word_1_111' title='bbox 1075 2123 1081 2157; x_wconf 91' lang='lat'>:</span> <span class='ocrx_word' id='word_1_112' title='bbox 1171 2084 1174 2089; x_wconf 38' lang='lat'>¹</span> 
     </span>
    </p>

    <p class='ocr_par' dir='ltr' id='par_1_19' title="bbox 454 2208 1152 2276">
     <span class='ocr_line' id='line_1_19' title="bbox 454 2208 1152 2276; baseline 0 -18"><span class='ocrx_word' id='word_1_113' title='bbox 454 2209 530 2259; x_wconf 87' lang='lat' dir='ltr'><strong>lluno</strong></span> <span class='ocrx_word' id='word_1_114' title='bbox 541 2208 752 2273; x_wconf 78' lang='lat' dir='ltr'><strong>contemplatur,</strong></span> <span class='ocrx_word' id='word_1_115' title='bbox 765 2208 811 2273; x_wconf 83' lang='lat' dir='ltr'><strong>qui</strong></span> <span class='ocrx_word' id='word_1_116' title='bbox 825 2221 874 2273; x_wconf 92' lang='lat' dir='ltr'><strong>pro</strong></span> <span class='ocrx_word' id='word_1_117' title='bbox 887 2212 1017 2273; x_wconf 79' lang='lat' dir='ltr'><strong>peccante</strong></span> <span class='ocrx_word' id='word_1_118' title='bbox 1029 2213 1152 2276; x_wconf 70' lang='lat' dir='ltr'><strong>rogatur.</strong></span> 
     </span>
    </p>

    <p class='ocr_par' dir='ltr' id='par_1_20' title="bbox 452 2308 1096 2372">
     <span class='ocr_line' id='line_1_20' title="bbox 452 2308 1096 2372; baseline 0.003 -13"><span class='ocrx_word' id='word_1_119' title='bbox 452 2312 566 2360; x_wconf 80' lang='lat' dir='ltr'><strong>sanetus</strong></span> <span class='ocrx_word' id='word_1_120' title='bbox 578 2310 725 2371; x_wconf 85' lang='lat' dir='ltr'><strong>Romanus,</strong></span> <span class='ocrx_word' id='word_1_121' title='bbox 741 2308 818 2360; x_wconf 89' lang='lat' dir='ltr'><strong>miles</strong></span> <span class='ocrx_word' id='word_1_122' title='bbox 831 2308 929 2361; x_wconf 84' lang='lat' dir='ltr'><strong>christi</strong></span> <span class='ocrx_word' id='word_1_123' title='bbox 941 2316 1096 2372; x_wconf 84' lang='lat' dir='ltr'><strong>veteranus,</strong></span> 
     </span>
    </p>

    <p class='ocr_par' dir='ltr' id='par_1_21' title="bbox 331 2406 1176 2571">
     <span class='ocr_line' id='line_1_21' title="bbox 451 2406 1176 2470; baseline 0.001 -11"><span class='ocrx_word' id='word_1_124' title='bbox 451 2410 510 2459; x_wconf 74' lang='lat' dir='ltr'><strong>Non</strong></span> <span class='ocrx_word' id='word_1_125' title='bbox 522 2407 630 2460; x_wconf 86' lang='lat' dir='ltr'><strong>cohibet</strong></span> <span class='ocrx_word' id='word_1_126' title='bbox 643 2406 731 2470; x_wconf 77' lang='lat' dir='ltr'><strong>delus,</strong></span> <span class='ocrx_word' id='word_1_127' title='bbox 746 2421 807 2460; x_wconf 88' lang='lat' dir='ltr'><strong>eum</strong></span> <span class='ocrx_word' id='word_1_128' title='bbox 820 2408 918 2461; x_wconf 88' lang='lat' dir='ltr'><strong>debeat</strong></span> <span class='ocrx_word' id='word_1_129' title='bbox 932 2409 995 2461; x_wconf 87' lang='lat' dir='ltr'><strong>binc</strong></span> <span class='ocrx_word' id='word_1_130' title='bbox 1009 2409 1066 2462; x_wconf 86' lang='lat' dir='ltr'><strong>lore</strong></span> <span class='ocrx_word' id='word_1_131' title='bbox 1078 2408 1176 2463; x_wconf 82' lang='lat' dir='ltr'><strong>laetus.</strong></span> 
     </span>
     <span class='ocr_line' id='line_1_22' title="bbox 331 2507 1104 2571; baseline 0.004 -13"><span class='ocrx_word' id='word_1_132' title='bbox 331 2507 374 2559; x_wconf 73' lang='lat'><strong>26</strong></span> <span class='ocrx_word' id='word_1_133' title='bbox 387 2509 445 2571; x_wconf 70' lang='lat' dir='ltr'><strong>tol).</strong></span> <span class='ocrx_word' id='word_1_134' title='bbox 481 2507 601 2559; x_wconf 83' lang='lat' dir='ltr'><strong>Postulat</strong></span> <span class='ocrx_word' id='word_1_135' title='bbox 613 2508 715 2559; x_wconf 88' lang='lat' dir='ltr'><strong>interea</strong></span> <span class='ocrx_word' id='word_1_136' title='bbox 728 2510 844 2568; x_wconf 88' lang='lat' dir='ltr'><strong>llaurus,</strong></span> <span class='ocrx_word' id='word_1_137' title='bbox 858 2521 893 2561; x_wconf 88' lang='lat' dir='ltr'><strong>ne</strong></span> <span class='ocrx_word' id='word_1_138' title='bbox 905 2514 1024 2562; x_wconf 90' lang='lat' dir='ltr'><strong>transeat</strong></span> <span class='ocrx_word' id='word_1_139' title='bbox 1038 2509 1104 2562; x_wconf 90' lang='lat' dir='ltr'><strong>bora</strong></span> 
     </span>
    </p>

    <p class='ocr_par' dir='ltr' id='par_1_22' title="bbox 453 2609 1019 2676">
     <span class='ocr_line' id='line_1_23' title="bbox 453 2609 1019 2676; baseline 0.004 -17"><span class='ocrx_word' id='word_1_140' title='bbox 453 2609 526 2660; x_wconf 83' lang='lat' dir='ltr'><strong>Finis</strong></span> <span class='ocrx_word' id='word_1_141' title='bbox 537 2609 665 2673; x_wconf 88' lang='lat' dir='ltr'><strong>doctoris,</strong></span> <span class='ocrx_word' id='word_1_142' title='bbox 678 2622 748 2676; x_wconf 70' lang='lat' dir='ltr'><strong>(puae</strong></span> <span class='ocrx_word' id='word_1_143' title='bbox 761 2622 816 2662; x_wconf 92' lang='lat' dir='ltr'><strong>non</strong></span> <span class='ocrx_word' id='word_1_144' title='bbox 830 2614 959 2676; x_wconf 76' lang='lat' dir='ltr'><strong>appareat</strong></span> <span class='ocrx_word' id='word_1_145' title='bbox 971 2610 1019 2661; x_wconf 90' lang='lat' dir='ltr'><strong>illi.</strong></span> 
     </span>
    </p>
   </div>
   <div class='ocr_carea' id='block_1_3' title="bbox 453 2709 1232 3072">
    <p class='ocr_par' dir='ltr' id='par_1_23' title="bbox 453 2709 1141 2779">
     <span class='ocr_line' id='line_1_24' title="bbox 453 2709 1141 2779; baseline 0.004 -18"><span class='ocrx_word' id='word_1_146' title='bbox 453 2709 528 2773; x_wconf 82' lang='lat' dir='ltr'><strong>Quod</strong></span> <span class='ocrx_word' id='word_1_147' title='bbox 538 2710 628 2775; x_wconf 85' lang='lat' dir='ltr'><strong>justus</strong></span> <span class='ocrx_word' id='word_1_148' title='bbox 640 2710 735 2776; x_wconf 87' lang='lat' dir='ltr'><strong>poscit,</strong></span> <span class='ocrx_word' id='word_1_149' title='bbox 750 2711 880 2764; x_wconf 90' lang='lat' dir='ltr'><strong>bomiuus</strong></span> <span class='ocrx_word' id='word_1_150' title='bbox 894 2724 949 2763; x_wconf 91' lang='lat' dir='ltr'><strong>non</strong></span> <span class='ocrx_word' id='word_1_151' title='bbox 963 2712 1079 2779; x_wconf 80' lang='lat' dir='ltr'><strong>abnegat</strong></span> <span class='ocrx_word' id='word_1_152' title='bbox 1091 2711 1141 2764; x_wconf 91' lang='lat' dir='ltr'><strong>illi.</strong></span> 
     </span>
    </p>

    <p class='ocr_par' dir='ltr' id='par_1_24' title="bbox 453 2810 1232 3072">
     <span class='ocr_line' id='line_1_25' title="bbox 455 2810 1232 2878; baseline 0.008 -16"><span class='ocrx_word' id='word_1_153' title='bbox 455 2813 523 2862; x_wconf 86' lang='lat' dir='ltr'><strong>bum</strong></span> <span class='ocrx_word' id='word_1_154' title='bbox 536 2822 620 2876; x_wconf 84' lang='lat' dir='ltr'><strong>propo</strong></span> <span class='ocrx_word' id='word_1_155' title='bbox 634 2810 669 2861; x_wconf 85' lang='lat' dir='ltr'><strong>sit</strong></span> <span class='ocrx_word' id='word_1_156' title='bbox 682 2816 789 2876; x_wconf 78' lang='lat' dir='ltr'><strong>tempus</strong></span> <span class='ocrx_word' id='word_1_157' title='bbox 802 2824 856 2878; x_wconf 88' lang='lat' dir='ltr'><strong>quo</strong></span> <span class='ocrx_word' id='word_1_158' title='bbox 868 2812 964 2865; x_wconf 86' lang='lat' dir='ltr'><strong>doctor</strong></span> <span class='ocrx_word' id='word_1_159' title='bbox 976 2811 1010 2865; x_wconf 91' lang='lat' dir='ltr'><strong>ad</strong></span> <span class='ocrx_word' id='word_1_160' title='bbox 1024 2817 1097 2866; x_wconf 86' lang='lat' dir='ltr'><strong>astra</strong></span> <span class='ocrx_word' id='word_1_161' title='bbox 1109 2819 1232 2868; x_wconf 73' lang='lat' dir='ltr'><strong>vocetur</strong></span> 
     </span>
     <span class='ocr_line' id='line_1_26' title="bbox 454 2909 1202 2973; baseline 0.009 -15"><span class='ocrx_word' id='word_1_162' title='bbox 454 2911 541 2959; x_wconf 78' lang='lat' dir='ltr'><strong>l&#39;orna</strong></span> <span class='ocrx_word' id='word_1_163' title='bbox 554 2913 659 2972; x_wconf 88' lang='lat' dir='ltr'><strong>potens,</strong></span> <span class='ocrx_word' id='word_1_164' title='bbox 675 2909 812 2961; x_wconf 89' lang='lat' dir='ltr'><strong>bominem</strong></span> <span class='ocrx_word' id='word_1_165' title='bbox 827 2910 973 2962; x_wconf 85' lang='lat' dir='ltr'><strong>translatus</strong></span> <span class='ocrx_word' id='word_1_166' title='bbox 987 2911 1013 2962; x_wconf 93' lang='lat' dir='ltr'><strong>in</strong></span> <span class='ocrx_word' id='word_1_167' title='bbox 1027 2911 1202 2973; x_wconf 84' lang='lat' dir='ltr'><strong>interiorem,</strong></span> 
     </span>
     <span class='ocr_line' id='line_1_27' title="bbox 453 3007 1139 3072; baseline 0.004 -13"><span class='ocrx_word' id='word_1_168' title='bbox 453 3008 598 3072; x_wconf 80' lang='lat' dir='ltr'><strong>Conspexit</strong></span> <span class='ocrx_word' id='word_1_169' title='bbox 610 3009 718 3058; x_wconf 80' lang='lat' dir='ltr'><strong>blatrrus</strong></span> <span class='ocrx_word' id='word_1_170' title='bbox 731 3021 793 3059; x_wconf 76' lang='lat' dir='ltr'><strong>crim</strong></span> <span class='ocrx_word' id='word_1_171' title='bbox 808 3009 935 3061; x_wconf 83' lang='lat' dir='ltr'><strong>tratribus</strong></span> <span class='ocrx_word' id='word_1_172' title='bbox 954 3023 1016 3062; x_wconf 87' lang='lat' dir='ltr'><strong>eece</strong></span> <span class='ocrx_word' id='word_1_173' title='bbox 1028 3007 1139 3062; x_wconf 91' lang='lat' dir='ltr'><strong>duobus</strong></span> 
     </span>
    </p>
   </div>
   <div class='ocr_carea' id='block_1_4' title="bbox 84 3108 1308 4663">
    <p class='ocr_par' dir='ltr' id='par_1_25' title="bbox 84 3108 1188 3473">
     <span class='ocr_line' id='line_1_28' title="bbox 84 3108 1154 3191; baseline 0.008 -35"><span class='ocrx_word' id='word_1_174' title='bbox 84 3128 93 3146; x_wconf 76' lang='lat'>‹</span> <span class='ocrx_word' id='word_1_175' title='bbox 107 3125 196 3191; x_wconf 56' lang='lat' dir='ltr'><strong>palliis</strong></span> <span class='ocrx_word' id='word_1_176' title='bbox 212 3127 234 3176; x_wconf 63' lang='lat'><strong>1,</strong></span> <span class='ocrx_word' id='word_1_177' title='bbox 457 3109 531 3172; x_wconf 78' lang='lat' dir='ltr'><strong>Quod</strong></span> <span class='ocrx_word' id='word_1_178' title='bbox 545 3109 629 3174; x_wconf 88' lang='lat' dir='ltr'><strong>patris</strong></span> <span class='ocrx_word' id='word_1_179' title='bbox 642 3122 657 3159; x_wconf 90' lang='lat' dir='ltr'><strong>a</strong></span> <span class='ocrx_word' id='word_1_180' title='bbox 670 3108 738 3161; x_wconf 89' lang='lat' dir='ltr'><strong>cella</strong></span> <span class='ocrx_word' id='word_1_181' title='bbox 749 3110 826 3174; x_wconf 85' lang='lat' dir='ltr'><strong>quasi</strong></span> <span class='ocrx_word' id='word_1_182' title='bbox 840 3110 875 3161; x_wconf 86' lang='lat' dir='ltr'><strong>sit</strong></span> <span class='ocrx_word' id='word_1_183' title='bbox 886 3111 929 3162; x_wconf 86' lang='lat' dir='ltr'><strong>ria</strong></span> <span class='ocrx_word' id='word_1_184' title='bbox 942 3111 1023 3176; x_wconf 89' lang='lat' dir='ltr'><strong>pallia</strong></span> <span class='ocrx_word' id='word_1_185' title='bbox 1037 3113 1045 3130; x_wconf 88' lang='grc'><em>·</em></span> <span class='ocrx_word' id='word_1_186' title='bbox 1058 3116 1154 3165; x_wconf 84' lang='lat' dir='ltr'><strong>strata.</strong></span> 
     </span>
     <span class='ocr_line' id='line_1_29' title="bbox 457 3207 1188 3275; baseline 0.004 -17"><span class='ocrx_word' id='word_1_187' title='bbox 457 3207 590 3273; x_wconf 81' lang='lat' dir='ltr'><strong>Lampade</strong></span> <span class='ocrx_word' id='word_1_188' title='bbox 603 3222 664 3260; x_wconf 86' lang='lat' dir='ltr'><strong>cum</strong></span> <span class='ocrx_word' id='word_1_189' title='bbox 679 3209 762 3260; x_wconf 87' lang='lat' dir='ltr'><strong>multu</strong></span> <span class='ocrx_word' id='word_1_190' title='bbox 776 3223 846 3275; x_wconf 74' lang='lat' dir='ltr'><strong>(puae</strong></span> <span class='ocrx_word' id='word_1_191' title='bbox 864 3209 1042 3274; x_wconf 88' lang='lat' dir='ltr'><strong>protendatur</strong></span> <span class='ocrx_word' id='word_1_192' title='bbox 1056 3209 1089 3262; x_wconf 87' lang='lat' dir='ltr'><strong>ad</strong></span> <span class='ocrx_word' id='word_1_193' title='bbox 1104 3215 1188 3264; x_wconf 91' lang='lat' dir='ltr'><strong>astra.</strong></span> 
     </span>
     <span class='ocr_line' id='line_1_30' title="bbox 455 3308 1038 3376; baseline 0.005 -19"><span class='ocrx_word' id='word_1_194' title='bbox 455 3311 507 3360; x_wconf 73' lang='lat' dir='ltr'><strong>vox</strong></span> <span class='ocrx_word' id='word_1_195' title='bbox 521 3309 612 3360; x_wconf 88' lang='lat' dir='ltr'><strong>audita</strong></span> <span class='ocrx_word' id='word_1_196' title='bbox 626 3315 701 3376; x_wconf 77' lang='lat' dir='ltr'><strong>rogat</strong></span> <span class='ocrx_word' id='word_1_197' title='bbox 713 3311 791 3373; x_wconf 84' lang='lat' dir='ltr'><strong>eujus</strong></span> <span class='ocrx_word' id='word_1_198' title='bbox 803 3308 846 3360; x_wconf 74' lang='lat' dir='ltr'><strong>tia</strong></span> <span class='ocrx_word' id='word_1_199' title='bbox 856 3309 890 3360; x_wconf 88' lang='lat' dir='ltr'><strong>sit</strong></span> <span class='ocrx_word' id='word_1_200' title='bbox 902 3308 1038 3360; x_wconf 86' lang='lat' dir='ltr'><strong>decorata.</strong></span> 
     </span>
     <span class='ocr_line' id='line_1_31' title="bbox 455 3408 1080 3473; baseline -0.002 -14"><span class='ocrx_word' id='word_1_201' title='bbox 455 3409 629 3473; x_wconf 82' lang='lat' dir='ltr'><strong>Respondent</strong></span> <span class='ocrx_word' id='word_1_202' title='bbox 644 3409 749 3472; x_wconf 80' lang='lat' dir='ltr'><strong>fratros,</strong></span> <span class='ocrx_word' id='word_1_203' title='bbox 763 3422 822 3461; x_wconf 85' lang='lat' dir='ltr'><strong>seso</strong></span> <span class='ocrx_word' id='word_1_204' title='bbox 836 3410 942 3461; x_wconf 86' lang='lat' dir='ltr'><strong>nescire</strong></span> <span class='ocrx_word' id='word_1_205' title='bbox 955 3408 1080 3462; x_wconf 86' lang='lat' dir='ltr'><strong>latentes.</strong></span> 
     </span>
    </p>

    <p class='ocr_par' dir='ltr' id='par_1_26' title="bbox 454 3508 1147 3577">
     <span class='ocr_line' id='line_1_32' title="bbox 454 3508 1147 3577; baseline -0.001 -16"><span class='ocrx_word' id='word_1_206' title='bbox 454 3512 526 3572; x_wconf 85' lang='lat' dir='ltr'><strong>Quae</strong></span> <span class='ocrx_word' id='word_1_207' title='bbox 539 3521 591 3561; x_wconf 74' lang='lat' dir='ltr'><strong>uox</strong></span> <span class='ocrx_word' id='word_1_208' title='bbox 604 3511 745 3575; x_wconf 77' lang='lat' dir='ltr'><strong>quaesivit,</strong></span> <span class='ocrx_word' id='word_1_209' title='bbox 759 3512 828 3562; x_wconf 91' lang='lat' dir='ltr'><strong>sicut</strong></span> <span class='ocrx_word' id='word_1_210' title='bbox 845 3511 915 3562; x_wconf 85' lang='lat' dir='ltr'><strong>bene</strong></span> <span class='ocrx_word' id='word_1_211' title='bbox 928 3510 1034 3577; x_wconf 76' lang='lat' dir='ltr'><strong>cognita</strong></span> <span class='ocrx_word' id='word_1_212' title='bbox 1047 3508 1147 3561; x_wconf 80' lang='lat' dir='ltr'><strong>solvit:</strong></span> 
     </span>
    </p>

    <p class='ocr_par' dir='ltr' id='par_1_27' title="bbox 455 3607 1088 3676">
     <span class='ocr_line' id='line_1_33' title="bbox 455 3607 1088 3676; baseline -0.003 -15"><span class='ocrx_word' id='word_1_213' title='bbox 455 3608 535 3662; x_wconf 82' lang='lat' dir='ltr'><strong>Haec</strong></span> <span class='ocrx_word' id='word_1_214' title='bbox 547 3611 593 3661; x_wconf 83' lang='lat' dir='ltr'><strong>est</strong></span> <span class='ocrx_word' id='word_1_215' title='bbox 604 3609 695 3663; x_wconf 82' lang='lat' dir='ltr'><strong>electi</strong></span> <span class='ocrx_word' id='word_1_216' title='bbox 703 3609 841 3676; x_wconf 74' lang='lat' dir='ltr'><strong>justique</strong></span> <span class='ocrx_word' id='word_1_217' title='bbox 852 3609 916 3662; x_wconf 80' lang='lat' dir='ltr'><strong>oiri</strong></span> <span class='ocrx_word' id='word_1_218' title='bbox 927 3607 1088 3663; x_wconf 83' lang='lat' dir='ltr'><strong>Benedicti</strong></span> 
     </span>
    </p>

    <p class='ocr_par' dir='ltr' id='par_1_28' title="bbox 455 3707 1308 3872">
     <span class='ocr_line' id='line_1_34' title="bbox 456 3707 1308 3776; baseline 0.008 -16"><span class='ocrx_word' id='word_1_219' title='bbox 456 3709 537 3761; x_wconf 81' lang='lat' dir='ltr'><strong>Haec</strong></span> <span class='ocrx_word' id='word_1_220' title='bbox 548 3708 610 3775; x_wconf 81' lang='lat' dir='ltr'><strong>vio,</strong></span> <span class='ocrx_word' id='word_1_221' title='bbox 624 3721 686 3775; x_wconf 71' lang='lat' dir='ltr'><strong>qam</strong></span> <span class='ocrx_word' id='word_1_222' title='bbox 698 3708 848 3773; x_wconf 77' lang='lat' dir='ltr'><strong>proditur</strong></span> <span class='ocrx_word' id='word_1_223' title='bbox 854 3709 914 3776; x_wconf 80' lang='lat' dir='ltr'><strong>pia</strong></span> <span class='ocrx_word' id='word_1_224' title='bbox 925 3721 1012 3761; x_wconf 80' lang='lat' dir='ltr'><strong>mena</strong></span> <span class='ocrx_word' id='word_1_225' title='bbox 1022 3710 1051 3761; x_wconf 83' lang='lat' dir='ltr'><strong>et</strong></span> <span class='ocrx_word' id='word_1_226' title='bbox 1062 3707 1114 3760; x_wconf 83' lang='lat' dir='ltr'><strong>vir</strong></span> <span class='ocrx_word' id='word_1_227' title='bbox 1120 3713 1308 3776; x_wconf 73' lang='lat' dir='ltr'><strong>pretiosus.</strong></span> 
     </span>
     <span class='ocr_line' id='line_1_35' title="bbox 455 3807 998 3872; baseline 0 -12"><span class='ocrx_word' id='word_1_228' title='bbox 455 3812 485 3860; x_wconf 86' lang='lat' dir='ltr'><strong>Ut</strong></span> <span class='ocrx_word' id='word_1_229' title='bbox 499 3809 569 3859; x_wconf 91' lang='lat' dir='ltr'><strong>redit</strong></span> <span class='ocrx_word' id='word_1_230' title='bbox 580 3807 614 3860; x_wconf 90' lang='lat' dir='ltr'><strong>ad</strong></span> <span class='ocrx_word' id='word_1_231' title='bbox 630 3822 700 3872; x_wconf 71' lang='lat' dir='ltr'><strong>sose,</strong></span> <span class='ocrx_word' id='word_1_232' title='bbox 715 3810 835 3861; x_wconf 84' lang='lat' dir='ltr'><strong>Romano</strong></span> <span class='ocrx_word' id='word_1_233' title='bbox 848 3808 941 3861; x_wconf 90' lang='lat' dir='ltr'><strong>retulit</strong></span> <span class='ocrx_word' id='word_1_234' title='bbox 953 3809 998 3860; x_wconf 89' lang='lat' dir='ltr'><strong>ille</strong></span> 
     </span>
    </p>

    <p class='ocr_par' dir='ltr' id='par_1_29' title="bbox 455 3907 1122 3974">
     <span class='ocr_line' id='line_1_36' title="bbox 455 3907 1122 3974; baseline 0.001 -14"><span class='ocrx_word' id='word_1_235' title='bbox 455 3909 549 3960; x_wconf 84' lang='lat' dir='ltr'><strong>Omnia</strong></span> <span class='ocrx_word' id='word_1_236' title='bbox 562 3921 632 3973; x_wconf 79' lang='lat' dir='ltr'><strong>quac</strong></span> <span class='ocrx_word' id='word_1_237' title='bbox 647 3907 725 3965; x_wconf 80' lang='lat' dir='ltr'><strong>vidit,</strong></span> <span class='ocrx_word' id='word_1_238' title='bbox 740 3908 786 3960; x_wconf 86' lang='lat' dir='ltr'><strong>sed</strong></span> <span class='ocrx_word' id='word_1_239' title='bbox 800 3921 870 3974; x_wconf 86' lang='lat' dir='ltr'><strong>quae</strong></span> <span class='ocrx_word' id='word_1_240' title='bbox 883 3921 935 3961; x_wconf 83' lang='lat' dir='ltr'><strong>vox</strong></span> <span class='ocrx_word' id='word_1_241' title='bbox 949 3909 1060 3974; x_wconf 90' lang='lat' dir='ltr'><strong>protulit</strong></span> <span class='ocrx_word' id='word_1_242' title='bbox 1072 3909 1122 3961; x_wconf 86' lang='lat' dir='ltr'><strong>illi.</strong></span> 
     </span>
    </p>

    <p class='ocr_par' dir='ltr' id='par_1_30' title="bbox 337 3986 1110 4072">
     <span class='ocr_line' id='line_1_37' title="bbox 337 3986 1110 4072; baseline 0 -14"><span class='ocrx_word' id='word_1_243' title='bbox 337 4007 380 4058; x_wconf 76' lang='lat'><strong>27</strong></span> <span class='ocrx_word' id='word_1_244' title='bbox 392 3986 452 4070; x_wconf 69' lang='lat' dir='ltr'><strong>tot),</strong></span> <span class='ocrx_word' id='word_1_245' title='bbox 489 4007 534 4057; x_wconf 87' lang='lat' dir='ltr'><strong>llis</strong></span> <span class='ocrx_word' id='word_1_246' title='bbox 547 4008 582 4057; x_wconf 89' lang='lat' dir='ltr'><strong>ita</strong></span> <span class='ocrx_word' id='word_1_247' title='bbox 596 4006 745 4070; x_wconf 80' lang='lat' dir='ltr'><strong>eompletis,</strong></span> <span class='ocrx_word' id='word_1_248' title='bbox 760 4007 834 4058; x_wconf 87' lang='lat' dir='ltr'><strong>lestis</strong></span> <span class='ocrx_word' id='word_1_249' title='bbox 846 4007 1020 4072; x_wconf 83' lang='lat' dir='ltr'><strong>pascualibus</strong></span> <span class='ocrx_word' id='word_1_250' title='bbox 1033 4009 1110 4065; x_wconf 82' lang='lat' dir='ltr'><strong>actis.</strong></span> 
     </span>
    </p>

    <p class='ocr_par' dir='ltr' id='par_1_31' title="bbox 457 4104 1099 4269">
     <span class='ocr_line' id='line_1_38' title="bbox 457 4104 1099 4170; baseline 0.008 -17"><span class='ocrx_word' id='word_1_251' title='bbox 457 4105 482 4153; x_wconf 79' lang='lat' dir='ltr'><strong>Si</strong></span> <span class='ocrx_word' id='word_1_252' title='bbox 493 4105 565 4169; x_wconf 84' lang='lat' dir='ltr'><strong>juste</strong></span> <span class='ocrx_word' id='word_1_253' title='bbox 576 4110 677 4168; x_wconf 79' lang='lat' dir='ltr'><strong>posset,</strong></span> <span class='ocrx_word' id='word_1_254' title='bbox 692 4104 765 4170; x_wconf 77' lang='lat' dir='ltr'><strong>quod</strong></span> <span class='ocrx_word' id='word_1_255' title='bbox 779 4118 871 4156; x_wconf 89' lang='lat' dir='ltr'><strong>secum</strong></span> <span class='ocrx_word' id='word_1_256' title='bbox 886 4117 997 4170; x_wconf 76' lang='lat' dir='ltr'><strong>pergere</strong></span> <span class='ocrx_word' id='word_1_257' title='bbox 1010 4104 1099 4158; x_wconf 81' lang='lat' dir='ltr'><strong>vellet.</strong></span> 
     </span>
     <span class='ocr_line' id='line_1_39' title="bbox 457 4202 1094 4269; baseline 0 -14"><span class='ocrx_word' id='word_1_258' title='bbox 457 4206 595 4256; x_wconf 85' lang='lat' dir='ltr'><strong>llomanus</strong></span> <span class='ocrx_word' id='word_1_259' title='bbox 608 4202 685 4261; x_wconf 75' lang='lat' dir='ltr'><strong>dixit,</strong></span> <span class='ocrx_word' id='word_1_260' title='bbox 700 4216 761 4255; x_wconf 89' lang='lat' dir='ltr'><strong>oum</strong></span> <span class='ocrx_word' id='word_1_261' title='bbox 773 4205 829 4268; x_wconf 89' lang='lat' dir='ltr'><strong>jam</strong></span> <span class='ocrx_word' id='word_1_262' title='bbox 843 4205 933 4269; x_wconf 86' lang='lat' dir='ltr'><strong>eoepit</strong></span> <span class='ocrx_word' id='word_1_263' title='bbox 947 4203 1094 4269; x_wconf 85' lang='lat' dir='ltr'><strong>proticisci.</strong></span> 
     </span>
    </p>

    <p class='ocr_par' dir='ltr' id='par_1_32' title="bbox 338 4301 1172 4663">
     <span class='ocr_line' id='line_1_40' title="bbox 338 4301 1090 4366; baseline 0.001 -13"><span class='ocrx_word' id='word_1_264' title='bbox 338 4302 382 4353; x_wconf 81' lang='lat'><strong>28</strong></span> <span class='ocrx_word' id='word_1_265' title='bbox 395 4306 455 4366; x_wconf 69' lang='lat'><strong>(33).</strong></span> <span class='ocrx_word' id='word_1_266' title='bbox 493 4304 537 4354; x_wconf 89' lang='lat' dir='ltr'><strong>llis</strong></span> <span class='ocrx_word' id='word_1_267' title='bbox 551 4304 610 4354; x_wconf 85' lang='lat' dir='ltr'><strong>aliis</strong></span> <span class='ocrx_word' id='word_1_268' title='bbox 624 4302 721 4366; x_wconf 81' lang='lat' dir='ltr'><strong>missis,</strong></span> <span class='ocrx_word' id='word_1_269' title='bbox 736 4301 916 4366; x_wconf 86' lang='lat' dir='ltr'><strong>protieiscitur</strong></span> <span class='ocrx_word' id='word_1_270' title='bbox 927 4303 1090 4355; x_wconf 78' lang='lat' dir='ltr'><strong>Aurelianis.</strong></span> 
     </span>
     <span class='ocr_line' id='line_1_41' title="bbox 457 4400 1133 4466; baseline 0.003 -13"><span class='ocrx_word' id='word_1_271' title='bbox 457 4405 576 4453; x_wconf 82' lang='lat' dir='ltr'><strong>btortuus</strong></span> <span class='ocrx_word' id='word_1_272' title='bbox 590 4400 632 4451; x_wconf 82' lang='lat' dir='ltr'><strong>liic</strong></span> <span class='ocrx_word' id='word_1_273' title='bbox 646 4413 709 4452; x_wconf 82' lang='lat' dir='ltr'><strong>vere</strong></span> <span class='ocrx_word' id='word_1_274' title='bbox 723 4401 830 4466; x_wconf 88' lang='lat' dir='ltr'><strong>praesul</strong></span> <span class='ocrx_word' id='word_1_275' title='bbox 844 4401 1057 4455; x_wconf 83' lang='lat' dir='ltr'><strong>cinomannicus</strong></span> <span class='ocrx_word' id='word_1_276' title='bbox 1070 4415 1133 4456; x_wconf 87' lang='lat' dir='ltr'><strong>esse</strong></span> 
     </span>
     <span class='ocr_line' id='line_1_42' title="bbox 458 4500 1172 4568; baseline 0.008 -16"><span class='ocrx_word' id='word_1_277' title='bbox 458 4502 558 4554; x_wconf 79' lang='lat' dir='ltr'><strong>bic-itur</strong></span> <span class='ocrx_word' id='word_1_278' title='bbox 571 4517 577 4551; x_wconf 89' lang='lat'>:</span> <span class='ocrx_word' id='word_1_279' title='bbox 592 4500 664 4552; x_wconf 89' lang='lat' dir='ltr'><strong>uude</strong></span> <span class='ocrx_word' id='word_1_280' title='bbox 678 4500 759 4552; x_wconf 92' lang='lat' dir='ltr'><strong>nimis</strong></span> <span class='ocrx_word' id='word_1_281' title='bbox 772 4501 836 4553; x_wconf 84' lang='lat' dir='ltr'><strong>socii</strong></span> <span class='ocrx_word' id='word_1_282' title='bbox 851 4507 915 4553; x_wconf 92' lang='lat' dir='ltr'><strong>sunt</strong></span> <span class='ocrx_word' id='word_1_283' title='bbox 926 4501 1050 4568; x_wconf 85' lang='lat' dir='ltr'><strong>undique</strong></span> <span class='ocrx_word' id='word_1_284' title='bbox 1062 4505 1172 4559; x_wconf 85' lang='lat' dir='ltr'><strong>maesti.</strong></span> 
     </span>
     <span class='ocr_line' id='line_1_43' title="bbox 458 4598 1124 4663; baseline -0.003 -12"><span class='ocrx_word' id='word_1_285' title='bbox 458 4602 565 4651; x_wconf 79' lang='lat' dir='ltr'><strong>llaurus</strong></span> <span class='ocrx_word' id='word_1_286' title='bbox 578 4599 722 4650; x_wconf 77' lang='lat' dir='ltr'><strong>confestim</strong></span> <span class='ocrx_word' id='word_1_287' title='bbox 736 4610 804 4663; x_wconf 80' lang='lat' dir='ltr'><strong>quos</strong></span> <span class='ocrx_word' id='word_1_288' title='bbox 817 4598 908 4650; x_wconf 74' lang='lat' dir='ltr'><strong>verbis</strong></span> <span class='ocrx_word' id='word_1_289' title='bbox 921 4599 1032 4652; x_wconf 87' lang='lat' dir='ltr'><strong>roborat</strong></span> <span class='ocrx_word' id='word_1_290' title='bbox 1044 4599 1102 4652; x_wconf 89' lang='lat' dir='ltr'><strong>istis</strong></span> <span class='ocrx_word' id='word_1_291' title='bbox 1117 4615 1124 4650; x_wconf 91' lang='lat'>:</span> 
     </span>
    </p>
   </div>
   <div class='ocr_carea' id='block_1_5' title="bbox 0 0 1576 5482">
    <p class='ocr_par' dir='ltr' id='par_1_33' title="bbox 0 0 1576 5482">
     <span class='ocr_line' id='line_1_44' title="bbox 0 0 1576 5482; baseline 0 0"><span class='ocrx_word' id='word_1_292' title='bbox 0 0 1576 5482; x_wconf 95' lang='lat' dir='ltr'><strong> </strong></span> 
     </span>
    </p>
   </div>
  </div>
 </body>
</html>
