3136 5482
185 364 252 432 534
537 383 663 436 ouran.
681 336 785 439 oouu.
803 378 974 432 moroan.
993 379 1074 432 nar.

179 556 284 605 ciorum
298 566 329 606 ex
342 554 480 607 sententia
489 555 690 608 haereticorum
701 553 773 607 idem
784 566 832 606 rex
841 551 975 616 ediderat,
990 549 1154 604 sacerdotali
1168 548 1392 602 auctoritateillrn

45 654 121 708 *sio
182 652 339 718 increpavit,
353 652 427 719 quod
441 653 551 720 pcriidis
564 653 707 707 haereticis
719 653 907 706 auctoritatem
921 649 1110 717 praestasset·.
1122 648 1149 701 si
1164 660 1234 716 ergo
1244 648 1324 702 vitant
1333 660 1393 715 quau

178 755 294 803 mortem
307 757 488 817 praeoptaret,
503 752 612 821 milites,
636 766 705 819 quos
726 753 760 805 ad
781 749 987 819 persequendos
1008 753 1118 801 sanctos
1139 746 1266 814 miserat,
1288 749 1393 801 nauhu

178 856 318 903 revocaret
330 855 357 903 et
367 851 483 904 infames
495 853 700 905 haeresiarchas
712 853 817 905 vinctos
828 850 864 904 ad
882 849 1013 918 palatium
1027 847 1098 901 trabi
1111 860 1172 901 nou
1185 849 1249 901 siue
1259 846 1395 901 murreus

175 950 295 1015 juberet,
308 954 339 1002 ut
350 950 385 1002 ad
397 950 566 1004 audientiam
588 953 658 1018 rogis
670 951 840 1005 discussione
862 951 941 1016 iacta,
961 948 1027 1001 dum
1041 946 1176 1014 perfidiae
1187 959 1257 1001 suae
1268 945 1415 1001 conuehi

179 1049 207 1101 in
219 1054 342 1114 apertum
361 1050 514 1115 prodirent,
537 1050 581 1103 vel
602 1056 668 1102 tune
680 1051 829 1115 imperator
847 1052 1008 1116 agnosceret
1020 1051 1157 1114 quantum
1171 1044 1395 1100 bamtrumeenlr

178 1147 263 1200 sionis
275 1161 324 1213 per
336 1148 459 1202 fraudem
472 1161 567 1202 eorum
580 1147 752 1213 incurrisset,
766 1154 795 1201 et
807 1153 872 1201 tunc
886 1147 914 1199 iu
927 1159 974 1199 eos
988 1145 1081 1224 ipsum
1089 1145 1269 1212 intorqueret
1274 1142 1393 1212 judicium,

180 1246 252 1314 quod
266 1247 318 1313 ipsi
328 1247 356 1298 iu
369 1248 520 1313 pernicicm
533 1253 690 1301 sanctorum
703 1246 879 1301 commentati
891 1250 955 1299 ante
968 1245 1087 1298 brerant.

212 1344 261 1398 16.
276 1345 344 1410 Quid
357 1346 456 1412 plura?
467 1345 610 1412 hthnievit
622 1347 780 1412 imperator,
795 1346 941 1397 mittuntur
952 1343 1044 1412 legati,
1056 1343 1105 1410 qui
1118 1343 1267 1397 retrahant
1275 1340 1393 1396 midbsti

179 1445 342 1498 executione
353 1446 452 1511 prioris
464 1444 594 1498 mandati.
607 1446 656 1497 llic
667 1445 708 1499 vir
729 1445 835 1498 bomini
855 1443 1003 1498 catholicae
1023 1441 1088 1495 ildei
1106 1442 1269 1510 symbolum
1280 1439 1422 1511 apennsli

180 1556 244 1597 mox
256 1548 286 1597 ut
306 1543 446 1598 ‹loctrinae
459 1544 585 1597 salutaris
607 1544 690 1597 verbo
710 1544 862 1611 principem
880 1541 1001 1595 reddidit
1022 1542 1198 1605 innovatum,
1221 1543 1290 1595 mira
1309 1536 1394 1607 resti

181 1650 292 1698 sauctus
303 1658 401 1698 manus
413 1622 551 1711 i'mposuit,
564 1650 592 1697 et
603 1657 667 1697 eece
678 1645 721 1697 eui
735 1643 862 1697 residuae
875 1642 998 1697 sanitatis
1017 1654 1097 1708 spem
1113 1641 1289 1696 medicorum
1300 1653 1340 1695 ars
1349 1638 1392 1693 nul·

182 1747 235 1798 lam
248 1745 418 1811 promiserat,
432 1745 518 1796 sensit
529 1744 580 1797 sibi
594 1744 677 1796 totius
694 1743 818 1810 corporis
837 1742 946 1796 refundi
962 1742 1091 1796 salutem.
1109 1742 1166 1796 Nec
1184 1754 1273 1809 mora,
1290 1744 1393 1808 ΝΜ

181 1850 311 1912 quantam
322 1843 445 1897 ecclesiis
464 1843 509 1897 llel
523 1843 654 1897 intulerat
667 1842 807 1910 injuriam,
818 1842 900 1910 jussit
911 1842 953 1895 his
965 1843 1012 1909 qui
1026 1855 1111 1908 super
1123 1843 1238 1911 negotia
1248 1842 1322 1911 regui
1333 1850 1389 1907 prae

183 1946 314 1999 lecturam
326 1945 452 2012 agebant,
466 1948 496 1996 ut
507 1944 639 1997 tributum
651 1949 679 1996 et
690 1944 831 2011 vectigalia
844 1943 954 2009 publiea
966 1943 1068 1996 sanctis
1086 1943 1135 1996 bei
1148 1943 1274 1997 ecclesiis
1285 1934 1420 1995 concedet!

183 2048 254 2109 rent,
267 2042 315 2096 sed
327 2048 355 2095 et
365 2043 507 2108 ccclesiae,
521 2055 591 2109 quae
601 2048 706 2096 terrore
718 2042 890 2108 imperatoris
902 2041 992 2095 adhuc
1008 2041 1119 2096 clausae
1130 2055 1146 2096 a
1159 2041 1264 2095 dionis
1275 2039 1392 2095 cessabant

183 2141 287 2210 oillciis,
301 2144 481 2209 aperirentur,
504 2145 631 2209 mysteria
651 2146 744 2195 saneta
765 2141 880 2196 liberius
902 2142 1131 2204 instaurarentur,
1150 2136 1389 2196 ministrisbeluni

181 2254 259 2294 versa
270 2255 340 2308 quae
354 2242 463 2294 fuerant
483 2241 592 2295 sublata
609 2241 830 2295 restituerentur.
849 2242 891 2293 Fit
907 2239 1038 2309 gaudium
1056 2244 1084 2295 et
1095 2240 1202 2295 laetitia
1214 2254 1264 2309 per
1274 2240 1390 2295 amram

185 2341 304 2410 regionis
315 2341 452 2407 ecelesias,
474 2340 548 2409 quod
567 2341 716 2407 imperator
736 2340 827 2408 lldem,
849 2353 931 2408 quam
944 2344 1024 2393 antea
1037 2340 1257 2409 impugnaverat,
1266 2340 1390 2408 jamiupe

184 2439 245 2492 riali
257 2440 415 2492 auctoritate
428 2438 565 2492 defendat.
579 2432 618 2491 lt'a
632 2439 741 2492 tandem
753 2438 880 2506 princeps
893 2451 925 2491 ex
937 2441 1114 2505 persecutore
1129 2438 1263 2493 defensor
1273 2438 1357 2500 iactus,
1365 2429 1417 2488 tl!

184 2537 318 2604 expianda
330 2538 434 2605 antiqui
447 2538 547 2590 erroris
559 2537 658 2604 flagitia
668 2537 725 2606 jugi
738 2537 921 2604 paenitentiae
934 2549 964 2589 se
976 2536 1138 2591 humiliatus
1151 2537 1288 2590 astrinxit.

219 2637 333 2690 1'7.Sed
353 2637 462 2690 interim
488 2637 670 2690 meditabatur
687 2637 806 2704 qualiter
817 2636 907 2690 virum
930 2641 985 2690 tam
1004 2635 1128 2690 sobrium
1148 2634 1387 2704 atqueprudeuen.

184 2736 300 2790 maxime
312 2735 394 2802 regiis
405 2734 528 2789 consiliis
537 2733 735 2801 necessarium,
749 2740 882 2802 perpetuo
894 2738 987 2801 posset
998 2734 1129 2788 retinere.
1144 2733 1281 2801 llndeper
1289 2746 1318 2786 se
1326 2736 1389 2796 ttptt

183 2838 257 2889 viros
268 2836 338 2889 altae
349 2836 497 2889 nobilitatis
509 2836 599 2902 coepit
611 2837 733 2888 animum
746 2835 796 2889 viri
809 2839 979 2902 attemptare,
993 2846 1152 2901 proponens
1169 2834 1204 2887 ad
1219 2840 1310 2888 nutum
1326 2830 1389 2898 ipa'ut

185 2934 384 3000 totiusimperii
405 2934 446 2986 sui
460 2935 567 3000 negotia
589 2934 719 2998 pendere.
742 2933 795 2985 Sed
817 2933 1005 2984 imminentem
1026 2933 1179 2986 vocationis
1201 2946 1268 2986 suae
1288 2931 1350 2983 diem
1363 2918 1418 2976 tirii

184 3031 313 3098 providus
324 3032 459 3097 praedixit
471 3033 636 3096 imperatori,
651 3037 677 3084 et
689 3033 770 3097 hujus
783 3033 821 3083 rei
835 3032 919 3098 gratia
929 3032 980 3083 sibi
992 3031 1191 3098 lerosolymam
1202 3046 1262 3085 esse
1272 3039 1387 3099 properau-

186 3131 262 3194 dum,
275 3132 321 3184 ubi
341 3133 495 3196 sepulturae
509 3133 599 3184 locum
620 3131 671 3183 sibi
693 3144 708 3183 a
729 3133 784 3184 lico
802 3143 962 3183 concessum
984 3132 1145 3184 testabatur.
1167 3133 1339 3184 contristatus
1355 3135 1388 3178 ret

187 3232 254 3284 tanti
272 3231 322 3283 uiri
343 3231 476 3290 discessu,
489 3230 569 3282 donis
590 3234 681 3282 tarmn
698 3230 885 3296 imperialibus
905 3229 1048 3297 magnifice
1060 3231 1216 3284 bonoravit.
1228 3225 1387 3298 litquialalc·

187 3330 274 3383 stinae
291 3330 419 3382 iratribus
436 3330 582 3392 metuebat,
597 3343 640 3391 ne,
653 3330 719 3382 dum
732 3334 853 3381 moratur
865 3328 899 3380 ad
912 3328 1051 3395 palatium,
1070 3331 1241 3396 praemissae
1255 3323 1389 3395 tempestatis

188 3442 234 3482 eos
248 3428 365 3495 procella
377 3428 566 3493 oppressisset,
580 3428 643 3480 licet
654 3427 849 3492 lerosolymam
862 3427 902 3479 ire
914 3429 1048 3480 maturius
1060 3434 1259 3494 praeoptasset,
1267 3430 1313 3482 hos
1322 3416 1417 3477 unali

188 3529 336 3595 praeterire
357 3529 452 3587 noluit,
475 3528 565 3580 ierens
583 3541 674 3580 secum
697 3541 801 3580 sacram
823 3528 1005 3593 imperatoris.
1027 3528 1067 3580 lbi
1088 3529 1176 3581 sancti
1191 3520 1388 3583 eteatholieiriu'

186 3629 408 3692 praestantissimi
429 3628 594 3692 sacerdotes,
617 3627 723 3678 amissis
745 3627 836 3690 rebus
860 3627 887 3679 in
905 3627 1022 3680 vinculis
1045 3629 1223 3692 tenebantur,
1246 3634 1342 3695 postera
1360 3621 1390 3673 lic

185 3726 316 3778 catenatis
337 3726 481 3777 ordinibus
505 3726 630 3777 trahendi
653 3725 685 3777 ad
708 3725 847 3792 palatium,
862 3739 924 3778 cum
947 3727 988 3778 vir
1001 3728 1108 3780 bomini
1129 3729 1324 3794 superveniens
1334 3733 1389 3790 prae

186 3827 255 3879 secto
268 3827 344 3879 urbis
364 3841 467 3879 sacram
491 3828 660 3892 imperatoris
676 3828 803 3879 ostendit.
817 3830 873 3890 Qua
886 3827 1013 3894 perlecta,
1028 3829 1116 3879 sancti
1128 3841 1144 3880 a
1157 3829 1281 3883 custodia
1292 3827 1390 3880 relaxar-

186 3933 239 3987 tur,
253 3927 370 3979 honores
383 3926 480 3977 sublati
504 3928 694 3988 restituuntur,
714 3926 846 3979 ecclesiae
868 3931 1034 3987 reserantur,
1056 3927 1216 3981 divinorum
1230 3910 1417 3994 mysteriorud³

186 4025 275 4076 cultus
290 4025 464 4076 instauratur.
480 4027 581 4076 bantur
600 4024 693 4078 laudes
714 4025 861 4090 altissimo,
879 4025 990 4078 auditur
1007 4026 1108 4092 passim
1129 4027 1269 4093 popularis
1280 4020 1391 4079 exultatio,

187 4123 260 4189 quod
286 4124 314 4175 in
345 4122 462 4175 atlventu
492 4124 578 4175 sancti
609 4125 763 4177 barsanorii
787 4123 938 4176 induxisset
959 4137 1043 4190 super
1063 4136 1112 4177 eos
1133 4125 1245 4180 (lisinae
1260 4117 1391 4179 necnee

188 4220 319 4289 dignatio.

222 4319 272 4372 18.
284 4320 350 4373 lntle
363 4320 543 4374 valedicentes
555 4321 760 4387 archiepiscopo
772 4327 799 4374 ct
809 4322 932 4375 salutatis
945 4323 1084 4392 iratribus,
1095 4338 1229 4391 prospero
1238 4323 1388 4378 itinerator

189 4421 318 4485 solymam
333 4421 516 4485 por-venimus.
530 4421 568 4472 lbi
583 4420 691 4488 singula
704 4421 851 4474 lustrantes
861 4421 988 4485 oratoria,
1000 4422 1028 4475 in
1042 4421 1183 4476 Bethleem
1195 4425 1256 4479 loco
1267 4404 1415 4476 dominicali

190 4519 334 4570 nativitatis
351 4519 503 4585 jejunando
526 4524 554 4571 et
575 4519 679 4572 orando
700 4525 805 4584 septem
826 4519 884 4573 dies
909 4521 1096 4586 explevimus3
1118 4521 1147 4573 in
1168 4520 1331 4576 Gethsemaui
1346 4518 1387 4568 loo

188 4619 380 4685 assumptionis
392 4619 486 4671 beatae
498 4620 596 4673 itariae
615 4620 738 4686 quinque
758 4618 817 4672 dies
836 4619 983 4686 exegimus.
1004 4620 1107 4682 Quibus
1119 4621 1243 4688 expletis,
1257 4620 1384 4674 aitsanctus
