3136 5482
279 384 372 434 BlBL.
390 385 474 436 naa.
492 385 610 436 eurus.
627 404 674 415 —
688 383 841 433 areuna.
860 383 907 432 nu
924 382 1002 432 oon:
1022 379 1083 430 roc.
1292 357 1315 425 7

77 552 201 606 luerunt
210 552 288 620 lirae,
300 550 423 606 ardentis
435 553 543 618 puellae
552 553 643 618 matri,
656 557 687 605 ut
698 551 733 605 ad
745 556 800 604 tam
814 551 924 615 pretiosi
937 551 987 603 viri
1003 549 1158 616 sepulcrum
1171 543 1317 598 mirificum

77 662 165 703 suam
179 649 261 703 liliam
273 648 437 717 quantocius
453 650 620 704 conduceret
636 651 788 704 ardentem.
802 650 871 714 Quid
889 650 988 716 plura?
1007 650 1081 702 Licet
1098 647 1185 710 tarde,
1205 656 1319 699 concur·

78 754 184 802 rerunt
205 750 256 801 Eva
274 753 362 803 mater
381 762 448 803 sana
463 763 511 815 pro
532 750 637 803 viribus
658 756 685 803 et
705 752 829 803 Susanna
850 749 952 802 ardens
975 747 1040 813 filia,
1063 745 1196 800 auxilium
1220 741 1318 796 salutis

79 852 310 917 praestolantesa
323 853 403 906 beato
416 853 517 905 Hilario
530 852 656 919 praesule
668 852 931 918 praecellentissimo
941 862 1016 903 more
1026 851 1082 916 jam
1093 845 1183 909 solito,
1191 841 1316 912 plurimis

36 953 59 1002 ὅ
78 948 288 1003 infirmantibus
300 949 467 1018 [sanitatem]
478 951 545 1004 dare
556 952 662 1004 Christo
674 951 782 1004 invente
793 955 934 1004 consueto.

112 1047 339 1100 adunantem
360 1047 570 1101 descendissent
589 1051 716 1100 materet
737 1046 841 1100 illaad
864 1045 967 1100 Biberis
988 1043 1113 1107 liuvium,
1126 1056 1173 1110 pes
1193 1041 1315 1095 ardentis

76 1143 201 1210 cecidit;
214 1151 240 1198 et
252 1145 352 1212 pietate
365 1147 421 1209 liei,
434 1150 465 1199 ut
476 1146 604 1199 viderunt
617 1146 706 1199 locum
719 1146 847 1211 sepulcri,
860 1159 875 1198 a
888 1144 979 1211 puella
991 1142 1099 1199 ardenti
1111 1142 1224 1195 recessit
1234 1140 1316 1193 ardor

77 1243 216 1296 incendii.
228 1245 322 1296 statim
332 1244 460 1297 clamavit
468 1245 558 1310 puella
573 1256 665 1298 coram
678 1244 785 1297 cunctis
797 1262 804 1293 z
818 1243 913 1296 Salva
924 1256 994 1295 sam
1006 1244 1101 1309 atque
1111 1253 1191 1294 sana
1203 1239 1315 1293 diuina

76 1340 204 1395 Christi
213 1343 376 1396 elementia
383 1355 445 1410 per
462 1342 544 1396 beati
564 1343 686 1396 Hilarii
702 1343 826 1396 merita.
840 1341 974 1395 velociter
990 1347 1083 1394 autem
1097 1353 1145 1406 pro
1163 1339 1267 1391 viribus
1279 1337 1313 1391 ad

23 1443 61 1495 lt)
77 1441 184 1493 atrium
198 1448 372 1495 accesserunt
392 1442 426 1495 ad
447 1455 611 1508 vesperum3
634 1442 727 1495 sedato
749 1441 878 1494 incendio
899 1440 1004 1507 puellae
1015 1441 1161 1507 jacuerunt
1177 1439 1214 1492 ihi
1235 1442 1315 1491 nocte

76 1540 126 1592 illa
141 1547 228 1592 mater
239 1553 300 1593 eum
323 1540 389 1593 lilia.
401 1543 460 1594 lam
481 1555 547 1595 vcro
560 1541 742 1609 quadraginta
763 1541 823 1594 dics
836 1548 862 1593 ct
882 1547 975 1595 noctes
989 1544 1163 1593 excesserant
1176 1538 1315 1606 inquibus

74 1640 217 1695 laboravit
236 1641 297 1694 sinc
314 1654 411 1695 somno
433 1641 492 1709 ipsa
506 1643 606 1695 ardens
627 1642 727 1708 puella,
741 1647 771 1694 ut
792 1655 842 1695 sua
862 1642 980 1709 genitrix
1005 1641 1151 1694 fatebatur.
1166 1642 1226 1706 lpsa
1249 1650 1315 1692 vero

75 1744 171 1803 nocte,
186 1740 231 1793 liei
243 1740 342 1805 pietate
359 1747 387 1793 et
401 1741 481 1794 beato
496 1741 555 1794 viro
567 1740 719 1795 auxiliante
732 1739 847 1806 Hilario,
860 1740 990 1794 dormivit
1001 1743 1129 1794 Susanna
1142 1739 1247 1805 absque
1259 1737 1314 1790 ulla

75 1838 205 1893 incendii
226 1838 403 1909 fatigatione3
417 1847 445 1894 et
457 1847 487 1893 ut
499 1840 552 1894 sibi
573 1842 662 1894 visum
683 1848 724 1894 est
736 1852 887 1908 numquam
909 1854 938 1894 se
951 1847 1005 1893 tam
1018 1838 1131 1893 suavius
1142 1837 1313 1892 dormivisse.

22 1935 60 1986 ¹5
76 1941 205 2006 Experge
216 1946 306 1993 autem
320 1940 390 1993 lacta
402 1938 473 1992 dixit
485 1954 493 1992 ε
510 1939 629 1994 obeate
639 1940 762 1994 Hilarii
773 1943 791 2008 ⁴,
801 1941 891 2006 cepas
904 1939 1061 1993 beatitudo
1079 1941 1143 1991 tam
1150 1938 1315 2006 praecelsa

75 2040 126 2090 est
139 2038 227 2104 apud
240 2039 335 2091 Deam
348 2038 382 2090 ia
394 2040 489 2106 caela,
496 2051 595 2106 porro
608 2038 690 2092 beati
701 2039 757 2107 qai
767 2038 911 2092 habitarit
923 2039 957 2091 ia
973 2038 1122 2116 praecimo
1134 2037 1177 2090 ad
1192 2036 1315 2089 atrium

76 2136 229 2190 ccclesiae
240 2138 404 2205 mausolei,
418 2150 477 2205 qao
489 2138 579 2192 beata
592 2138 756 2205 quiescant
770 2139 909 2206 corporis
923 2138 971 2191 tai
984 2136 1132 2190 ritemdra.

111 2239 148 2289 4.
160 2238 228 2288 cum
238 2237 306 2290 haec
315 2236 380 2289 talia
392 2237 496 2290 diceret
506 2239 575 2304 ipsa,
586 2236 664 2290 adult
673 2237 711 2290 ibi
721 2237 834 2305 quidam
845 2237 973 2290 sacerdos
984 2237 1067 2303 ipsius
1077 2235 1129 2289 loci
1142 2235 1314 2299 secretarius,

77 2336 275 2400 interrogans:
300 2334 441 2395 Qualiter
459 2339 488 2388 te
506 2336 654 2402 contines,
677 2336 817 2389 miserat
837 2338 869 2387 lt
890 2336 955 2388 ilia:
979 2334 1100 2390 Christo
1108 2334 1313 2402 propitiante,

21 2427 61 2479 ἱ)
77 2434 186 2501 inquit,
197 2434 323 2486 natium
335 2433 475 2488 ascendii
490 2435 628 2488 datorem
645 2434 852 2502 precibusque
873 2435 972 2488 sentio
992 2433 1105 2501 sancti,
1117 2434 1182 2486 atsi
1198 2434 1315 2487 solam·

75 2532 171 2586 modo
179 2533 469 2600 semperstantes
482 2533 626 2601 defluant
638 2533 677 2586 cte
688 2533 790 2601 ipsias
797 2534 890 2600 pedis
901 2546 989 2601 quem
997 2532 1128 2600 perdidi
1139 2532 1233 2586 venis.
1242 2533 1314 2585 idem

75 2645 145 2685 vero
157 2632 286 2685 sacerdos
296 2632 416 2685 cucurrit
427 2632 564 2698 extemplo
576 2631 708 2685 nuntians
720 2634 829 2699 rectori,
839 2633 897 2686 viro
907 2632 1034 2685 videlicet
1047 2632 1181 2686 catholico
1191 2631 1312 2698 ejusdem

73 2730 153 2785 neeri
166 2731 218 2783 viri
234 2730 368 2784 ecclesiae
378 2730 493 2797 decarm,
506 2745 577 2798 quae
590 2732 662 2785 dixit
684 2732 857 2798 paupercula.
873 2733 923 2795 Qui
944 2732 1035 2785 statim
1048 2732 1119 2784 lusis
1134 2745 1199 2798 prae
1210 2731 1313 2799 gaudio

73 2829 211 2895 lacrimis,
223 2829 386 2895 quantocius
398 2829 433 2882 ad
446 2831 582 2883 tumulum
596 2830 669 2884 beati
684 2830 792 2896 patroni
810 2830 973 2897 Aquitaniae
991 2832 1155 2897 properavit,
1172 2810 1273 2898 rogans
1284 2835 1315 2883 ut

20 2927 58 2980 z
74 2942 176 2984 omnes
194 2928 275 2983 adelti
286 2931 430 2996 optimates
449 2929 484 2983 ad
506 2931 650 2984 ecclesiam
663 2929 776 2984 insimul
789 2932 986 2996 convenirent;
1002 2931 1075 2998 quod
1088 2931 1123 2984 ita
1153 2930 1253 2983 iactum
1275 2936 1316 2983 est

74 3029 194 3083 sabbato
206 3028 251 3082 dic
271 3029 360 3097 vigilia
373 3034 562 3095 pentecosten.
575 3033 642 3083 cum
663 3036 755 3084 autem
774 3031 901 3084 inunum
925 3030 1118 3084 convenissent
1140 3030 1315 3083 iratrcsante

72 3130 164 3182 altare
174 3129 328 3182 incircuitu
341 3129 495 3182 incentivae
504 3129 685 3196 dicentislam
696 3142 726 3182 se
738 3142 793 3182 non
803 3130 905 3183 sentire
918 3130 1076 3183 incendium
1086 3143 1151 3182 suae
1162 3130 1310 3197 passionis,

73 3230 197 3281 caduce
208 3229 216 3245 ⁸
229 3227 359 3280 fuderunt
366 3240 461 3293 preces
471 3228 585 3281 liomino
599 3228 752 3294 praeclaras
764 3227 888 3294 odasque
900 3241 997 3280 suaves
1010 3232 1037 3280 et
1049 3227 1187 3291 mirilicas,
1200 3233 1305 3280 saneto·
1328 3231 1337 3247 ·
1351 3227 1396 3279 ita
1408 3227 1473 3281 aad.

72 3341 137 3381 rum
150 3327 290 3380 orationes
300 3326 470 3381 unanimiter
487 3327 674 3392 implorantes,
690 3326 927 3393 hymnidicisque·
946 3325 1060 3379 vocibus
1073 3339 1134 3379 cum
1148 3326 1305 3392 psalmodiis
1366 3326 1451 3380 ‘aad

15 3429 52 3480 id
68 3425 212 3479 dormtum
229 3423 304 3491 pium
324 3423 512 3478 collaudantes
528 3425 564 3478 ita
577 3441 584 3476 :
597 3425 671 3478 Jesa
684 3422 768 3492 eoae,
782 3424 898 3477 deratra
916 3425 1034 3491 Patris,
1047 3437 1136 3478 meas
1151 3426 1180 3476 et
1192 3437 1304 3490 apricis,
1339 3393 1473 3524 ἀξοζξῑᾳᾞξ

69 3527 141 3593 ipse
153 3523 238 3591 lapis
257 3523 435 3592 capularis,
447 3523 595 3578 ecelesiae
605 3537 748 3592 sponsas,
761 3524 909 3577 columna
922 3523 1090 3577 interceditis
1109 3522 1250 3575 arnar‘bas
1272 3522 1307 3574 ia

69 3628 99 3677 te
120 3621 300 3691 fidentibus,
313 3624 343 3676 et
361 3622 493 3690 flamma
513 3622 612 3688 Mopsi
628 3624 663 3675 ia
680 3622 757 3676 rade
775 3622 784 3641 ·
798 3622 991 3690 apparuisti,
1008 3624 1121 3689 pastor
1140 3634 1260 3688 qaoque
1277 3623 1307 3674 et
1324 3623 1333 3640 ·
1349 3621 1392 3670 ita
1405 3621 1471 3674 rod.

59 3724 174 3789 janua
194 3724 288 3788 ateste
306 3721 360 3774 via
379 3722 557 3789 veritasque
567 3725 596 3776 et
616 3723 953 3790 praeoperatrice
974 3721 1119 3776 honorem
1141 3721 1233 3776 hodic
1253 3724 1306 3775 tao

66 3820 165 3890 fideii
175 3818 263 3873 beata
275 3820 411 3886 Hilario,
423 3820 467 3873 aa
486 3820 577 3886 oraim
588 3819 708 3873 atrium
722 3818 796 3873 haec
808 3820 989 3873 miserrima
1001 3819 1134 3874 deducta
1146 3823 1201 3888 est,
1215 3820 1308 3873 iater-

16 3922 52 3973 Β
68 3922 166 3975 ventu
176 3919 285 3974 deame
293 3920 416 3974 Mariae
421 3921 585 3988 pertitrieis
595 3924 676 3987 tuae,
683 3920 726 3973 ad
735 3934 829 3987 qaam
837 3920 964 3975 Gabriel
973 3919 1182 3988 archarrpetas
1189 3934 1310 3973 anitien-

70 4021 167 4075 tiaeit
179 4018 356 4083 caterbam
368 4020 477 4073 Patris
488 4019 550 4073 cidi
561 4022 768 4086 coaeternam,
780 4020 901 4086 Spiritu
912 4022 1021 4074 saneto
1035 4022 1218 4087 cooperante
1229 4020 1310 4085 qaod

68 4119 254 4185 conceptam
265 4119 310 4170 est
321 4120 350 4170 et
362 4121 540 4185 sareptam
552 4118 585 4170 in
598 4121 686 4171 atera
698 4120 849 4172 materno.
863 4118 947 4172 Haec
961 4120 1007 4171 est
1026 4131 1159 4183 sesama,
1173 4117 1248 4172 liaeo
1264 4120 1310 4171 est

67 4218 186 4271 saneta
200 4216 377 4283 virpo‚cera
390 4219 491 4269 mater
501 4215 698 4282 veteraditr's,
709 4229 787 4282 qaae
797 4228 818 4268 a
830 4215 893 4283 fide
904 4227 966 4268 aaa
979 4215 1114 4282 recessit,
1125 4216 1179 4268 sed
1187 4215 1310 4269 restitit

66 4314 208 4370 stabilis.
221 4314 331 4383 Ipitur,
344 4327 362 4368 o
369 4317 484 4382 pastor
494 4313 577 4382 dane,
590 4326 654 4368 rma
672 4313 770 4381 orodis,
784 4313 921 4381 Domine,
935 4327 999 4368 aaa
1009 4313 1107 4380 nabis,
1121 4314 1175 4366 sea
1187 4314 1310 4366 reamini

18 4416 50 4467 tu
67 4417 124 4469 tao
135 4413 338 4481 duplarium,
346 4413 500 4481 praederis
512 4412 586 4467 lvaic
599 4414 742 4480 captivae
757 4414 910 4467 rnedelam
923 4416 997 4467 tuae
1011 4412 1257 4481 misericordiae,
1274 4415 1309 4466 ut

67 4514 109 4568 ab
119 4511 268 4569 omnibus
276 4513 475 4582 parificetur
485 4525 597 4567 nomen
609 4516 699 4566 taam
711 4513 746 4564 ia
758 4516 930 4566 aetermam.
945 4513 1007 4566 Post
1019 4512 1086 4565 llaec
1098 4513 1202 4579 expleta
1215 4512 1310 4566 divina

68 4612 204 4680 mysteria
223 4612 310 4678 ipsius
331 4612 397 4678 diei,
418 4611 447 4665 id
468 4616 508 4664 est
529 4611 620 4680 vigilia
640 4615 829 4677 pentecosten,
842 4613 1035 4679 unusquisque
1057 4624 1119 4664 cum
1142 4612 1251 4666 silentio
1274 4611 1308 4664 ad
