3136 5482
165 328 230 392 448
512 341 637 391 aaran.
657 340 759 390 conn.
778 339 952 390 uuo1oon.
971 338 1054 388 nnn.

168 509 316 576 Christus,
328 522 388 563 rece
395 509 594 576 qloriae,non
604 508 689 562 uenit
694 510 874 575 peccatores
881 507 1017 575 perdere
1027 518 1085 560 nee
1096 505 1181 560 oioos
1191 505 1381 572 mortificate,

162 609 216 662 sed
236 610 317 676 quod
336 609 480 675 perierat
502 610 628 661 salvum
647 606 754 675 faeere
773 609 803 660 et
822 608 961 660 mortuos
982 604 1243 673 vivificareipsa
1262 617 1296 657 ae
1312 603 1380 657 autu

159 709 302 775 peremit,
315 721 397 775 quae
408 708 498 775 filiae
515 719 594 761 suae
605 707 788 760 malesanae
799 706 913 760 mentis
924 708 998 760 astu
1015 717 1119 760 necem
1133 702 1377 772 parasitando

161 808 304 876 equidem
322 808 455 862 hermani
464 807 587 876 perieris
600 807 752 873 antiquas
764 805 823 861 itae
844 806 1024 861 calliditate
1044 804 1225 872 qraenmiam
1235 804 1372 857 nocerim

162 909 273 962 suadet
284 907 442 975 quoddam
455 906 677 973 offendieittum
688 905 789 960 alicui
795 917 928 973 parare,
941 904 1092 972 quatinus
1103 916 1166 970 per
1179 900 1395 969 idipsumpoot

161 1006 204 1059 sit
216 1007 310 1059 iilum
322 1004 522 1073 corifuudere,
533 1018 592 1072 per
603 1005 686 1073 quod
698 1006 764 1071 ipse
783 1004 943 1059 nitebatur
954 1003 1057 1057 atium
1069 1003 1204 1057 taedere.
1217 1002 1286 1055 nau
1296 1004 1370 1053 sauro

163 1106 353 1171 ratiocinante,
367 1109 495 1159 Deuseor
515 1105 588 1158 atiud
614 1105 765 1157 immutavit
783 1104 890 1156 mulieri
910 1102 1076 1169 praedictae,
1098 1108 1128 1154 ut
1148 1114 1241 1154 eoram
1261 1098 1368 1153 omnibus

163 1204 225 1257 faeti
238 1206 279 1256 sui
302 1205 444 1271 paenitens
464 1205 493 1257 in
513 1203 634 1256 medium
652 1205 758 1257 veniret
769 1208 796 1256 et
818 1205 846 1255 in
860 1212 960 1255 terrani
973 1206 1037 1256 ante
1055 1201 1143 1254 saneti
1156 1200 1250 1267 prodes,
1262 1198 1315 1252 ilios
1328 1210 1368 1249 aar

162 1304 293 1368 plectens,
305 1304 332 1356 in
345 1304 441 1356 faeiem
454 1307 639 1368 ructantium
652 1303 763 1370 largiter
776 1302 853 1368 tiens,
871 1301 997 1355 clamavit
1008 1300 1104 1353 dicens
1118 1314 1125 1349 :
1142 1300 1248 1353 overe
1265 1296 1367 1351 Deion

161 1401 330 1468 nipotentis
342 1415 437 1469 serve,
445 1415 505 1470 per
517 1402 621 1468 ipsum
632 1401 684 1455 eui
696 1400 878 1467 famularis,
887 1402 1089 1467 peecatorum
1102 1399 1296 1464 salvatorem
1306 1404 1367 1448 mor·
1379 1392 1401 1444 ti

161 1504 286 1555 tuorum
311 1502 545 1570 vivificatorem,
560 1500 709 1555 octaorum
718 1513 779 1567 pro
799 1499 894 1553 maiis
914 1498 1143 1567 retributorem,
1163 1493 1367 1551 muerioortcn

162 1601 301 1654 omnium
313 1602 355 1655 ad
373 1615 405 1655 se
416 1602 626 1655 clamantium
639 1601 673 1652 in
690 1600 822 1654 ueritate
840 1599 1068 1666 exauditorem,
1083 1602 1112 1652 te
1122 1598 1269 1666 deprecor
1280 1598 1310 1649 ut
1322 1591 1368 1647 uei

162 1699 352 1769 miserearis,
366 1704 395 1754 et
414 1714 452 1754 eci
473 1714 553 1767 qnae
575 1701 670 1768 impie
687 1698 770 1769 pessi
788 1698 1100 1753 obliviscarisverus
1111 1710 1213 1753 sermo
1224 1700 1302 1762 tuus,
1314 1704 1365 1747 mor

162 1799 267 1851 autem
284 1798 369 1853 dicta
390 1797 528 1867 fallacia
547 1800 596 1852 oei
614 1800 779 1853 mendacia
800 1802 829 1854 et
847 1813 942 1866 opera
962 1798 1103 1869 nesorio.
1115 1800 1190 1863 Fac,
1202 1809 1264 1865 ore,
1281 1796 1310 1849 iu
1329 1804 1366 1845 ue

161 1895 423 1965 irriser'icordiam,
437 1900 526 1951 tunm
544 1898 710 1952 Dooninum
727 1911 864 1953 eaorans
882 1899 1160 1954 euidentissimum
1170 1896 1312 1966 qimttuua
1320 1888 1397 1961 perii

163 1999 192 2048 te
203 2008 304 2049 meam
316 1997 420 2065 filiam
441 1996 520 2050 mitu'
537 1998 651 2051 reddat
662 1998 846 2065 redivivam,
859 2012 954 2067 quam
976 2000 1155 2053 iunocenter
1166 1996 1248 2051 mori
1264 1990 1366 2057 ΜΨ

157 2098 288 2162 propter
305 2110 407 2150 meum
420 2098 576 2150 nteritum.
590 2097 629 2150 nd
643 2099 713 2151 hanc
726 2098 844 2151 tiehilem
859 2099 1027 2152 lacrimantis
1039 2098 1164 2151 mulieris
1181 2108 1271 2151 vocent
1286 2088 1366 2147 emoli-

164 2201 221 2248 tum
231 2203 272 2249 est
282 2209 329 2250 eor
338 2198 461 2251 omnium
472 2204 535 2252 ante
544 2199 614 2251 maie
624 2198 674 2251 sihi
685 2198 880 2262 volentium,et
890 2198 1068 2252 sanctumitei
1076 2190 1368 2263 coepentntunaniniitt

165 2296 280 2364 rogitare
293 2297 424 2350 famulum
437 2303 466 2350 ut
487 2297 559 2350 illius
572 2297 690 2350 dolentis
709 2299 893 2363 misereretur,
905 2297 939 2351 ab
957 2295 1151 2363 omnipotente
1171 2286 1365 2362 quaerentoiii

165 2392 332 2462 suffragium,
354 2397 482 2463 quatinus
503 2397 563 2463 ipse
584 2410 662 2450 suam
680 2396 733 2450 sibi
754 2396 850 2452 reddat
871 2396 954 2450 titiam
977 2396 1005 2449 in
1028 2400 1130 2449 statum
1150 2395 1221 2448 vitae
1237 2384 1397 2460 anatinam-¹

166 2494 284 2556 Quorum
306 2496 444 2563 rogatibus
466 2496 505 2548 sie
522 2502 632 2549 sanetus
659 2496 748 2563 inquit
769 2502 877 2563 rogatus
900 2511 906 2547 :
928 2493 1013 2548 Licet
1033 2505 1097 2548 nou
1116 2492 1183 2559 ejus
1202 2488 1367 2545 mereret&

165 2605 269 2661 opera,
285 2606 434 2649 meumes
454 2598 558 2649 tamen
577 2595 792 2664 beniquissimi
811 2595 935 2649 Doruini
965 2594 1008 2648 ad
1028 2592 1202 2661 auczpuns
1223 2584 1366 2658 immtit:

168 2714 178 2743 α
203 2695 294 2749 oram
307 2708 369 2762 pro
380 2695 637 2763 persequentibus
650 2700 679 2750 et
699 2692 970 2750 calumniantibus
990 2706 1052 2760 eos,
1071 2696 1108 2746 ut
1126 2692 1198 2745 sitis
1214 2690 1275 2760 filii
1284 2682 1366 2757 qaut

164 2794 261 2848 vestri
272 2795 327 2862 qui
339 2796 373 2848 in
384 2796 482 2850 caelis
493 2798 547 2863 est,
561 2796 616 2863 qui
627 2797 721 2850 solem
734 2808 828 2849 sunm
848 2794 930 2849 oriri
944 2794 1025 2861 facit
1045 2805 1141 2860 super
1152 2791 1243 2846 bonos
1253 2791 1281 2843 et
1290 2784 1367 2839 maht

163 2896 192 2946 et
199 2894 286 2960 ptuit
304 2907 398 2960 super
411 2895 515 2959 justos
536 2896 565 2947 ei
586 2894 719 2958 iniustos
743 2912 764 2961 s,
779 2894 808 2946 si
828 2894 862 2946 in
883 2906 1045 2947 eom-mune
1057 2893 1188 2959 praesto
1199 2889 1272 2943 estis
1289 2876 1398 2953 opsiti!

163 2992 451 3046 misericordissimi
461 2993 543 3058 repis
555 2994 753 3045 eternentiarn
773 2993 937 3059 deprecari
959 2994 993 3042 ut
1008 3004 1069 3057 per
1089 2993 1215 3043 nostras
1229 2985 1367 3055 petitine

164 3090 245 3145 lianc
256 3094 410 3146 deteretem
433 3093 579 3158 diquetur
600 3094 767 3159 consolari,
782 3104 849 3146 ecee
870 3103 922 3158 eqo
943 3090 1099 3143 eooisutm
1119 3102 1190 3141 siim
1205 3086 1367 3154 precaturus

165 3190 257 3242 ittam
265 3195 404 3258 praesto,
418 3192 455 3243 de
475 3191 565 3255 orqirts
579 3191 760 3257 turpissima
777 3190 898 3256 pietate
917 3202 977 3241 uon
991 3189 1129 3254 despero.
1144 3187 1214 3253 Ipse
1232 3183 1307 3237 enim
1317 3176 1366 3232 suis

164 3289 212 3341 uit
225 3289 257 3341 in
269 3290 427 3357 eoaupeit'o
441 3308 448 3343 :
464 3308 473 3338 r
488 3291 592 3355 Arrun,
607 3303 707 3357 arinen,
722 3290 791 3343 dico
800 3289 883 3342 nobis
896 3290 944 3343 :si
955 3288 1031 3355 quid
1035 3285 1216 3354 petimina
1226 3276 1366 3337 Putremi't

164 3388 289 3440 acontiae
300 3401 374 3441 meo.
388 3388 473 3440 dabit
487 3388 587 3453 voitis3
602 3408 612 3438 i
627 3392 655 3441 et
667 3390 732 3442 aiio
746 3391 779 3441 in
793 3390 857 3442 ioco
871 3407 879 3441 .·
894 3406 904 3437 t
919 3388 950 3441 Si
962 3389 1024 3440 duo
1036 3399 1076 3439 en·
1087 3384 1173 3439 eoois
1185 3366 1397 3438 consenseriut,

164 3500 260 3554 suuper
272 3490 398 3554 terram,
413 3489 450 3540 dc
472 3489 557 3541 oriem?
574 3501 608 3540 re
620 3489 832 3555 quodcumque
847 3487 999 3554 petierint
1016 3486 1070 3554 fiet
1092 3485 1170 3552 ipsis
1187 3496 1206 3536 a
1219 3485 1306 3550 patre
1319 3484 1367 3527 mit

166 3586 220 3653 qui
232 3587 266 3639 in·
285 3589 382 3641 erretis
402 3591 465 3653 est,·
478 3588 626 3640 ridicu-im
644 3590 705 3641 diro
726 3590 774 3640 oet
795 3591 857 3641 tres
878 3583 1057 3653 conpreqati
1076 3584 1199 3652 fuerint
1220 3582 1252 3635 in
1271 3572 1367 3632 ›tmitine

165 3700 240 3754 tneo,
254 3687 296 3739 iot
307 3702 377 3741 suin
390 3688 423 3739 iu
436 3686 535 3740 medio
547 3699 663 3741 eorum.
680 3704 690 3734 ι
710 3686 880 3740 Videndum
891 3687 936 3738 est
954 3688 1059 3737 autem
1071 3683 1184 3749 cuique
1205 3672 1365 3742 Deuiimttlt

160 3787 281 3853 petenti
293 3789 327 3839 nt
339 3787 441 3855 fiderit,
455 3786 493 3838 de
505 3787 681 3852 qnajiistus
693 3786 779 3853 vivit,
791 3784 912 3851 lrabeat,
923 3784 991 3836 sine
1003 3795 1066 3849 qua
1079 3779 1266 3849 itimossibiie
1275 3778 1315 3829 est
1323 3772 1366 3825 no

160 3888 290 3953 placere
300 3889 328 3938 et
340 3898 604 3952 quorumcumque
616 3886 782 3952 petitiones
790 3886 978 3951 permanent
996 3894 1115 3936 cassae.
1132 3881 1228 3940 otram
1244 3876 1272 3930 si
1281 3860 1395 3925 inimi}

166 3987 275 4051 rimus,
285 3987 400 4052 procui
412 3984 504 4038 sintrio
516 3984 752 4051 iniqn’traoimus
764 3984 913 4050 quiequid
925 3996 945 4035 a
962 3965 1366 4047 Donttuojnstepostuiaurt'·

165 4098 245 4136 ireres.
257 4087 300 4136 De
310 4085 400 4150 etq'us
412 4084 531 4150 efficaci
542 4085 658 4136 virtute
677 4084 796 4136 Veritas
808 4084 851 4135 ud
863 4081 1034 4148 discipulos
1049 4082 1177 4147 loquens
1188 4078 1233 4130 ait
1245 4094 1254 4129 :
1267 4094 1276 4122 ι
1294 4072 1364 4125 ,ineu

166 4184 234 4237 dieo
246 4183 337 4251 vobis,
351 4185 379 4235 si
400 4182 574 4236 habitaretis
597 4183 689 4251 fidem
709 4183 790 4235 sient
810 4194 948 4249 qranttm
967 4180 1091 4246 sinapis
1111 4181 1141 4231 et
1161 4173 1297 4230 dicastis
1313 4163 1365 4219 iric

167 4282 280 4333 utenti:
296 4281 400 4333 transi
409 4279 491 4343 iu’n-o,
501 4284 530 4334 et
544 4281 687 4346 transiet,
698 4283 727 4333 et
739 4279 822 4331 uiuit
836 4278 1027 4346 impossibiie
1034 4277 1097 4331 erit
1108 4275 1224 4328 vodis.»
1236 4266 1364 4331 Quotiitss·

166 4380 477 4447 destruemonemus
502 4383 544 4434 ad
568 4381 732 4434 Dominum
756 4394 827 4434 eum
850 4379 922 4447 fide,
933 4391 992 4445 per
1014 4390 1110 4445 quam
1133 4373 1236 4429 saneti
1255 4354 1397 4422 uicatim

167 4492 274 4547 reqna,
288 4481 410 4546 opunti
421 4480 672 4546 srtaijtrsti'it'arit,
686 4479 792 4545 adepti
803 4481 878 4531 sicut
895 4476 1162 4544 repromissiones,
1175 4470 1312 4540 quatinus
1321 4466 1366 4526 pa

167 4582 292 4632 nostras
296 4580 463 4645 petitiones
475 4579 556 4632 tritine
565 4579 719 4632 dolendam
728 4576 887 4631 consolari
896 4576 1052 4643 diqnetur,
1062 4571 1216 4628 reddendo
1224 4558 1366 4631 sattfitiat
