3136 5482
331 363 424 413 BIBL.
444 363 527 414 ΝΑΤ.
547 363 662 414 ansts.
681 383 726 394 -·
741 363 895 414 APPEND.
915 363 962 413 ΑΙ)
979 363 1057 414 001).
1076 362 1154 414 5271.
1292 349 1358 415 419

138 531 355 599 lereiinguam,
379 535 409 585 et
429 545 615 600 quocumque
634 533 720 599 ieris,
744 535 843 586 tecum
867 531 1050 585 individuus
1064 545 1204 599 pergam.
1229 534 1359 600 cognovit

138 637 220 698 taque
234 631 352 698 populus
364 631 437 698 quod
450 637 574 698 patenter
586 636 659 685 esset
671 633 717 685 bei
731 645 826 686 servus
838 645 919 698 quem
933 634 1004 685 bens
1014 633 1098 685 tantis
1108 633 1239 686 virtutum
1248 632 1360 687 decora·

138 734 173 782 tat
185 730 369 798 magnalibus.

159 831 194 883 ’1.
207 831 291 884 liulta
302 845 413 899 auoque
434 837 459 885 et
472 833 617 885 innumera
639 831 773 885 mirabilia
792 846 842 898 per
854 845 917 885 eum
935 832 975 884 vis
987 831 1079 885 divina
1091 832 1234 886 exercebat
1245 845 1316 900 quae
1334 836 1362 886 et

138 930 239 985 :arrula
252 932 350 999 pagina
362 931 464 999 refugit
484 935 511 984 ct
523 937 615 984 nostra
637 931 734 984 relatio
753 944 819 998 prae
840 932 881 984 sui
895 930 1082 999 magnitudine
1095 932 1232 997 praeterit.
1245 935 1298 985 Nec
1310 932 1358 984 du·

138 1031 205 1083 tium
217 1030 294 1096 quod
307 1031 335 1083 in
356 1031 477 1083 minimis
498 1030 581 1084 tuerit
602 1032 829 1097 promptissimus,
843 1032 890 1097 qui
911 1032 940 1083 in
962 1033 1086 1085 maximis
1104 1037 1160 1085 tam
1181 1033 1308 1085 inventus
1320 1036 1362 1086 cst

138 1128 344 1181 ¹dicacissimus.
357 1132 423 1182 Nam
436 1134 466 1181 ut
484 1128 600 1194 plurima
618 1136 798 1195 praeteream,
812 1129 944 1182 subducta
964 1143 1107 1184 caecorum
1125 1130 1289 1196 plerumque
1303 1129 1361 1184 red·

138 1228 199 1282 lidit
211 1227 316 1281 lumina
329 1230 355 1281 et
373 1229 473 1280 intorta
485 1228 645 1281 claudorum
664 1230 798 1295 reparavit
815 1228 936 1297 vestigia,
950 1229 1004 1281 illis
1021 1228 1132 1282 videndi
1153 1242 1234 1281 usum
1255 1242 1286 1282 ae
1304 1229 1363 1282 istis

138 1326 291 1381 mbulandi
305 1334 446 1393 praestans
458 1326 586 1380 otlicium.
600 1327 712 1392 surdos,
728 1340 849 1388 mancos,
864 1327 955 1381 aridos
972 1341 1053 1394 saepe
1072 1327 1208 1381 relevabat
1226 1340 1278 1393 ope
1297 1341 1364 1381 suae

138 1426 335 1480 intercessionis
347 1428 420 1479 acin
432 1427 530 1480 melius
541 1427 732 1480 convalescere
747 1427 863 1480 iaciebat
875 1427 918 1492 pia
929 1426 1097 1495 indulgentia
1109 1427 1192 1479 taturi
1202 1426 1362 1481 sacerdotis.

138 1525 328 1593 liepbantinus
340 1526 452 1579 morbus
463 1523 566 1578 divinis
578 1539 628 1593 per
639 1527 731 1579 omnia
741 1524 855 1579 cedebat
867 1526 1011 1579 virtutibus
1024 1539 1056 1579 ac
1068 1526 1151 1579 febris
1163 1526 1260 1579 anbela
1274 1527 1362 1592 subja-

138 1623 281 1689 nbatejus
301 1623 405 1675 meritis
427 1622 619 1697 singularibus.
634 1623 767 1691 Quicquid
788 1630 885 1677 natura
906 1624 1020 1676 monstri
1041 1623 1084 1676 vel
1105 1623 1162 1676 vitii
1183 1627 1363 1689 contraxerat,

138 1728 217 1776 otum
229 1719 417 1775 indifferenter
436 1724 522 1776 uirtus
544 1723 691 1777 indisereta
712 1724 887 1777 reformabat.
900 1722 1061 1777 Discedebat
1079 1723 1153 1775 enim
1170 1721 1311 1788 adjuratus
1329 1721 1363 1775 ab

138 1822 289 1876 bominibus
310 1823 435 1891 languor,
449 1823 497 1876 sed
518 1822 625 1876 redibat
633 1829 774 1889 reparatus
796 1824 910 1892 singulis
930 1823 1043 1877 artubus
1063 1823 1148 1891 vigor.
1163 1822 1253 1886 Qualis
1270 1826 1361 1874 autem

138 1921 219 1988 nerii,
232 1923 291 1989 ipse
303 1923 379 1977 solus
390 1921 521 1976 discernit
533 1925 579 1990 qui
593 1937 655 1977 eum
669 1928 695 1977 et
716 1924 906 1990 praesentibus
918 1922 1068 1977 sublevavit
1080 1919 1223 1975 beneficiis
1235 1924 1262 1974 et
1274 1926 1361 1974 aeter·

138 2022 214 2075 nisln
225 2023 390 2077 caelestibus
402 2022 563 2091 glorifieavit
575 2024 713 2090 praemiis.
1224 2087 1228 2095 Ι

162 2118 194 2173 8.
207 2123 285 2174 dune
297 2120 331 2174 ad
345 2123 514 2188 propositum
533 2127 658 2175 nostrum
681 2122 826 2176 articulum
845 2127 982 2176 vertamus
994 2126 1021 2176 et
1033 2134 1087 2188 qua
1107 2122 1213 2174 ratione
1226 2120 1260 2174 ad
1273 2132 1365 2172 sacros

138 2219 243 2272 ordines
256 2225 398 2286 promotus
409 2233 499 2288 quove
509 2221 591 2275 modo
601 2221 636 2274 ad
645 2221 819 2287 pontificatus
829 2222 964 2276 honorem
974 2223 1008 2275 sit
1019 2224 1175 2286 assumptus
1186 2219 1363 2286 explicemus.

138 2319 363 2388 Peregrinationis
384 2334 449 2374 suae
471 2327 595 2386 tempore
616 2326 737 2387 peracto,
751 2322 784 2375 ad
803 2326 928 2375 sanctum
947 2321 1099 2389 Remigium
1119 2320 1215 2372 beatus
1231 2317 1365 2371 Amulius

138 2429 281 2486 regressus,
292 2432 384 2472 seeum
397 2420 536 2473 bominem
549 2419 664 2473 adduxit
675 2421 722 2487 qui
735 2421 850 2474 saerata
863 2433 960 2475 somno
973 2420 1069 2474 mortis
1091 2419 1275 2472 resuscitatus.
1286 2416 1363 2482 Quod

138 2531 192 2572 tam
205 2520 316 2573 vidisset
327 2520 494 2573 venerabilis
505 2520 629 2581 antistes,
643 2522 759 2573 nimium
771 2521 881 2588 gauisus
900 2521 984 2574 estin
998 2520 1112 2572 bomino
1125 2526 1153 2571 et
1164 2517 1292 2571 exultavit
1310 2517 1363 2582 spi-

138 2617 200 2671 ritus
212 2619 273 2685 ejus
284 2619 313 2670 in
326 2621 380 2670 ilco
393 2617 506 2670 salutari
519 2631 579 2671 suo.
594 2621 743 2685 Utrumque
757 2619 831 2671 cuim
849 2618 940 2671 cordis
957 2618 998 2670 sui
1017 2615 1178 2670 laetificabat
1195 2615 1327 2680 animum,
1341 2621 1367 2666 et
1381 2605 1382 2609 ’

138 2717 297 2770 resurrectio
317 2717 416 2769 mortui
438 2722 465 2769 et
485 2715 588 2769 reditus
609 2721 691 2784 atque
710 2718 866 2783 praesentia
888 2730 971 2783 quem
989 2716 1105 2768 inuicem
1127 2714 1255 2782 diligebat
1274 2713 1362 2765 amici.

138 2818 218 2884 liujus
232 2817 272 2869 rei
285 2817 370 2884 gratia
385 2821 478 2869 mutua
500 2818 572 2869 inter
591 2830 621 2870 se
633 2817 802 2871 celebrantes
823 2817 931 2885 gaudia,
944 2830 980 2870 ex
1000 2820 1062 2869 voto
1081 2814 1200 2867 caritatis
1212 2814 1366 2866 castissima

138 2915 235 2969 dabant
260 2916 354 2968 oscula
373 2921 401 2968 et
419 2928 484 2981 prae
502 2916 602 2983 gaudio
623 2928 714 2968 amara
737 2916 890 2970 tundebant
911 2916 1037 2982 suspiria.
1059 2913 1227 2967 Protrahitur
1248 2911 1313 2964 inde
1336 2910 1367 2964 in

137 3014 245 3083 tongam
264 3015 351 3068 oratio
372 3020 399 3067 et
418 3014 510 3066 divina
531 3015 709 3080 inspiratione
730 3016 949 3081 compunctionis
970 3014 1091 3080 aperitur
1108 3012 1227 3066 devotio.
1241 3012 1368 3065 Oratione

138 3115 209 3180 deta,
223 3113 410 3167 consederunt
422 3126 453 3166 ac
465 3113 577 3181 longum
587 3112 621 3166 de
634 3114 798 3167 caelestibus
808 3128 965 3167 sermonem
979 3114 1143 3166 babuerunt.
1157 3111 1259 3176 Quibus
1269 3111 1367 3177 jucun-

138 3213 173 3266 lls
186 3212 422 3267 recordationibus
434 3213 462 3264 in
476 3213 640 3266 immensum
654 3213 806 3276 exhilarati,
817 3214 959 3281 paululum
970 3212 1144 3266 indulserunt
1157 3211 1283 3264 terrenis.
1291 3213 1367 3261 Tunc

138 3315 227 3367 butus
238 3311 368 3365 arnallus
380 3311 462 3364 refert
473 3324 584 3364 omnem
597 3325 663 3365 suae
683 3313 913 3381 peregrinationis
926 3313 1067 3364 historiam
1086 3316 1112 3364 et
1133 3323 1203 3376 quae
1224 3309 1275 3361 sibi
1297 3309 1366 3361 aeci-

138 3411 233 3465 derant
244 3390 351 3463 itineris
362 3409 504 3463 commoda
514 3414 540 3461 et
550 3410 732 3463 incommoda.
743 3411 870 3464 ltiracula
883 3424 953 3477 auae
964 3423 1014 3476 per
1025 3422 1087 3462 eum
1099 3408 1229 3462 bonrinus
1242 3411 1368 3474 operatus

139 3510 219 3563 estin
232 3509 285 3574 via,
296 3509 450 3561 bumilitate
463 3512 554 3561 narrat
566 3507 750 3575 devotissima,
764 3510 836 3562 etad
854 3508 1056 3575 comprobanda
1075 3507 1196 3561 veritatis
1214 3505 1369 3560 testimonia

139 3622 202 3663 eam
214 3607 371 3661 intromittit
383 3620 465 3674 quem
479 3607 664 3662 suscitaverat.

173 3708 205 3762 θ.
218 3710 303 3772 Quem
315 3719 379 3759 cum
391 3711 614 3772 percunctaretur
626 3708 733 3760 bomini
747 3709 874 3762 sacerdos
886 3706 954 3775 quid
967 3708 1018 3761 sibi
1031 3707 1065 3760 de
1079 3708 1130 3760 boc
1143 3706 1252 3760 saeculo
1264 3704 1370 3758 sublato

141 3806 297 3874 contigisset
308 3806 337 3857 in
349 3804 414 3870 alio,
427 3806 555 3871 aperiens
567 3818 598 3858 os
611 3819 691 3859 suurn
710 3807 870 3872 respondit:
887 3808 961 3873 Duo,
978 3807 1076 3873 inquit,
1090 3807 1204 3860 deintra
1224 3805 1373 3869 lanaque

141 3907 233 3958 eram
244 3904 370 3959 ordines
382 3903 537 3970 qualitate
556 3916 593 3958 ac
614 3903 751 3958 moribus
763 3905 986 3973 discrepantes.
1006 3905 1089 3958 Unus
1095 3916 1178 3971 prae
1194 3901 1288 3955 nimii
1299 3913 1372 3954 cau·

142 4005 229 4060 doris
249 4002 359 4056 babitu
379 4001 621 4056 similitudinem
640 4003 866 4069 praetendebat
891 4003 1028 4057 buaudae
1046 4001 1177 4056 visionis
1204 3999 1239 4052 in
1264 3999 1374 4065 vultu,

141 4105 226 4159 atter·
236 4114 318 4168 vero,
332 4114 389 4156 nec
400 4102 471 4155 visu
482 4100 592 4170 facitis
603 4114 659 4156 nec
676 4103 762 4157 dictu
779 4102 920 4170 affabilis
937 4102 1009 4169 stili,
1023 4100 1174 4155 stridebat
1184 4098 1328 4153 dentibus
1345 4099 1374 4150 et

139 4201 306 4273 squaubat
317 4200 455 4255 cetenis
466 4201 667 4256 cruciatibus.
681 4202 790 4269 Porro,
804 4216 875 4256 cunt
893 4204 931 4256 de
947 4214 1075 4270 corpme
1085 4201 1216 4266 aeirem,
1224 4210 1306 4265 pars
1318 4197 1376 4250 ini·

138 4315 204 4373 gata
210 4299 400 4369 praevaluit
410 4302 439 4353 et
450 4312 499 4353 me
510 4312 614 4355 secum
631 4299 674 4354 ad
685 4299 862 4367 infamantia
876 4304 944 4357 loca
953 4301 1126 4369 pertraxit.
1141 4301 1178 4354 lit
1189 4298 1254 4350 nisi
1266 4295 1376 4350 diviua

138 4399 222 4458 mibi
236 4411 299 4468 per
318 4399 401 4452 beati
420 4398 547 4467 Arnulfi
568 4400 818 4455 intercessionem
838 4402 1003 4456 clementia
1025 4398 1241 4464 succurrisset,
1255 4394 1378 4449 aeterni

138 4498 411 4566 pwmdiipoenas
422 4499 607 4553 nuliatenus
615 4499 851 4554 evasissem.1bi
862 4501 952 4556 ruodo
959 4498 1083 4567 peccati
1094 4497 1155 4551 mei
1167 4495 1376 4564 quadrantem

138 4608 265 4662 wera
276 4601 307 4654 et
326 4598 506 4666 iniquitatis
523 4610 610 4653 meae
620 4597 719 4653 cicun
739 4603 910 4657 secundum
930 4601 1057 4657 undum
1068 4597 1181 4665 culpae
1195 4596 1377 4664 recapeem.
