3136 5482
189 330 256 394 348
532 347 657 399 carna.
677 346 777 399 econ.
794 347 970 398 nemeen.
989 346 1071 397 nar.

185 514 269 568 uobis
288 517 484 570 servantibus
495 520 649 584 nequeunt
666 530 699 570 se
710 517 803 572 tueri.
818 516 953 583 Denique
965 516 1038 572 daie
1057 517 1168 585 iocum,
1182 516 1312 584 finenem
1319 515 1373 571 cobi-

185 613 250 667 bete
262 629 419 683 vesanum,
432 619 527 670 cesset
537 619 698 684 atrocitas,
712 617 814 671 rabies
826 618 1032 684 conquiescat.
1044 616 1091 671 stt
1103 615 1184 669 mibi
1194 616 1319 671 continu
1327 626 1373 670 cm
1439 643 1441 651 ,

185 713 320 769 dracone
340 719 441 769 vestro
454 719 617 771 luctamen.
630 718 663 770 Si
681 730 730 770 me
749 718 870 785 uicerit,
885 716 1036 771 habeatur
1049 719 1084 770 ut
1104 718 1201 781 deus:
1219 716 1249 769 si
1266 728 1313 783 epo
1327 726 1372 768 tut
1439 716 1441 725 '

184 827 381 882 superavero,
394 815 530 882 sufficiat
547 816 627 869 antid
638 818 720 883 quod
741 816 822 870 bunc
833 817 923 871 mum
941 829 1004 869 non
1015 828 1081 870 esse
1098 815 1371 883 probanti-oetaeis
1439 828 1441 833 ·

185 913 247 965 viis
258 915 348 968 uanis
360 916 402 967 ad
414 917 482 968 ueri
494 916 549 970 Dei
560 917 678 971 cultum
684 917 745 985 pia
756 916 941 971 adoratione
953 918 1107 970 converto.
1383 910 1394 961 3
1439 940 1441 948 ¹

219 1015 250 1066 6.
264 1016 334 1067 ilaec
347 1028 514 1081 memorans,
528 1029 589 1068 cnm
603 1017 685 1070 verba
701 1018 761 1083 ejus
781 1017 815 1070 ab
828 1016 918 1083 impiis
937 1016 1052 1069 ridicula
1064 1019 1091 1068 et
1103 1015 1170 1068 moti
1182 1014 1275 1082 capitis
1284 1010 1374 1069 sanim·
1438 1013 1441 1017 '

186 1113 231 1165 illa
251 1112 402 1179 increpatio
420 1119 569 1179 putaretur.
582 1129 723 1182 aucupans
743 1120 912 1182 opportunos
925 1115 1014 1167 aditus
1033 1115 1081 1181 qui
1093 1115 1181 1179 possit
1197 1112 1314 1168 draconis
1327 1112 1375 1165 illius
1438 1112 1441 1117 '

185 1212 316 1264 extricare
337 1211 506 1279 figmentum.
520 1214 638 1266 Peractis
658 1213 740 1282 igitur
760 1213 939 1267 sollemnibus
960 1212 1139 1278 daemonum,
1158 1212 1258 1279 qulbus
1277 1224 1324 1265 non
1339 1214 1373 1261 tan
1439 1212 1441 1247 :

185 1323 260 1363 mero
284 1322 366 1376 guam
386 1310 489 1364 scelere
510 1317 616 1365 mentes
636 1312 761 1364 omnium
783 1312 890 1364 lucrant
910 1310 1060 1377 debriatae,
1075 1312 1129 1364 buc
1150 1316 1232 1377 atque
1244 1304 1373 1363 iiluceuutli

179 1414 271 1475 jacere
283 1411 422 1474 prostrati,
436 1424 508 1463 unus
529 1424 650 1475 romans,
664 1412 733 1463 alius
752 1417 879 1474 stertens,
895 1414 921 1462 et
934 1414 1062 1476 porrecta
1082 1422 1199 1475 corpora
1216 1398 1402 1462 domiminati

185 1507 338 1575 preliabant
357 1510 467 1575 quidem
490 1524 634 1567 somnum.
657 1511 705 1563 sed
726 1510 890 1563 exhalabant
919 1510 1035 1563 bibitum
1056 1522 1119 1562 cum
1143 1509 1209 1562 uno
1232 1506 1374 1573 saeuiunt·
1413 1506 1441 1545 ’τ

183 1609 314 1677 vigilabat
324 1623 389 1662 sane
399 1610 445 1661 illa
454 1623 533 1663 mens
543 1623 613 1677 quae
623 1611 696 1663 inter
708 1608 826 1663 luctiitca
835 1608 1054 1676 detestandaque
1069 1608 1217 1662 sollemnia
1230 1606 1303 1662 acbi
1314 1606 1374 1658 corb

182 1710 226 1775 gio
236 1710 408 1776 jejunaverat
420 1724 427 1761 t
441 1723 532 1776 neque
544 1710 616 1762 enim
630 1710 723 1762 inierri
739 1715 891 1761 conventus
907 1708 982 1760 illius
1000 1707 1055 1761 ulla
1075 1706 1183 1760 macula
1200 1710 1307 1773 poterat,
1322 1702 1373 1765 cuju

183 1808 300 1873 animus,
314 1822 375 1861 cum
389 1809 436 1861 illa
456 1814 626 1876 gererentur,
642 1822 697 1862 non
720 1809 790 1861 inter
803 1808 928 1861 homines
948 1806 996 1860 sed
1010 1806 1082 1860 inter
1093 1806 1207 1875 angelos
1224 1796 1373 1869 statuunt·
1436 1816 1440 1823 ·

183 1908 218 1960 tie
230 1909 358 1974 martyrio
371 1908 515 1976 cogitabat.
529 1909 581 1961 Sed
594 1908 639 1960 ubi
663 1922 720 1960 rem
736 1908 803 1960 vidit
814 1920 847 1960 ex
860 1906 976 1960 consilio
997 1898 1146 1974 'suffragare
1156 1892 1399 1967 sententiabant!

184 2006 370 2073 impedimenti
391 2009 543 2076 cuiuspiam
564 2009 713 2061 obstaculis
725 2007 867 2071 retardari,
880 2009 970 2073 coepit
982 2007 1109 2060 cominus
1121 2006 1224 2059 armari
1235 2005 1289 2059 telo
1298 1998 1373 2054 liat
1438 2024 1441 2038 ι

183 2108 344 2171 amorebei,
362 2112 393 2161 ut
412 2108 447 2160 de
468 2109 576 2161 diabolo
596 2109 745 2177 gloriosum
767 2110 851 2175 possit
872 2109 945 2160 terre
966 2107 1105 2160 vexillum.
1127 2108 1184 2174 En,
1205 2107 1286 2171 Dent,
1302 2094 1372 2173 jbtfil
1436 2100 1441 2111 '

184 2209 301 2273 tempus
312 2207 408 2273 adest,
422 2220 480 2273 gito
503 2220 586 2259 meas
599 2207 747 2274 infirmas
762 2209 844 2260 vires
856 2206 1083 2273 audaciamque
1103 2204 1276 2272 cundram,
1286 2204 1312 2255 et
1325 2197 1371 2251 det·
1435 2184 1441 2234 i

183 2307 283 2359 teram
294 2305 373 2358 mibi
377 2307 529 2374 porrigas
538 2306 698 2359 subiturae
707 2306 998 2373 discriminaquam
1006 2291 1372 2359 sanctaeJuaitbriauub
1436 2296 1441 2307 ’

174 2405 341 2471 procinctu
361 2405 512 2459 victoriae
533 2405 581 2457 tui
600 2405 736 2458 nominis
752 2404 938 2472 praebuisti.
958 2405 1069 2458 Adesto
1088 2382 1394 2473 ronnacensium!

179 2503 381 2570 amru'potens,
405 2504 501 2558 Pater
523 2504 591 2556 sine
613 2504 744 2571 origine,
763 2503 851 2571 oripo
874 2502 942 2557 sine
961 2504 1105 2571 parente,
1125 2506 1238 2557 auctor
1258 2492 1369 2567 muniit·
1438 2492 1441 2526 ³

174 2610 379 2677 paterpeniti
396 2611 464 2663 sine
487 2616 634 2686 tempore,
654 2612 710 2677 qui
726 2611 828 2677 filium
850 2614 938 2665 tuum
959 2612 1125 2665 Dominum
1145 2612 1285 2663 nostrum
1299 2603 1371 2657 ia*
1437 2596 1441 2623 ²

181 2708 337 2763 Cbristum
350 2723 390 2763 eae
408 2713 437 2764 te
450 2710 603 2776 ineffabili
622 2710 791 2765 nativitate
797 2712 1008 2779 progenitum,
1022 2711 1175 2764 virtutem
1196 2692 1372 2775 majestaiiiil
1436 2708 1440 2713 '

180 2808 374 2862 substantiae
402 2808 656 2876 cointemporalis
680 2810 852 2875 aequalem,
876 2809 932 2874 qui
956 2808 1107 2861 mundum
1138 2808 1172 2860 in
1192 2791 1372 2874 punctum
1439 2816 1441 2832 ²

183 2908 302 2962 volente
313 2908 477 2962 constituit
489 2911 518 2962 et
536 2910 570 2960 in
583 2909 677 2976 finem
696 2908 836 2977 redemit,
851 2907 1005 2961 bominem
1017 2910 1097 2961 natu
1108 2919 1150 2961 ea
1164 2872 1400 2973 serpentium*

183 3009 217 3073 ti,
237 3022 376 3075 passum,
403 3012 571 3075 mortuum,
598 3011 820 3074 resurgentem,
841 3007 1056 3062 ascendentem
1073 3006 1117 3061 ad
1139 3007 1298 3060 dexteram
1316 3000 1373 3053 iti*

181 3108 351 3161 conlocasti
363 3109 396 3159 in
409 3108 599 3161 caelestibus.
617 3108 790 3174 Quaesoguc
801 3121 860 3174 per
870 3108 923 3175 spi
926 3107 1024 3160 ritum
1036 3109 1191 3175 sanctum,
1205 3100 1373 3159 damaim

182 3211 236 3261 tua
248 3211 367 3261 natura
387 3210 417 3259 et
437 3208 554 3262 virtute
570 3220 758 3273 processum,
772 3207 843 3274 [cui]
864 3206 1070 3274 gubernanda
1090 3206 1201 3260 omnia
1220 3208 1250 3260 et
1268 3191 1367 3267 ccccm
1437 3188 1441 3195 ⁸

178 3308 353 3375 destinasti,
368 3309 495 3360 Domine
509 3308 587 3360 Deus
606 3309 808 3373 amnipotens,
822 3305 904 3374 ferto
923 3306 1002 3359 mibi
1015 3307 1144 3374 puellae
1160 3318 1258 3372 opem,
1272 3287 1370 3367 uperi
1436 3306 1440 3311 '

181 3405 264 3461 ciam
279 3420 354 3473 opus
367 3407 448 3474 quod
469 3406 621 3458 instinctu
634 3406 682 3458 tui
704 3407 822 3458 amoris
842 3405 971 3458 adnitar
981 3420 990 3466 ,·
1002 3406 1032 3457 et
1052 3405 1134 3457 sicut
1146 3402 1275 3459 Domitia
1285 3374 1399 3466 samii,

182 3509 234 3558 tua
246 3507 411 3561 draconem
425 3505 615 3570 Babyloniae
626 3505 799 3558 necandum
812 3504 1130 3571 disrumpendumpue
1141 3503 1264 3569 dedisti,
1272 3501 1313 3552 tta
1321 3482 1372 3546 affl

180 3605 317 3672 feminae
342 3605 423 3658 branc
446 3619 575 3658 aenettm
605 3606 697 3658 liceat
726 3605 883 3671 dissipare
906 3604 1071 3657 draconem
1100 3606 1131 3658 et
1154 3599 1293 3671 figmenti
1311 3589 1372 3657 biti*

183 3706 320 3759 membra
340 3706 522 3773 discerpere.
537 3704 654 3758 Putabo
676 3717 723 3756 me
736 3705 865 3771 pienum
887 3705 1080 3757 consecutam
1093 3716 1158 3758 esse
1171 3680 1373 3766 martyrisati

182 3817 251 3856 eum
263 3804 352 3856 bodie
363 3804 428 3856 suis
440 3803 609 3855 audacibus
622 3802 789 3856 cultibuera
801 3814 897 3855 aurea
909 3802 1012 3868 capite
1022 3802 1140 3855 amisso
1152 3802 1332 3854 truncatum-

216 3905 247 3954 7.
262 3907 331 3956 ilaec
344 3917 486 3969 perorans,
501 3904 593 3955 furtim
606 3902 727 3969 quidem,
741 3902 789 3954 sed
810 3902 940 3954 audacter
960 3901 1123 3970 ingreditur,
1136 3908 1164 3955 et
1187 3898 1308 3956 draconis
1327 3866 1404 3945 aba!

185 4016 298 4056 aureum
313 4008 404 4069 caput,
418 4001 573 4054 redimitum
596 4003 675 4054 sertis
688 4004 714 4053 ct
727 4004 854 4052 ornatum
873 3999 983 4052 corollis
1000 3999 1136 4069 lactineis,
1150 4002 1275 4054 avulsum
1293 3998 1319 4048 in
1329 3992 1379 4045 nti

182 4102 303 4167 dispulit,
318 4102 345 4152 in
366 4114 430 4153 saxa
452 4101 572 4166 projecit.
590 4099 666 4151 nullo
682 4099 792 4151 conscio
810 4098 862 4150 nisi
883 4100 947 4161 beo,
960 4098 1008 4164 qui
1022 4099 1179 4153 imbecillas
1190 4098 1301 4168 uirginis
1312 4093 1382 4147 malli

182 4203 215 4255 ad
229 4204 295 4254 baec
308 4200 476 4266 perlicicntla
494 4200 609 4252 tidenter
621 4199 732 4265 adjuvit.
752 4202 807 4251 iloc
820 4199 923 4251 interea
936 4204 1027 4251 actum
1044 4205 1096 4268 est,
1112 4200 1222 4265 uldini,
1236 4200 1315 4254 tacito
1324 4194 1385 4248 sila

182 4304 257 4367 tique
277 4301 411 4363 consilio,
434 4302 494 4351 iacti
516 4304 609 4352 auetor
630 4299 738 4363 latebat,
752 4312 815 4351 cum
835 4301 918 4351 abeo
939 4300 1093 4364 praemium
1114 4300 1173 4366 jam
1186 4288 1390 4369 exspectatet'lll

181 4415 252 4467 quae
269 4403 380 4454 iecerat.
394 4402 529 4468 Expergiti
549 4401 657 4453 tandem
670 4401 792 4467 gregales
810 4400 970 4462 antichristi,
985 4400 1033 4452 ubi
1055 4414 1116 4453 rem
1127 4400 1229 4457 vident
1244 4405 1304 4457 sine
1315 4378 1423 4454 indu·

178 4506 373 4567 ptupetralatn,
387 4502 520 4553 haesitare
543 4501 613 4552 intra
626 4513 666 4562 se,
680 4500 742 4565 angi
753 4499 858 4566 dolore,
872 4512 969 4552 mantis
992 4499 1124 4554 manibus
1141 4504 1310 4566 condicam,
1326 4504 1402 4570 pettit

179 4606 299 4669 quatere,
312 4613 359 4652 era
381 4600 560 4665 ‹sontttndera
580 4603 606 4652 ct
629 4600 767 4653 interdum
791 4598 857 4651 llere
878 4612 909 4650 ac
927 4611 1057 4665 magnum
1079 4599 1226 4667 piaculum
1247 4604 1405 4658 commissum
