3136 5482
352 325 420 392 242
490 416 492 422 ,
666 394 669 399 ,
695 338 1235 390 cA'l'nL.00DD.linG10(iR.Ln'l'.

550 512 615 563 llam
628 510 704 578 regni
718 522 781 576 spes
792 513 834 562 est
846 509 1036 576 condignaque
1049 508 1172 561 carmine
1183 519 1227 560 res
1239 512 1291 559 est.

549 609 633 662 Mauri
647 607 790 661 eoniliotus
803 608 846 661 sit'
859 608 976 673 primum
990 606 1113 660 carmine
1124 606 1222 659 dietus.

551 707 658 761 credite
670 706 705 760 de
717 709 809 760 Mauro
822 706 894 773 quod
908 707 942 759 sit
955 705 1098 772 pretiosior
1118 718 1195 759 auro.

552 806 624 861 Urbe
635 805 709 873 quod
722 807 792 859 elata
803 811 925 859 montem
937 818 1021 872 super
1032 803 1174 858 aedificata

551 905 663 972 celsior,
676 906 783 958 interna
796 918 865 972 quae
877 905 1003 972 splendet
1016 905 1045 957 in
1057 917 1120 958 oroe
1135 904 1245 957 lucerna

552 1004 664 1069 clarior,
678 1005 795 1058 oouneti
808 1005 861 1057 vivi
873 1003 916 1057 rel
929 1003 1034 1058 lumine
1046 1003 1143 1057 iuncti.

490 1155 494 1167 ,
552 1105 598 1157 iiis
611 1104 700 1158 iecere
712 1101 793 1157 iidem
808 1103 948 1170 miracula,
962 1116 1032 1170 quae
1045 1103 1108 1156 iacit
1120 1102 1203 1157 idem.

191 1198 317 1239 momen
478 1204 547 1269 dli)
556 1206 576 1256 ¹.
589 1204 712 1256 Luminis
728 1204 773 1256 ille
787 1209 943 1269 saloninus,
958 1202 1053 1256 inolita
1065 1205 1161 1265 Roma,
1175 1206 1286 1255 senator

201 1247 308 1289 uncinis

145 1354 149 1359 .
176 1357 193 1387 r
193 1297 335 1397 efficimur
550 1302 641 1355 Extitit
652 1303 778 1367 Euioius;
792 1302 841 1354 suit
853 1316 922 1355 uxor
935 1301 1035 1355 nobilis
1047 1303 1129 1369 liujus

188 1397 320 1488 ⁰3²¹&ssss
551 1403 621 1455 iulia
634 1403 759 1456 sublimis
771 1402 907 1456 natalibus
920 1402 992 1455 edita
1005 1403 1109 1469 primis,

160 1496 344 1594 „offlfflm
554 1503 649 1554 Postea
660 1502 798 1566 Romanis,
811 1503 930 1568 primum
944 1501 1066 1569 profugis
1077 1500 1211 1567 Troianis.

172 1594 329 1687 Μ’ὤξῑόίῇὃη
550 1601 671 1653 Nominis
683 1605 711 1653 et
721 1601 829 1668 generis
841 1600 903 1654 lons
915 1601 1007 1667 hujus,
1019 1599 1090 1666 lule,
1103 1598 1213 1651 videris.

199 1706 207 1723 ·
222 1701 304 1755 hunc
551 1698 639 1751 tulius
651 1711 666 1752 a
679 1699 757 1752 titulo
769 1700 912 1753 dimissum
926 1712 1026 1753 nomen
1039 1698 1101 1752 tulo
1115 1702 1135 1753 ’.

194 1779 319 1887 Ῑξζῖῑξῃῑ
553 1797 1110 1865 totiusilladararuir‚aquotulianata.

187 1905 194 1919 ·
204 1902 318 1992 (effinse
550 1895 731 1962 l‘ompeioneo
745 1899 754 1917 ·
768 1909 816 1963 pro
828 1910 883 1963 quo
896 1897 946 1950 seit
958 1897 1030 1949 lama
1041 1896 1171 1962 trophaeo
1186 1910 1192 1945 τ

189 2002 198 2021 ·
212 2011 279 2051 nece
291 2002 316 2049 3.
548 1994 598 2059 Qui
613 2008 697 2063 gener
709 2009 724 2048 a
740 1997 827 2049 soceri
840 1996 905 2049 dum
919 1995 986 2063 lligit
997 1995 1081 2049 caede
1093 1996 1102 2015 '
1115 1994 1213 2059 severi,

163 2098 170 2113 ¹
185 2097 352 2148 Ptolemeum
550 2093 651 2146 Incidit
663 2096 691 2146 in
708 2095 837 2160 laqueum
852 2095 956 2149 fraudis
969 2108 1063 2163 regem
1074 2093 1257 2148 Tholomeum
1272 2096 1294 2147 ·.

238 2165 261 2213 ⁵·
551 2194 581 2246 ili
594 2194 673 2259 primi
686 2207 824 2261 proceres,
839 2195 903 2247 nine
913 2195 986 2248 tulta
999 2194 1119 2247 nominis
1131 2193 1221 2246 heres.

552 2293 599 2344 lile
612 2291 673 2345 sons
685 2298 735 2358 est,
750 2294 823 2346 rivus
835 2293 899 2345 lrine
911 2292 1033 2346 nascitur
1046 2292 1224 2358 imperativus
1238 2310 1245 2358 ;

549 2390 712 2457 dulciusque
725 2398 800 2458 pater
812 2391 864 2443 init
877 2393 939 2444 truie
951 2397 978 2444 ot
988 2370 1058 2444 tina
1073 2395 1169 2444 mater.

550 2491 620 2543 ilaec
632 2492 736 2556 peperit
748 2493 881 2551 Maurum,
894 2504 979 2557 prope
993 2503 1094 2544 nomen
1110 2490 1184 2557 quod
1198 2494 1281 2543 sonet
1296 2503 1417 2547 aurum.

550 2591 676 2655 Apposita
688 2590 751 2642 lima
764 2591 786 2642 si
799 2590 870 2643 desit
882 2591 970 2643 littera
983 2592 1080 2656 prima.

518 2689 550 2740 ὅ.
584 2691 717 2742 omnibus
729 2690 845 2742 invictus
857 2690 930 2741 vitiis
944 2696 1056 2742 sanetus
1069 2689 1246 2759 Benedictus,

552 2789 653 2842 Ordine
665 2788 757 2843 divino
769 2789 871 2857 degens
884 2790 912 2842 in
926 2795 1019 2843 monte
1030 2790 1138 2853 Casino,

551 2889 649 2942 Orbem
662 2894 796 2941 terrarum
809 2889 941 2943 lustrabat
953 2888 1039 2943 odoro
1051 2902 1160 2942 suarum

551 2988 630 3039 Grato
641 2986 781 3049 virtutum,
796 2988 957 3053 dominique
970 3000 1018 3053 per
1030 2988 1123 3040 omnia
1135 2992 1233 3040 nutum

550 3085 704 3153 complens,
718 3087 846 3138 emeritae
860 3087 980 3151 pollebat
992 3091 1133 3140 stemmate
1144 3087 1227 3140 vitae.

551 3186 683 3237 virtutum
696 3183 776 3238 donis
788 3198 820 3237 ao
832 3185 930 3238 ordine
944 3185 1096 3254 relligionis

166 3293 173 3308 ·
187 3287 315 3339 commoti
328 3288 353 3338 2.
552 3283 645 3336 Plures
658 3285 773 3350 permoti
788 3288 806 3348 ⁶,
822 3286 904 3338 rebus
917 3299 979 3338 cnm
994 3289 1107 3340 nomine
1120 3288 1186 3349 noti,

552 3383 659 3436 llittunt
672 3383 810 3450 praedicto
823 3398 913 3438 caram
927 3385 1051 3438 sobolem
1064 3385 1222 3448 Benedieio‚

551 3484 583 3534 ot
594 3482 680 3536 diseat
692 3496 799 3536 morum
812 3485 897 3536 sancti
910 3483 1075 3537 documenta
1088 3485 1237 3547 bonorum,

549 3581 617 3646 Quid
629 3582 865 3647 complectendum
878 3583 919 3635 rel
932 3583 998 3650 quid
1013 3585 1048 3636 sit
1060 3585 1085 3637 ei
1099 3583 1276 3652 fugiendum.

549 3680 640 3732 Laude
652 3681 702 3733 suh
715 3686 822 3733 extento
833 3680 953 3734 doctoris
966 3682 1000 3734 ad
1013 3685 1082 3736 liaeo
1093 3683 1234 3736 elementa

549 3782 657 3833 llaurus
669 3778 803 3847 dirigitur.
817 3783 891 3833 onus
904 3782 966 3835 ilico
979 3781 1037 3834 lere
1051 3782 1176 3844 subitum

550 3878 683 3930 Virtutum
697 3879 794 3943 pennis
807 3881 922 3933 vestitur
934 3881 978 3932 vix
990 3879 1146 3934 duodennis
1157 3898 1164 3946 ;

550 3981 570 4031 Α
583 3990 647 4030 sene
659 3977 703 4030 rix
715 3975 815 4041 differt,
829 3979 868 4031 sie
886 3994 981 4045 passus
994 3981 1118 4046 passibus
1131 3979 1217 4034 infert

549 4077 665 4130 vernula
678 4077 807 4144 doctoris,
821 4092 902 4145 quem
916 4079 958 4132 lex
971 4079 1082 4148 instigat
1094 4078 1198 4133 amoris

549 4178 656 4242 cnristi,
671 4191 726 4231 non
739 4179 837 4243 laudis,
852 4154 902 4233 nec
915 4180 937 4231 si
950 4193 1003 4246 qua
1017 4180 1119 4233 notatio
1132 4179 1252 4234 fraudis.

548 4276 653 4341 Optima
667 4277 780 4329 nutricis
793 4290 842 4329 oon
854 4278 940 4344 grotta
953 4290 1062 4344 semper
1074 4277 1170 4330 antitis

549 4375 674 4443 invigilat
686 4376 768 4437 euris,
783 4376 879 4427 studiis
892 4389 1002 4443 quoque
1016 4375 1111 4429 sedula
1123 4377 1213 4443 duris,

554 4475 695 4526 Commissi
710 4482 801 4540 partus
816 4480 925 4528 teneros
937 4476 1058 4529 studiosa
1072 4490 1120 4542 per
1132 4482 1209 4529 artus

551 4575 609 4625 lam
624 4572 692 4624 ninii
705 4582 838 4637 enormot‚
854 4575 944 4642 digitis
957 4576 965 4594 ·
979 4576 1018 4628 sio
1031 4575 1122 4628 omnia
1135 4575 1251 4643 format,
