3136 5482
293 323 357 387 122
635 340 757 390 curun.
776 340 878 391 coma.
897 340 1071 391 nioman.
1089 341 1170 391 mr.
1232 324 1236 330 '

326 507 372 559 Eri.
386 520 449 559 cum
473 508 588 572 epistola
608 508 767 574 prooemiali
787 509 933 574 iiaymonis
951 522 993 575 ap.
1017 508 1151 573 Felibieu,
1172 509 1252 562 Hirri.
1276 509 1316 562 eie
1334 507 1481 575 i'abbaye
1494 510 1534 565 tie

296 607 499 674 Sar'ut·Dcnis‚
515 610 641 672 Ριοιιιόε,
656 623 681 674 p.
697 609 858 675 clxv-cinxi.

395 703 456 779 iD⁰
473 703 667 799 [iliracula
683 707 806 784 sancii
824 702 1013 813 Dionysii]
1035 705 1113 800 (fol.
1136 705 1364 806 miv-tun).

329 839 430 889 Dorum
443 837 560 902 primum
573 843 613 890 est
626 839 756 904 apparitio
770 838 815 891 ilia
836 840 922 891 sancti
936 839 1056 905 Dionysii
1067 840 1168 892 Jacobo
1180 839 1261 891 militi
1273 839 1425 907 segniensi
1439 839 1531 891 statim

298 938 358 1000 post
368 933 472 986 obitum
485 935 598 1001 Philippi
618 937 729 1003 Augusti
751 937 822 1003 regis
835 937 965 989 Franciae
977 938 1060 1000 (anno
1084 937 1167 1005 tiis),
1181 950 1251 1003 quac
1264 950 1298 990 ex
1315 936 1408 990 Andr.
1421 937 1534 990 chesnii

298 1032 411 1099 Script.
432 1033 500 1087 Rer.
514 1035 627 1086 ii’anc.
639 1040 716 1097 (tom.
729 1035 758 1097 V,
772 1048 798 1100 p.
812 1035 870 1099 200)
883 1035 1045 1101 transcripta
1057 1035 1155 1102 iegitur
1167 1036 1234 1088 Dec.
1249 1035 1305 1088 cies
1315 1033 1400 1087 nist.
1414 1034 1456 1089 de
1471 1035 1536 1097 Fr„

298 1138 362 1184 iom.
375 1134 450 1197 xvii,
464 1147 489 1198 p.
503 1134 604 1197 bisini,
618 1137 674 1185 not.
688 1135 845 1198 Sequuntur
856 1134 924 1186 baec
935 1134 988 1186 alia
1000 1134 1121 1186 brevitor
1133 1139 1242 1186 narrata
1257 1149 1264 1185 ε

329 1233 417 1284 Auno
431 1232 554 1285 Domini
565 1233 732 1285 millesimo
743 1233 907 1286 centesimo
919 1234 1119 1301 nonayesimo
1132 1233 1233 1297 tertio,
1246 1245 1334 1287 urano
1350 1243 1430 1286 uero
1443 1231 1536 1286 tertio

298 1332 414 1384 (iccium
428 1331 518 1398 reyna'
529 1330 671 1398 Philippi
681 1331 778 1385 bonae
788 1332 956 1386 memoriae
967 1334 1052 1400 repis
1064 1334 1259 1387 Francorum
1269 1332 1310 1386 de
1321 1344 1386 1399 quo
1395 1331 1434 1384 in
1445 1342 1535 1398 supe·

207 1457 213 1469 ·
298 1430 380 1483 riori
399 1430 537 1496 capitulo
554 1431 650 1483 locuti
669 1444 787 1498 sumus,
810 1431 845 1483 in
864 1430 943 1499 ferio
964 1432 1237 1485 sanctissimorum
1257 1433 1449 1497 martyrum
1467 1428 1537 1483 Dio·

298 1529 392 1596 uysr'i,
405 1529 526 1584 Rustici
537 1531 566 1581 ei
578 1525 758 1596 &eutherii
772 1531 899 1596 quidam
913 1531 1070 1597 puerulus
1087 1529 1188 1584 subito
1199 1531 1346 1584 mortuus
1358 1542 1381 1583 a
1391 1526 1535 1597 pamni-

298 1627 353 1680 bus
365 1627 433 1680 suis
444 1627 486 1680 od
496 1628 659 1681 ecclesiam
671 1627 843 1681 beatissimi
854 1629 1008 1693 martyris
1019 1628 1162 1694 Dionysii
1173 1627 1376 1681 devotissime
1386 1626 1535 1695 deporto

299 1730 349 1779 ius
363 1729 430 1780 est.-
448 1739 537 1793 quem
548 1739 643 1793 super
662 1728 766 1779 nitore
786 1729 860 1779 anie
875 1739 1008 1794 corporo
1026 1728 1206 1780 sanctorum
1223 1728 1391 1793 ponentes,
1412 1728 1446 1779 et
1466 1736 1537 1781 cum

301 1826 444 1880 lacrimis
455 1828 484 1878 ei
501 1826 651 1893 suspiriis
666 1844 676 1874 ι
691 1826 802 1880 &uncte
823 1827 961 1894 Dionysi,
975 1827 1094 1893 adiuvo
1105 1839 1162 1881 uos
1177 1843 1193 1874 n
1205 1827 1396 1894 clamantes,
1410 1824 1539 1880 meritis

298 1927 478 1979 sanctorum
500 1927 678 1991 rnoriyrum
708 1927 737 1978 ei
761 1925 1030 1979 intercessionibus
1054 1939 1074 1980 α
1097 1924 1226 1979 Domino
1249 1936 1361 1980 corum
1388 1924 1538 1979 uniuerso

295 2026 413 2090 poyeio
427 2025 635 2078 recresciioius
650 2027 705 2078 est.

333 2124 444 2177 Eodem
456 2123 550 2177 eiiam
562 2136 646 2176 anno
658 2124 786 2190 yrrr'dom
800 2125 985 2191 arreptitius
999 2126 1032 2176 in
1043 2124 1150 2178 eudem
1162 2123 1292 2177 ecelesia
1298 2135 1365 2190 per
1375 2122 1538 2191 suffrayic

301 2221 468 2275 eorurudem
481 2224 662 2274 sanctorum
675 2224 854 2286 martyrum
871 2223 1059 2276 miraculose
1070 2224 1201 2276 curatus
1216 2223 1270 2275 esi.
1307 2214 1310 2221 ’

332 2320 443 2373 Eodem
463 2333 546 2373 anem
559 2320 686 2386 quidam
708 2319 796 2374 honio
823 2320 1029 2374 virsionensis
1044 2335 1106 2388 per
1118 2333 1227 2403 preces
1239 2319 1324 2374 beati
1336 2320 1489 2388 Dionysii
1499 2320 1540 2374 de

303 2435 429 2476 earcere
442 2421 593 2476 liberatus
607 2425 652 2476 esi
664 2423 749 2489 opud
761 2422 995 2490 Roiiromoyum.

403 2520 462 2597 13⁰
479 2520 661 2598 Miracula
683 2515 785 2628 [alia]
807 2522 928 2599 sancti
948 2521 1125 2622 Dionysii
1144 2520 1226 2616 (iol.
1248 2519 1475 2614 iss-ism.

338 2655 527 2707 miraculorum
540 2654 601 2707 libri
614 2658 669 2707 tros
682 2653 830 2720 conscripti
844 2660 912 2707 extr.
926 2667 998 2707 saec.
1014 2657 1056 2718 ix,
1069 2654 1114 2708 eri.
1133 2667 1177 2720 ap.
1190 2653 1392 2715 mabillonium,
1407 2653 1479 2707 Aci.
1489 2650 1540 2706 SS.

309 2758 340 2807 0.
355 2753 384 2807 S.
398 2755 445 2820 D,
458 2768 528 2807 saec.
543 2756 589 2820 iii,
603 2760 672 2820 part.
685 2767 713 2818 ιι,
728 2768 753 2820 p.
768 2755 870 2806 iii-iii.

405 2851 464 2926 tn
486 2844 554 2954 [De
581 2851 757 2952 reliquiis
774 2852 871 2928 sacri
899 2850 995 2928 clavi
1024 2859 1061 2929 et
1079 2873 1245 2929 coronae
1274 2850 1438 2928 Domini
1470 2873 1541 2952 per

454 2973 634 3052 Carolum
666 2973 823 3053 Calvum
854 2975 949 3074 imp.
984 2974 1169 3052 eeclesiae
1204 2972 1326 3051 sancti
1360 2973 1539 3077 Dionysii

455 3097 569 3187 datis,
583 3107 717 3198 postea
731 3098 882 3175 amissis
896 3106 934 3175 et
948 3093 1198 3204 reeuperatis]
1215 3096 1297 3198 (iol.
1316 3096 1536 3193 tar-moy.

341 3229 427 3292 ineo,
441 3237 471 3281 ut
482 3229 598 3282 videtur.
611 3231 735 3281 Attamen
757 3229 892 3294 prolixam
905 3229 979 3280 illam
1000 3230 1194 3295 narrationem,
1207 3241 1278 3295 quae
1298 3229 1411 3283 nonita
1430 3230 1542 3297 proprie

308 3328 341 3381 ad
356 3342 414 3380 rem
427 3329 621 3396 hagiologicam
636 3333 749 3393 spectat,
763 3328 807 3381 bic
819 3327 1003 3381 transcribere
1015 3328 1103 3380 visum
1116 3341 1170 3380 non
1184 3333 1235 3381 est.

408 3429 467 3503 ¹15⁰
486 3429 540 3503 Do
558 3427 808 3506 translatione
827 3427 1003 3527 corporis
1020 3426 1234 3505 beatissimi
1252 3426 1423 3505 Firmini
1444 3452 1542 3507 mar·

455 3551 551 3651 tyris
568 3551 838 3628 Ambianensis
856 3549 961 3650 apud
979 3548 1214 3626 coenobium
1233 3548 1341 3628 beati
1361 3551 1540 3653 Dionysii

456 3676 496 3750 in
518 3675 677 3751 Francia
696 3674 776 3768 (fol.
797 3672 1014 3773 nior-238¹).

343 3808 390 3859 Dii.
404 3820 448 3872 ap.
461 3807 607 3871 cointium,
620 3790 733 3859 Amici.
749 3807 872 3872 iram„
886 3805 929 3858 ari.
943 3818 988 3857 an.
1000 3807 1060 3871 687,
1072 3819 1148 3858 num.
1166 3808 1201 3856 ii.

803 4103 1046 4112 ————-.—-
