3136 5482
180 295 246 361 506
523 315 647 366 caran.
668 317 770 367 conn.
789 316 962 368 nncrocn.
982 318 1064 370 nur.

179 493 230 548 pro
242 486 315 535 certo
327 483 392 550 quia
405 484 444 536 cis
455 484 490 537 ad
502 485 597 538 horam
610 499 667 539 non
679 486 825 541 sufficeret.
838 492 972 543 litantem
990 489 1121 558 cognovit
1139 489 1279 556 Nicotaus,
1290 489 1393 559 gaudm

180 581 250 634 laeto
262 581 355 635 animo
367 583 479 636 intravit
490 584 524 638 ad
535 585 605 652 illos,
618 588 654 639 ita
672 586 767 640 dicens
780 601 789 640 τ
802 588 887 655 Ecce,
901 587 1030 658 fratres,
1044 591 1168 658 oportet
1179 602 1232 644 me
1243 588 1395 657 bodiepro

176 679 262 747 priis
274 681 419 736 mortibus
432 682 609 751 obsequium
616 688 784 753 proestare
795 689 825 741 et
833 687 965 742 miscere
974 687 1068 757 bobis,
1080 689 1118 741 ut
1124 688 1258 757 puriter
1270 687 1394 756 lucum

179 792 262 833 mur.
276 783 334 834 llcx
346 795 411 836 vcro
424 796 508 837 manu
533 797 582 838 sua
603 786 785 853 apprehendit
805 787 921 853 phialam
942 792 969 841 et
987 788 1098 841 miscuit
1109 787 1165 840 illis
1177 787 1396 855 qnantmnntue·

180 886 252 933 nint.
275 882 418 949 Postquam
439 897 504 938 vcro
524 885 613 938 laetati
634 886 725 940 clerici
748 892 775 940 et
792 886 936 955 jucundati
956 892 1021 941 sunt
1040 887 1133 954 valde,
1151 886 1284 942 simulad
1296 886 1418 940 indutui

183 979 330 1034 dicebant:
347 981 457 1036 Gloria
468 997 587 1038 summo
607 987 667 1040 Deo
687 989 717 1040 et
739 989 818 1051 tous,
839 987 895 1053 qui
911 999 994 1041 uunc
1015 988 1081 1040 tole
1096 986 1216 1042 doumu
1228 985 1398 1055 famulosne

181 1079 310 1135 Nicoloo
330 1081 443 1136 tribuit
465 1087 500 1136 ut
519 1086 627 1139 nullus
647 1086 789 1154 deinceps
811 1087 991 1142 incredulus
1011 1087 1149 1155 emittat,
1171 1085 1252 1154 putu
1266 1099 1326 1154 per
1339 1098 1397 1138 eun

80 1249 87 1262 ι
181 1178 329 1234 Dominus
342 1182 474 1237 virtutes
486 1187 516 1238 et
527 1186 684 1240 miraculo
697 1188 894 1254 operaretur.

215 1279 264 1334 10.
278 1283 344 1334 dum
365 1288 490 1351 pergeret
512 1285 608 1339 beatus
624 1287 750 1341 Nicolaus
769 1287 804 1340 ad
823 1286 991 1341 venerabilia
1011 1288 1081 1351 loca,
1094 1286 1243 1353 praemisit
1259 1284 1397 1339 ministrum

181 1393 271 1445 suum,
284 1382 438 1436 irthemam
460 1385 581 1447 nomine,
599 1386 732 1439 accersire
749 1361 948 1439 caementarios
965 1391 993 1439 et
1010 1385 1130 1439 artifices
1146 1384 1182 1439 ad
1200 1381 1428 1439 construendautt

181 1481 334 1549 ecclesiam,
348 1487 377 1534 ut
388 1483 542 1538 inciderent
554 1484 666 1552 lapides.
681 1486 804 1550 Quicum
822 1490 914 1538 essent
930 1485 1012 1538 simul
1026 1486 1154 1539 homines
1165 1485 1345 1553 septuaginta,
1356 1494 1396 1548 pet

182 1581 298 1646 spatium
311 1582 365 1636 dici
379 1587 464 1636 totum
487 1584 562 1637 nullo
584 1585 664 1638 mcdc
682 1598 823 1638 removere
840 1584 967 1639 valebant
984 1583 1102 1652 lapidem
1121 1598 1222 1649 unum,
1235 1590 1267 1638 ut
1277 1596 1336 1638 eum
1346 1586 1397 1649 apte

45 1680 54 1703 ·
90 1681 121 1734 '.
178 1676 370 1732 aedificarent.
392 1682 519 1735 Protinus
537 1696 602 1737 vero
624 1684 728 1752 iugali·
749 1688 777 1737 et
797 1683 962 1747 conturbati,
984 1683 1075 1750 ipsum
1097 1695 1170 1750 opus
1191 1682 1276 1736 durni
1286 1680 1397 1735 sedentes

182 1778 354 1833 dimiserunt.
367 1784 443 1834 'lunc
455 1782 606 1836 innomine
618 1783 724 1837 bomini
745 1783 920 1836 beatissimus
943 1782 1069 1836 Nicotaus
1086 1782 1290 1848 praecinxitse,
1302 1786 1397 1834 ustam

181 1891 243 1930 cum
256 1878 364 1933 duobus
384 1886 489 1934 tantum
511 1882 630 1936 eundem
651 1882 772 1949 lapidem
789 1883 871 1936 vertit
882 1887 909 1936 et
929 1883 958 1935 in
971 1882 1030 1936 loco
1042 1894 1098 1949 quc
1109 1882 1199 1935 uoluit
1211 1894 1263 1949 per
1273 1876 1427 1934 dmidunlt

181 1979 275 2031 horam
288 1984 349 2045 apte
362 1981 512 2034 collocavit.
526 1981 652 2035 videntes
664 1987 754 2035 autem
767 1982 814 2050 qui
827 1981 951 2045 aderant,
964 1981 1054 2034 statim
1073 1986 1265 2048 proruperunt
1275 1981 1304 2033 in
1314 1990 1393 2032 coctu

180 2079 323 2134 laudantes
335 2087 361 2133 et
373 2079 555 2149 glorificantes
568 2083 723 2148 dominum,
735 2084 781 2150 qui
795 2087 885 2136 tantas
896 2082 1009 2134 virtutes
1021 2082 1050 2134 in
1063 2081 1197 2136 omuibus
1209 2094 1260 2148 per
1267 2078 1389 2135 Nicolaum

179 2181 286 2246 operari
297 2179 424 2249 dignatus
433 2187 513 2234 estut
525 2195 580 2235 non
593 2182 681 2235 solum
694 2182 820 2236 nomines
837 2181 1024 2236 verumetiam
1038 2179 1146 2247 lapides
1156 2181 1182 2234 ei
1193 2179 1358 2238 oboedirent,
1366 2174 1394 2230 td

181 2279 268 2333 instar
285 2281 430 2334 verborum
447 2281 636 2349 Redemptoris
656 2283 792 2335 dicentis:
811 2282 843 2336 Sl
863 2280 1037 2335 habueritis
1058 2279 1155 2347 fidem
1174 2280 1260 2334 sicut
1275 2286 1393 2345 pruritu

179 2379 311 2447 sinopis,
325 2380 471 2434 diceretis
482 2380 555 2434 itrtic
566 2383 665 2434 monti
678 2399 687 2435 .·
701 2382 817 2435 Tollere
829 2382 866 2435 de
878 2381 951 2449 loeo,
959 2383 989 2434 et
997 2380 1085 2436 tollet
1095 2391 1138 2433 se.
1263 2370 1266 2375 ’
1401 2371 1422 2424 Ι

214 2480 264 2531 11.
276 2481 373 2532 Verum
387 2481 451 2546 quia
463 2481 577 2534 multum
589 2487 630 2533 est
642 2482 771 2547 prosequi
783 2487 885 2547 quanta
897 2487 925 2534 et
936 2480 1026 2548 qualia
1038 2492 1089 2545 per
1099 2492 1167 2533 euru
1183 2478 1314 2532 Dominus
1329 2475 1392 2541 sient

180 2583 207 2630 et
218 2579 348 2631 miracula
369 2579 514 2633 ostendere
535 2579 662 2649 dignatus
682 2584 733 2642 est,
756 2578 845 2633 adhuc
867 2586 991 2647 superest
1009 2584 1041 2632 ut
1057 2578 1164 2647 aliquid
1181 2577 1218 2632 de
1239 2580 1330 2631 sanctu
1345 2573 1391 2625 n'rt

179 2678 333 2746 loquamur.
357 2682 413 2732 Una
435 2679 541 2733 dierum
553 2679 596 2732 vir
608 2681 718 2746 quidam
731 2684 758 2733 et
776 2695 846 2735 uxor
862 2681 922 2747 ejus
939 2680 1020 2733 simul
1032 2680 1178 2732 uenientes
1195 2677 1391 2744 projeceruntit

180 2778 289 2844 utrique
302 2779 460 2845 antepedes
473 2780 567 2833 lamuli
588 2781 635 2833 bei
652 2781 754 2834 Nicolai
775 2785 803 2832 ct
819 2781 921 2834 obnixe
934 2779 1105 2846 postulantes
1116 2777 1252 2831 aiebant:
1270 2774 1389 2829 ΟΜΝ·

179 2891 249 2932 mus
270 2879 466 2932 clementiam
485 2883 583 2949 tunm,
604 2881 752 2934 miserere
774 2881 886 2948 nostri,
907 2880 1105 2946 cumpater,
1127 2879 1160 2930 et
1178 2873 1330 2929 cortsoluri
1345 2864 1421 2921 not!

180 2977 312 3046 dipuore
323 2991 364 3031 ecc
376 2981 483 3033 nostra
496 2979 676 3047 confusione
688 2993 781 3046 quom
797 2980 951 3047 potimur,
972 2976 1118 3045 quoniam
1136 2975 1264 3041 quidem
1274 2972 1336 3041 fert
1344 2967 1388 3021 ιη’·

178 3078 267 3145 pinta
282 3090 438 3130 curtorum
458 3079 635 3145 coujupium
659 3077 804 3131 babemus
821 3082 850 3130 et
862 3077 964 3146 filium
978 3074 1089 3128 dobere
1100 3072 1233 3125 minime
1239 3070 1388 3139 potuimus.

181 3176 268 3229 Modo
281 3189 525 3243 perceperamus
541 3180 634 3243 atque
647 3178 832 3245 confidimus
845 3177 877 3227 iu
890 3176 949 3228 Deo
968 3173 1124 3226 ueraciter
1135 3174 1166 3224 ct
1179 3171 1214 3222 iu
1227 3173 1282 3222 tuo
1291 3163 1385 3221 scudi-

180 3285 253 3349 tote,
267 3284 442 3336 uenerande
449 3286 551 3350 pater,
565 3284 639 3350 quio
647 3297 707 3349 per
718 3286 747 3336 te
759 3283 897 3350 fructum
909 3294 964 3335 uos
986 3279 1072 3342 serre
1083 3277 1273 3347 poterimus.
1291 3274 1327 3328 Ad
1337 3274 1388 3325 batt

181 3387 291 3435 sanctus
306 3383 431 3436 Nicolaus
453 3397 549 3435 manus
567 3383 602 3435 ad
625 3383 731 3435 caelum
752 3382 850 3435 levavit
870 3389 896 3434 ct
915 3395 961 3446 per
973 3378 1115 3432 dimidiam
1127 3378 1188 3432 iere
1201 3379 1296 3431 horam
1307 3364 1419 3427 obnue!

182 3484 277 3536 oravit.
291 3486 433 3537 posthaec
446 3498 529 3537 manu
550 3497 599 3535 sua
620 3485 756 3549 accipiens
777 3483 868 3536 oleum
880 3481 915 3533 de
935 3479 1118 3546 lampadibus,
1136 3478 1166 3531 in
1180 3478 1291 3531 nomine
1302 3476 1390 3527 saneim

182 3584 318 3635 trinitatis
332 3597 377 3635 eos
398 3584 567 3650 consignavit
587 3596 618 3634 ac
634 3583 744 3635 dimisit.
765 3583 811 3634 Dei
830 3587 920 3634 autern
933 3577 1120 3631 misericordia
1133 3576 1286 3643 opitulante
1295 3577 1390 3635 uterque

183 3684 268 3735 tilium
282 3683 378 3735 eodem
392 3696 464 3735 anno
476 3685 508 3735 ad
522 3685 567 3735 [tei
580 3682 712 3735 famulum
725 3682 916 3735 adduxenrnt:
932 3692 1014 3746 quem
1033 3690 1150 3745 puerum
1169 3676 1212 3729 vir
1229 3675 1275 3727 lici
1287 3670 1389 3726 nicolaus

182 3784 217 3836 dc
231 3788 323 3836 sancto
337 3784 412 3835 tonte
425 3783 551 3848 suscepit.
566 3783 629 3847 Quis
642 3796 703 3834 eum
725 3781 917 3839 benedixisset,
940 3791 1002 3831 cum
1022 3776 1122 3845 gaudio
1134 3775 1171 3828 ad
1186 3774 1295 3842 propria
1306 3778 1388 3824 remu·

181 3889 264 3947 runt3
279 3887 432 3935 remeantes
444 3887 533 3934 autem
547 3882 733 3947 laetantesque
744 3880 965 3947 glorificaverunt
984 3879 1078 3941 Deum,
1100 3876 1166 3942 quia
1185 3879 1247 3941 post
1263 3878 1302 3926 tot
1318 3858 1420 3923 ιιιιιοίῧ

182 3982 266 4034 tilium
279 3982 379 4033 hahere
395 3986 552 4035 mernerunt
564 3994 612 4047 per
624 3981 848 4034 intercessionem
861 3976 1026 4030 sanctissimi
1037 3975 1150 4029 Nicolai.

215 4081 264 4133 12.
281 4085 337 4134 Una
349 4080 456 4133 dicrum
468 4082 558 4133 subito
572 4081 681 4132 intravit
696 4080 812 4132 daemon
832 4078 879 4131 ubi
898 4078 995 4131 orabat
1016 4081 1128 4128 sanctus
1145 4073 1272 4127 Nicotaus
1284 4076 1311 4125 et
1322 4074 1389 4122 triu·

183 4181 313 4232 formatus
325 4186 366 4232 est
378 4179 407 4230 in
419 4180 545 4246 angelum
558 4179 634 4231 lucis.
648 4179 783 4231 Continuo
801 4183 893 4230 autem
914 4182 945 4229 ut
966 4176 995 4227 in
1016 4187 1079 4227 curn
1097 4173 1207 4238 aspexit
1225 4164 1390 4228 nicolanus

182 4292 295 4332 exorsus
307 4285 347 4330 cst
360 4292 367 4329 :
384 4279 456 4336 ouis
467 4278 550 4330 om'm
563 4291 593 4330 es
607 4282 640 4329 tu
654 4280 684 4328 et
696 4289 795 4343 pctore
807 4275 865 4328 ituc
877 4274 991 4327 vertisti
1004 4272 1016 4324 t
1029 4272 1181 4338 Respondit
1198 4270 1313 4323 daemon
1325 4283 1332 4319 :
1344 4266 1391 4320 iu·

181 4380 267 4445 petus
279 4391 356 4443 sum,
370 4380 399 4430 et
412 4377 479 4430 ideo
488 4376 559 4429 certi
573 4379 607 4428 ut
620 4376 741 4429 uideam
754 4387 834 4441 puoe
845 4372 998 4441 operaris.
1016 4374 1093 4424 Tunc
1111 4371 1274 4438 intellegens
1290 4354 1427 4421 sicclaud

182 4477 333 4529 ‹liubolirac
346 4478 410 4528 atriis
424 4476 573 4543 ingenium,
587 4476 714 4527 vexillum
728 4475 777 4526 sibi
792 4480 901 4526 sanctae
915 4472 1005 4524 crucis
1018 4471 1183 4536 imprimens
1193 4470 1231 4521 ait
1245 4485 1252 4520 :
1266 4466 1395 4531 statione.

184 4576 327 4641 eprertere
345 4574 437 4627 citius
451 4574 487 4625 tte
500 4575 586 4637 cello,
612 4573 696 4626 mille
717 4571 838 4640 formos
861 4572 1007 4637 milleque
1030 4566 1162 4621 nocendi
1183 4563 1399 4620 ortesboberts:
