3156 5452
287 331 350 397 134
629 347 754 397 cursu.
774 346 875 395 cono.
895 346 1069 397 usercen.
1088 348 1169 398 unu.

281 516 472 583 rejiceretur,
486 516 682 569 cternentc'nm
703 519 800 581 irrotat,
813 528 909 582 parom
930 515 968 568 nh
988 516 1119 570 exordio
1139 515 1375 571 antecedentibus
1391 529 1531 585 oetwra-

281 614 416 669 tionihns
435 615 586 683 tribuisti,
606 629 668 668 ison
689 615 852 669 immemor
873 615 1016 684 hercefieii
1036 616 1094 681 tici,
1115 615 1211 670 etiem
1230 618 1261 669 et
1282 614 1363 669 milti
1386 616 1423 669 in
1447 618 1530 671 aitte

282 715 397 769 crrdme
418 715 576 770 laboranti
595 729 670 783 copo
690 729 751 770 non
773 717 910 784 denepes.
924 717 1052 770 Oratione
1073 728 1138 769 sero
1159 717 1306 783 completa,
1319 723 1413 770 terrae
1431 717 1528 770 solum

285 816 403 880 intuens,
416 817 489 883 virga
507 830 588 882 quam
606 829 689 868 manu
707 816 829 883 gestabat
847 814 1010 868 fiducialiter
1023 816 1165 881 percussit.
1179 817 1257 868 tunc
1268 816 1399 868 exaudito
1416 815 1526 869 athleta

283 925 334 966 suo
347 914 476 966 Dominus
495 915 678 981 gratissimum
700 927 735 966 ex
755 914 831 967 arida
853 915 954 967 iontem
975 913 1100 980 produxit
1121 919 1148 966 et
1168 912 1240 967 fideli
1263 914 1365 967 iamulo
1386 927 1442 968 suo
1460 917 1559 968 nont»

284 1012 372 1064 solum
385 1012 561 1077 temporalem
574 1012 622 1064 sed
644 1011 726 1065 etiam
740 1019 882 1065 aeternum
899 1012 995 1064 tribuit
1013 1016 1116 1077 potum.
1129 1012 1180 1077 Qui
1193 1012 1323 1066 videlicet
1339 1013 1404 1066 tons
1423 1016 1527 1066 sancto

284 1112 342 1164 viro
353 1110 433 1163 datus
445 1125 461 1164 a
473 1113 587 1165 ltomino
599 1112 714 1165 salutem
728 1125 852 1179 magnam
868 1112 979 1177 praehet
1001 1110 1214 1177 infirmantibus,
1227 1112 1453 1166 amministrante
1469 1113 1529 1166 ele·

284 1212 388 1264 mentia
399 1211 521 1277 ejusdem
535 1211 641 1264 ltomini
654 1214 739 1265 nostri
748 1214 812 1264 tesu
822 1212 932 1277 Christi,
949 1212 996 1278 qui
1010 1224 1066 1264 uon
1075 1211 1163 1264 solum
1175 1212 1415 1279 persemetipsum
1425 1225 1527 1265 cerum

284 1310 366 1363 etiam
379 1324 426 1376 per
438 1324 531 1364 servos
544 1324 609 1364 suos
621 1309 717 1364 tideles
730 1310 865 1364 mirabilia
877 1310 1008 1378 dignatur
1019 1309 1165 1364 ostendere
1178 1324 1286 1379 magna.
1300 1312 1351 1376 Qui
1362 1313 1451 1366 etiam
1463 1312 1526 1378 ipse

287 1408 416 1462 Dominus
427 1407 462 1462 de
474 1409 508 1460 iis
520 1410 566 1475 qui
580 1408 712 1462 imitando
725 1410 843 1475 perfecte
855 1414 1018 1475 sequuntur,
1032 1409 1102 1462 sicut
1114 1409 1251 1478 gloriosus
1261 1416 1365 1477 martyr
1380 1408 1525 1464 Anthoni·
1546 1412 1570 1461 ll

282 1521 334 1561 nus
355 1512 466 1561 secutus
487 1512 537 1576 est,
558 1508 679 1574 loquitur
699 1508 796 1561 dicens
819 1508 943 1575 :opera
961 1521 1042 1574 quae
1062 1522 1116 1577 epo
1135 1508 1222 1577 facio
1241 1511 1271 1563 et
1291 1509 1359 1578 ipse
1375 1508 1479 1578 faciet
1494 1513 1528 1565 ct

281 1608 405 1673 maiora
418 1606 530 1661 hortem
542 1607 657 1676 saciet‚·
670 1610 699 1661 et
712 1608 915 1675 crimenque
921 1608 1081 1675 petieritis
1101 1609 1227 1662 Patrem
1241 1607 1275 1660 in
1294 1608 1424 1663 nomine
1446 1621 1525 1677 osteo,

283 1707 338 1762 hoc
358 1705 479 1774 faciam
494 1707 587 1760 cobis.
602 1706 702 1760 l'idelis
721 1713 764 1759 est
784 1708 858 1759 enim
880 1707 909 1760 in
930 1709 1021 1761 verbis
1043 1709 1100 1761 suis
1118 1705 1285 1772 Redemptor
1306 1708 1463 1773 piissimus,
1475 1709 1528 1776 qui

286 1820 396 1874 aquam,
409 1819 518 1873 quama
537 1806 670 1873 principio
689 1808 746 1871 ipse
767 1812 915 1872 creaverat,
929 1820 944 1859 a
958 1809 1071 1861 muliere
1088 1806 1257 1859 Samaritana
1278 1820 1336 1860 non
1355 1807 1526 1876 dedignatus

286 1912 327 1959 est
338 1911 439 1972 petere,
452 1906 609 1959 Anthonino
621 1905 732 1972 martyri
745 1918 796 1958 suc
808 1907 936 1959 virtutem
950 1906 1045 1960 tribuit
1057 1907 1138 1959 talem
1151 1905 1269 1972 qualiter
1282 1907 1387 1960 iontem
1398 1907 1437 1961 de
1449 1914 1525 1962 terra
1544 1911 1570 1962 tt

286 2011 376 2071 posset
391 2005 542 2072 producere
555 2010 722 2058 manantem.

318 2105 351 2156 4.
368 2106 415 2157 De
431 2106 548 2157 honore
567 2105 663 2157 beato
679 2104 859 2156 Anthonium
876 2104 1020 2157 exhibito
1031 2118 1053 2156 a
1064 2102 1200 2168 ntpptno
1209 2117 1297 2169 rece.
1311 2105 1416 2160 Eodem
1428 2114 1525 2163 autem

285 2209 407 2269 tempore
427 2216 473 2256 rer
495 2203 623 2268 uippinus
643 2216 705 2255 cum
726 2209 821 2255 sancto
844 2204 946 2256 Othseo
973 2203 1100 2268 episcopo
1126 2206 1154 2256 ot
1174 2203 1297 2256 exercitu
1321 2205 1524 2262 innumerabili

287 2295 396 2346 intravit
407 2294 502 2346 urhem
515 2293 627 2346 licinum
641 2306 749 2346 sumere
761 2293 812 2345 sihi
825 2295 981 2360 imperium.
994 2295 1043 2358 Qui
1055 2293 1148 2346 audita
1161 2293 1233 2347 tama
1245 2300 1271 2347 et
1287 2298 1438 2351 sanctitate
1450 2302 1525 2353 seni

290 2393 336 2445 liei
347 2392 507 2450 Anthonlni,
520 2392 594 2443 misit
605 2390 640 2443 de
652 2390 768 2444 ducibus
780 2394 913 2444 exereitus
924 2394 977 2458 sui,
991 2398 1018 2445 et
1030 2392 1157 2445 accerslri
1167 2393 1250 2458 jussit
1260 2406 1325 2446 eum
1337 2393 1374 2448 ad
1386 2408 1429 2450 se.
1444 2400 1525 2455 Tune
1542 2402 1570 2455 at

287 2497 398 2544 sanctus
410 2490 592 2552 Anthonium,
606 2488 704 2541 videns
716 2491 827 2542 nuntios
840 2490 924 2557 regis,
938 2496 1061 2556 prompto
1071 2491 1163 2543 animo
1175 2492 1275 2559 gratias
1284 2491 1384 2559 agebat
1394 2496 1524 2568 Domino,

286 2590 320 2642 ad
341 2603 423 2656 quem
443 2603 491 2655 per
508 2602 638 2642 coronam
660 2589 781 2654 martyrii
803 2590 932 2643 credebat
953 2603 983 2642 se
1004 2591 1182 2657 migraturum
1203 2591 1233 2643 in
1254 2592 1391 2659 proximo,
1406 2599 1526 2653 monitu

286 2690 369 2741 alacri
391 2689 503 2754 parahat
523 2687 599 2741 adire
620 2684 803 2754 praesentiam
825 2687 906 2752 regis.
920 2686 995 2750 Quod
1019 2701 1082 2739 cuin
1103 2687 1224 2742 audisset
1244 2691 1373 2757 populus,
1386 2709 1474 2761 quem
1495 2706 1526 2751 ut

290 2792 366 2853 pater
377 2788 512 2855 benignus
525 2794 552 2841 et
564 2792 656 2852 pastor
677 2786 808 2840 sollicitus
830 2786 913 2838 verho
932 2786 1002 2838 vitae
1020 2787 1156 2853 pascebat,
1170 2800 1231 2840 cum
1254 2802 1381 2845 macrore
1398 2795 1488 2851 nimio
1499 2804 1527 2850 et

289 2885 408 2937 lacrimis
420 2884 537 2950 profusis
546 2884 669 2951 undique
678 2896 855 2950 concurrens,
866 2883 998 2935 ‹ciamahat
1012 2897 1018 2932 :
1032 2882 1147 2936 Pastor
1154 2887 1184 2937 et
1187 2887 1283 2952 pater
1294 2891 1402 2943 noster
1409 2892 1529 2959 fidelis-
1544 2896 1570 2946 Ι

285 2981 372 3047 sime,
385 2994 472 3034 seror
483 2981 539 3034 Dei
550 2981 734 3047 Arsinoiticae,
748 2993 806 3034 cnr
827 2993 883 3033 scos
906 2979 1035 3043 deserte
1048 2993 1124 3047 quos
1143 2983 1301 3037 custodire
1312 2988 1342 3039 et
1354 2987 1528 3055 defensore

287 3079 406 3134 solebas
417 3080 455 3133 nb
468 3080 647 3134 inconstans
659 3080 785 3147 castinus·
795 3079 891 3132 hostis
901 3080 914 3132 l
923 3079 1019 3132 Peter
1030 3083 1146 3148 sancte,
1156 3082 1224 3134 noli
1236 3085 1382 3139 recedere
1392 3101 1414 3141 a
1426 3090 1526 3155 nohis,

287 3192 363 3246 quos
386 3183 517 3247 propter·
540 3179 715 3232 obtractione
740 3181 828 3231 inam
854 3176 939 3245 forne
965 3177 1069 3231 divini
1095 3180 1249 3234 emineatis
1266 3163 1441 3249 perituros
1459 3202 1526 3243 esec

286 3278 645 3346 ropicoscis.heatissin1us
666 3281 757 3330 autem
770 3281 796 3329 et
808 3277 949 3342 piissimus
970 3285 1046 3343 pater
1066 3279 1230 3342 aumonius,
1246 3281 1340 3334 audita
1362 3297 1431 3339 soce
1450 3287 1527 3354 plan·

287 3378 376 3443 gentis
389 3377 491 3443 populi,
506 3391 688 3444 prorumpens
702 3378 729 3428 in
742 3377 869 3430 lacrimas
881 3377 989 3429 dicebat
1004 3392 1011 3428 :
1025 3376 1110 3442 Filii,
1124 3378 1222 3432 nolite
1239 3381 1459 3449 constristari,
1472 3387 1525 3439 sed
1540 3387 1568 3436 ao

284 3475 419 3538 poricere
431 3488 550 3529 coicerent
565 3476 694 3528 Dentirw
703 3474 828 3540 pratilis
841 3472 1020 3539 retenentes,
1034 3474 1090 3541 qtci
1105 3488 1154 3528 me
1171 3476 1327 3542 stipantur
1343 3494 1461 3535 vocare
1480 3483 1523 3536 ad

287 3585 435 3626 eoronam
447 3573 605 3640 chartarii,
620 3576 654 3626 nt
666 3586 737 3626 enm
758 3572 876 3626 sanctis
896 3574 963 3625 suis
984 3573 1016 3624 in
1037 3576 1167 3627 aeterno
1184 3573 1378 3633 heatitudine
1400 3594 1523 3636 timeor

286 3686 346 3738 pro
361 3672 464 3726 labore
474 3674 683 3726 resonuerunt.
697 3675 773 3725 Titne
794 3677 903 3725 structus
924 3672 1002 3725 viret
1020 3673 1119 3725 athleta
1132 3673 1177 3724 liei
1191 3674 1356 3729 fortissimus
1369 3679 1521 3746 intrepidus

287 3778 314 3824 et
326 3773 449 3839 gaudens
469 3772 544 3824 venit
564 3778 627 3824 ante
646 3773 826 3837 praesentiam
850 3773 930 3838 regis.
944 3770 997 3823 Sed
1016 3785 1064 3824 rex
1083 3785 1143 3824 eum
1164 3774 1336 3841 cognovisset
1348 3779 1480 3832 virtutem
1498 3786 1521 3833 et

288 3870 456 3922 sanctitatem
470 3871 539 3935 ejus,
553 3881 614 3921 eum
630 3871 747 3922 maximo
760 3871 865 3922 honore
878 3876 904 3922 et
918 3871 1069 3923 reverentia
1085 3872 1205 3936 suscepit
1216 3885 1280 3924 eum
1292 3878 1320 3925 et
1333 3875 1445 3928 reduxit
1461 3890 1520 3930 eum
1533 3878 1567 3927 st

288 3983 382 4021 sectum
395 3969 422 4020 in
436 3968 570 4021 civitatem
585 3969 809 4035 Brugduueusem
828 3983 889 4021 eum
909 3976 1005 4021 sancto
1018 3971 1120 4023 Otlnco
1139 3971 1276 4036 episcopo.
1290 3973 1322 4024 ln
1342 3987 1399 4040 qua
1417 3976 1523 4028 civitate

290 4073 347 4119 erut
365 4067 444 4118 honio
464 4080 478 4117 a
500 4067 645 4119 daemonio
665 4071 785 4134 vesanus,
810 4069 856 4132 qui
879 4073 905 4119 et
926 4068 1057 4119 instinctu
1073 4068 1160 4134 ipsius
1180 4069 1319 4123 daemonii
1340 4069 1370 4123 in
1388 4073 1520 4127 civitatem

291 4170 379 4234 ignem
396 4167 545 4218 immiserat
558 4172 584 4219 et
598 4172 699 4232 purtem
713 4169 771 4234 ejus
790 4174 967 4221 cremaverat.
982 4169 1100 4234 Populus
1112 4174 1204 4222 autem
1222 4170 1337 4222 civitatis
1353 4183 1528 4226 concurrens

288 4266 504 4332 apprehenderat
517 4280 578 4318 eum
594 4267 661 4319 utin
676 4268 764 4334 ignem
779 4269 907 4321 mitteret.
921 4270 973 4321 Sed
996 4282 1091 4321 servus
1104 4269 1150 4321 liei
1162 4270 1337 4323 Anthoninus
1356 4283 1421 4324 cum
1434 4272 1526 4326 audis—

288 4371 329 4417 set
341 4378 402 4416 eum
416 4380 431 4417 a
445 4364 589 4418 daemonio
602 4368 700 4427 resciri.
714 4369 820 4420 eone-ito
834 4382 915 4420 cursu
933 4369 1006 4420 venit
1019 4368 1047 4419 in
1060 4369 1178 4432 turham,
1192 4373 1219 4420 et
1232 4369 1373 4422 sublatum
1386 4370 1422 4424 de
1439 4371 1567 4424 mani-

287 4467 337 4516 hus
350 4478 455 4529 eomm,
470 4466 526 4517 suis
552 4467 721 4518 orationihus
742 4481 757 4519 a
776 4468 921 4519 daemonio
936 4481 999 4519 eum
1013 4467 1138 4520 liberavit
1150 4472 1177 4519 et
1196 4468 1328 4533 pristinae
1341 4470 1452 4522 sanitati
1466 4483 1570 4522 res—

285 4564 366 4614 tituit.
383 4567 526 4617 innumera
547 4578 656 4631 «puroque
678 4567 729 4617 ulia
752 4566 882 4618 miracula
905 4580 953 4631 per
973 4580 1037 4618 eum
1057 4566 1187 4619 Dominus
1208 4566 1310 4620 ibidem
1332 4568 1461 4637 dignatus
1479 4572 1570 4621 es-
