3156 5452
371 319 465 369 erun.
484 319 567 370 nar.
587 321 703 370 ranis.
720 341 766 349 -
782 320 938 371 trenno.
957 319 1005 371 no
1021 318 1100 370 cop.
1121 315 1196 368 isar.
1351 301 1396 367 85

209 486 314 589 wita
328 488 448 567 sancti
467 488 628 567 Valerici
648 489 846 590 eremitae]
868 488 948 584 (fol.
971 485 1195 588 1491-150').

203 624 296 674 sermo
306 621 522 675 concionatorius
535 620 591 675 iere
603 622 669 675 locis
681 622 873 675 communibus
886 620 1020 674 conllatus
1030 625 1057 673 et
1065 619 1096 673 iu
1108 618 1163 672 ilne
1175 618 1296 671 mutilus.
1322 621 1395 670 Atta·

186 732 234 774 nou
257 734 323 785 cum,
343 722 442 788 utiam
464 735 547 789 supra
567 723 726 777 monuimus
745 725 816 790 (pag.
841 724 891 786 ll),
904 721 1052 774 admodum
1075 733 1161 785 pauca
1181 717 1217 772 de
1230 718 1277 771 illo
1300 724 1395 771 sancto

191 820 329 874 documenta
340 822 479 886 supersint
490 833 576 887 eaque
588 820 653 873 satis
663 822 783 875 recentia
795 822 855 883 (cir.
868 821 933 875 Act.
946 821 1003 886 δᾶ,
1022 818 1065 872 ad.
1079 819 1106 872 d.
1122 820 1153 871 lt)
1164 820 1236 882 lan..
1251 821 1317 871 torn.
1332 818 1352 882 l,
1366 832 1394 883 p.

194 921 264 972 tllct
279 923 303 973 l.
322 922 344 974 l.
358 922 484 987 liourier,
508 920 561 974 vie
580 920 619 975 de
630 920 659 973 S.
685 920 946 987 interceperunt
965 919 1004 973 de
1022 920 1055 973 to
1068 917 1216 986 paroisse
1235 917 1273 971 de
1291 917 1393 971 Saint-

201 1017 300 1086 llootrp,
311 1021 444 1088 limoges,
459 1021 532 1087 litii,
547 1020 609 1086 12⁰),
622 1020 700 1072 illum
714 1019 838 1074 hocloco
850 1019 962 1087 vulgare
970 1019 1059 1071 risum
1072 1023 1121 1071 est.

510 1397 718 1509 Apponlix
737 1396 787 1482 ao
808 1330 891 1485 ni.
918 1397 1038 1487 1834.

617 1620 666 1685 De
691 1619 727 1686 S.
753 1619 938 1685 Vanusrco.

220 1799 241 1849 1·
253 1804 479 1872 Quotiescumque,
492 1805 672 1872 dilectissimi,
686 1812 843 1860 sanctorum
864 1803 1024 1859 memoriam
1038 1804 1152 1857 ecclesia
1164 1804 1292 1858 laudibus
1303 1816 1395 1870 prose·

194 1896 273 1969 fluitur,
283 1909 354 1960 tanto
367 1904 492 1958 devotius
503 1918 616 1959 necesse
637 1911 679 1958 est
698 1905 906 1959 incitamentum
928 1903 990 1957 ildel
1011 1903 1146 1970 accipere,
1155 1907 1258 1971 quanto
1277 1909 1393 1970 constat,

195 2006 247 2058 llos
256 2003 370 2069 coimus,
383 2004 514 2057 laetitiam
527 2004 606 2058 nobis
617 2004 809 2059 sollemnitatis
830 2005 968 2058 exhibere.
983 2008 1039 2068 Quo
1052 2007 1126 2058 enim
1139 2008 1296 2058 sanctorum
1308 2005 1394 2056 uirtus

194 2091 214 2144 in
223 2096 314 2155 christo
332 2108 360 2156 et
371 2115 421 2170 per
440 2102 579 2156 Christum
600 2102 784 2171 sollemn[i]us
794 2105 956 2164 honoratur,
968 2117 1001 2156 eo
1014 2116 1149 2168 supernae
1161 2101 1275 2157 visionis
1287 2103 1391 2170 gloriae

173 2192 309 2256 ⁵³luialius
320 2215 352 2255 ac
364 2202 472 2255 dulcius
483 2202 642 2256 intenditur.
660 2203 745 2271 igitur
757 2208 869 2256 sanctus
887 2202 994 2256 bomini
1014 2202 1150 2255 valericus
1162 2201 1314 2266 consessor,
1328 2201 1392 2268 quia

190 2288 320 2365 triumphali
340 2303 473 2354 recolitur
493 2301 646 2361 testivitate.
660 2302 770 2356 divinae
790 2304 893 2370 gratiae
915 2302 1116 2365 excellentiam,
1137 2306 1264 2356 aeternae
1286 2300 1390 2367 patriae

191 2386 347 2465 dulcedinem,
360 2412 470 2453 morum
482 2400 602 2467 denique
614 2401 805 2454 rectitudinem
817 2401 950 2454 hodierna
963 2400 1146 2454 sollemnitate
1154 2400 1328 2454 commendat
1341 2415 1349 2452 ι
1362 2405 1393 2452 ut

190 2492 247 2550 Qitd
260 2498 433 2552 estmirabile
444 2499 473 2551 in
493 2505 611 2564 pastore,
624 2498 753 2552 credibile
770 2498 799 2552 in
821 2500 941 2560 doctore.
954 2499 1099 2567 gratulatio
1120 2499 1196 2552 sitin
1214 2499 1389 2566 consessore3

189 2588 210 2635 01
217 2595 277 2649 unde
288 2596 413 2651 conditor
424 2611 548 2651 summus
568 2599 704 2659 laudatur,
718 2600 782 2653 inde
800 2601 836 2652 sit
853 2599 1012 2667 magnitudo
1026 2600 1053 2652 in
1071 2600 1182 2661 sanctis,
1195 2599 1347 2664 exemplum
1360 2600 1390 2651 in

160 2675 179 2726 ¹⁰
189 2678 392 2748 lderirentibus.
404 2696 472 2760 Quid
491 2696 565 2750 enim
582 2695 682 2749 cecinit
695 2697 815 2762 psalmus
836 2697 870 2750 dc
883 2698 1051 2750 beatitudine
1069 2698 1247 2750 sanctorum?
1264 2698 1390 2764 Beatum,

188 2778 265 2859 iiltuit,
276 2795 329 2862 qui
339 2794 374 2848 in
387 2796 452 2861 tege
462 2793 587 2849 minim·
597 2795 769 2848 nieditatur
779 2795 832 2849 die
849 2808 888 2850 ac
899 2799 994 2864 nocte,
1007 2797 1083 2863 qnia
1093 2808 1214 2863 semper
1223 2809 1393 2865 prospero-

187 2874 259 2944 Q'iur.
270 2895 353 2961 liujus
366 2907 447 2960 porro
460 2893 637 2947 beatitudinis
649 2894 758 2948 dilectio
770 2901 859 2948 vestra
873 2896 1016 2962 vestigium
1029 2896 1155 2949 sollerter
1166 2896 1261 2949 audire
1271 2896 1390 2962 festinet,

185 2987 292 3043 tutinus
301 2993 437 3058 periectac
449 3006 480 3045 ac
492 3005 615 3045 summae
624 2992 801 3046 beatitudinis
813 2998 896 3060 queat
910 2993 968 3046 fieri
982 3007 1105 3061 consors,
1119 3000 1146 3046 ct
1155 2994 1273 3062 glorioso
1286 2996 1392 3061 periru·

184 3082 394 3145 iiursanctorum
415 3089 564 3157 consortio,
585 3091 722 3158 simulque
743 3092 956 3145 inenarrabilem
978 3092 1093 3160 gloriam
1116 3093 1240 3146 contueri
1263 3091 1391 3148 sineime

153 3170 173 3222 ¹³
183 3174 255 3246 digna·
266 3190 425 3246 inueniatur.
440 3191 506 3255 Qula
518 3203 582 3244 vero
595 3192 667 3243 beati
679 3192 793 3245 valerici
806 3191 881 3244 aliud
894 3198 935 3244 est
947 3184 1024 3260 g'esta
1036 3193 1230 3261 perstringere,
1243 3192 1317 3246 aliud
1330 3195 1389 3260 ejus

182 3281 355 3342 itrieeuonem
369 3289 490 3356 laudare,
503 3303 669 3356 quamquam
690 3291 769 3344 nobis
791 3291 862 3343 desit
874 3290 988 3344 latitudo
1008 3290 1099 3345 cordis
1120 3282 1155 3344 ad
1168 3292 1298 3358 hocopus
1315 3305 1390 3346 acce·

181 3369 240 3446 dere,
252 3390 339 3442 tamon
357 3402 393 3441 ex
405 3388 452 3441 bei
464 3389 609 3454 adiutorio,
622 3389 728 3443 favente
740 3390 852 3442 caritate
863 3396 962 3456 vestra,
976 3391 1131 3443 felicitatem
1143 3392 1283 3458 angelicae
1295 3390 1390 3446 admo·

179 3472 272 3539 titionis
281 3501 392 3555 sperare
404 3487 546 3541 debemus.
560 3492 613 3542 Nec
630 3494 739 3542 nostrae
757 3491 809 3543 boc
819 3488 880 3556 opis
892 3498 942 3555 est,
956 3491 1003 3544 sed
1025 3491 1119 3543 abillo
1138 3492 1256 3543 sumitur
1276 3492 1320 3544 bic
1333 3505 1388 3551 ros,

178 3572 214 3631 ‘1²¹5
223 3579 316 3639 Siccam
329 3600 426 3652 mpem
439 3586 555 3640 sundere
569 3588 651 3653 jussit
671 3601 780 3655 aquam,
794 3592 848 3642 lico
869 3589 1098 3654 benedictionem,
1113 3590 1228 3643 ecclesia
1250 3590 1388 3643 tribuente

144 3657 407 3739 fflfucrincationem.
420 3686 539 3749 Qualiter
559 3699 623 3754 ergo
640 3692 750 3740 sanctus
774 3688 915 3741 consessor
933 3689 1031 3741 christi
1053 3689 1190 3742 valericus
1210 3690 1387 3755 assumpserit

174 3772 317 3837 e‘flaminis
328 3786 370 3838 sui
380 3798 520 3849 coronam,
533 3787 626 3853 paucis
635 3787 753 3840 diximus
762 3788 867 3840 caritati
876 3792 983 3841 restrae
994 3789 1082 3854 potius
1092 3787 1291 3841 recordandum
1303 3802 1385 3855 quam

171 3871 360 3949 enar1·andum;
373 3885 401 3937 in
414 3898 469 3951 quo
482 3898 537 3938 non
550 3892 660 3939 nostrae
680 3888 828 3953 jactantiae
846 3888 1004 3953 pertinacia.
1018 3886 1066 3940 sed
1084 3887 1230 3953 perorandi
1244 3888 1384 3941 materiam

168 3954 231 4023 ‘¹01¹st
258 3988 361 4036 restrae
383 3984 551 4037 reverentiae
572 3986 708 4051 majestas.
728 3987 759 4038 tlt
779 3991 869 4038 autem
896 3985 924 4037 in
949 3987 1028 4039 beato
1047 3985 1167 4039 valerico
1189 3987 1280 4039 divina
1303 3987 1387 4054 gratia

165 4054 322 4135 claresceret
333 4083 367 4134 ad
380 4082 534 4148 exemplum
546 4083 616 4136 bene
625 4084 745 4145 vivendi,
758 4085 793 4138 de
802 4086 923 4139 moribus
936 4087 995 4152 ejus
1004 4086 1094 4150 deque
1103 4085 1265 4139 claritudine
1277 4092 1387 4139 actuum

140 4142 204 4215 ⁵⁸5⁰ss
222 4169 297 4231 ¹ibet
307 4179 398 4245 aliqua
411 4179 543 4246 prolerre,
557 4180 591 4234 de
608 4183 709 4249 quibus
721 4184 793 4236 idem
806 4185 948 4237 consessor
959 4183 1098 4237 valericus
1111 4184 1263 4237 innotescat
1282 4185 1387 4252 lirlgore

153 4256 272 4327 ⁵¹¹⁰i³rni
285 4279 415 4342 muneris,
429 4284 456 4330 et
477 4286 569 4332 nostru
589 4281 734 4334 infirmitas
755 4282 788 4335 ad
803 4282 901 4334 melius
920 4283 1165 4336 convalescendum
1188 4283 1385 4336 adminiculum

148 4338 261 4422 ⁶²¹)th
273 4377 488 4430 sustentationis.

1407 3215 1575 3284 'ceddignc

170 4448 198 4508 ²·
221 4466 387 4541 Hioitaque
399 4474 515 4528 dilectus
533 4478 637 4529 bomini
660 4477 797 4531 valericus
820 4479 848 4531 in
867 4479 1009 4545 provincia
1022 4481 1123 4533 Galliac
1141 4492 1212 4547 quae
1228 4483 1382 4533 Germana·
1451 4498 1459 4515 ⁴
1496 4496 1502 4508 ·
1520 4533 1526 4547 ,

140 4534 390 4639 d¹⁰¹¹¹11·inierior,
404 4575 575 4640 Aquitaniam
589 4575 761 4629 occidentem
782 4592 876 4631 versus
896 4584 1083 4645 prospectans,
1102 4580 1248 4633 illustrium
1265 4581 1386 4634 virorum
