3136 5482
173 300 241 366 532
520 314 642 365 aaran.
658 274 763 365 ¹(torsa.
783 312 957 364 naamon.
975 312 1057 363 nar.

171 489 248 551 pater
259 489 352 537 noster
365 482 552 548 Baisanorius,
566 495 648 550 quern
667 482 742 536 nulla
755 481 861 536 occulta
880 482 966 534 latere
977 483 1115 547 poterant,
1128 479 1259 547 quamvis
1271 478 1387 547 inubege

172 584 218 637 bat
230 596 286 637 non
298 582 450 636 tenacitatis
470 582 534 636 vitio
547 583 595 635 sed
608 581 775 651 indigentiae
796 583 961 636 necessitate
973 586 1029 634 mm
1043 593 1129 648 parce
1141 579 1391 634 administrationem

171 682 278 747 metam,
300 682 337 733 ait
358 686 449 734 umen
471 681 616 734 ministro:
641 680 777 748 Quaero,
799 679 923 748 frater,
945 678 1001 733 boc
1021 692 1125 747 uenus
1148 678 1257 734 edulii
1275 676 1304 731 si
1321 676 1392 742 biduo

171 780 358 835 monosterii
369 778 526 847 frutribus
539 778 667 846 refectio
680 783 725 835 est
737 756 900 833 cotidiana
910 780 923 832 l
933 780 1013 833 Sane
1025 778 1104 833 tatis
1115 777 1354 832 administratio
1363 775 1393 829 iis

165 881 274 949 potius
286 879 437 948 conuenit,
454 893 528 947 quos
541 882 661 933 remota
673 878 711 933 ab
724 878 862 933 bumana
877 878 1196 933 conversationeuita
1209 873 1416 945 cacumen-t

170 992 235 1033 mos
247 979 334 1048 facit.
349 978 411 1032 Nos
430 978 568 1033 homines
580 992 687 1032 sumus
705 982 735 1032 et
746 979 831 1032 inter
848 976 986 1031 domines
1003 977 1143 1031 vivimus
1155 994 1166 1044 ,·
1178 977 1271 1031 oleru
1287 978 1316 1029 et
1326 975 1393 1043 leba

170 1078 257 1132 mina
269 1091 331 1131 nou
342 1090 548 1145 aspernamus
558 1094 568 1144 ,·
579 1077 634 1131 sed
644 1077 726 1144 quod
732 1076 876 1144 primum
887 1079 918 1130 et
935 1076 1034 1144 mauis
1047 1075 1269 1130 necessarium
1288 1072 1392 1129 utcu·

174 1180 287 1246 aimus.
303 1178 458 1232 ostendite
478 1190 549 1244 erpo
569 1177 735 1233 caritatem
754 1180 908 1245 etpanem
929 1176 1088 1245 apponite,
1102 1176 1241 1230 scientes
1262 1174 1336 1243 qoem
1354 1172 1394 1225 bis

168 1275 398 1344 fratribusque·
409 1276 568 1330 nobiscum
579 1277 740 1344 recurunt,
750 1275 806 1343 qui
826 1278 855 1329 et
867 1275 938 1329 uiae
949 1275 1105 1343 tenuioris
1127 1272 1240 1329 iubare
1250 1276 1283 1328 et
1290 1270 1395 1341 jetram

170 1376 227 1429 uia
238 1375 417 1444 subsistunt,
431 1374 495 1429 cibo
514 1373 655 1443 fortiori,
670 1374 704 1427 id
721 1376 767 1428 est
774 1387 869 1441 pane,
882 1387 958 1442 opus
979 1376 1034 1427 est.
1048 1372 1089 1427 Ad
1102 1374 1175 1428 baec
1189 1373 1276 1427 rerba
1286 1371 1396 1425 minister
1407 1370 1429 1421 u

169 1474 306 1543 proitrndo
319 1476 417 1528 mentis
429 1474 534 1541 pudore
545 1474 686 1540 connisus,
699 1487 762 1527 cum
772 1475 930 1540 juramento
942 1473 980 1528 ait
996 1473 1062 1542 quia
1074 1485 1181 1540 panem
1200 1484 1259 1526 non
1272 1470 1391 1534 mbebsts

170 1579 196 1627 et
207 1573 329 1628 adiciens
342 1588 349 1625 :
362 1573 455 1644 Num,
469 1573 566 1639 inquit,
579 1571 754 1626 beatissime
759 1575 865 1640 pater,
878 1585 927 1626 me
945 1570 1101 1626 bominem
1114 1574 1185 1625 tam
1198 1569 1392 1625 indiarum

167 1685 231 1726 esse
238 1674 344 1740 putas,
354 1673 389 1724 ut
393 1684 493 1738 panes
502 1669 631 1725 babeam
640 1673 671 1724 et
677 1669 853 1737 prandium
863 1670 923 1724 tibi
931 1673 962 1724 et
972 1669 1036 1723 tuis
1043 1668 1149 1736 deiide
1157 1664 1392 1723 administrant

167 1773 326 1840 Numquid
347 1775 378 1827 et
397 1775 432 1825 tu
452 1771 630 1825 consideras
651 1774 767 1838 quanto
788 1770 901 1825 mentis
924 1783 1044 1837 anpore
1062 1768 1155 1837 tilius
1176 1771 1251 1823 tuus
1271 1768 1389 1821 monost

166 1873 326 1941 episcopus
340 1885 402 1939 pro
422 1871 643 1926 alimentorum
665 1871 774 1939 inopia
794 1869 1023 1939 eanfienditurt
1037 1869 1163 1930 Queri
1177 1882 1229 1923 me
1248 1865 1423 1922 leubemmt

169 1972 227 2025 tibi
236 1970 419 2026 subtrahere
431 1973 513 2024 certe
525 1970 723 2038 intelliucret,
735 1970 951 2025 severissimae
970 1968 1180 2024 correctionis
1198 1966 1390 2035 duciptinmr

168 2070 269 2124 citare
287 2082 351 2124 otuu
365 2081 497 2136 possein
521 2070 569 2122 llic
591 2069 632 2123 vir
652 2075 763 2122 sanctus
784 2069 910 2122 ministro
933 2067 1130 2134 respondens:
1149 2065 1291 2133 Audisti,
1303 2063 1388 2131 inquii,

167 2170 244 2238 quic
264 2168 443 2223 timentibus
455 2169 553 2222 Deum
572 2166 656 2221 uidit
667 2169 760 2223 deest.
780 2168 863 2222 Vade
879 2180 950 2236 erpo
972 2168 1008 2220 iu
1027 2167 1153 2233 ceiwm,
1168 2166 1206 2219 in
1225 2178 1291 2234 qua
1300 2174 1389 2232 pum

168 2268 211 2322 ad
224 2281 311 2321 mum
322 2265 464 2336 fratrum
475 2266 599 2321 seruari
620 2266 768 2335 scabunt,
783 2269 813 2321 et
823 2279 905 2334 quae
925 2265 1092 2333 inveuris,
1105 2263 1198 2320 nobis
1212 2263 1389 2331 afferrenon

168 2365 309 2432 differas.
323 2365 503 2418 contristatus
524 2365 658 2430 minister,
673 2364 747 2431 quod
768 2365 858 2418 studio
879 2365 1006 2419 avaritiae
1028 2363 1121 2417 celare
1141 2376 1266 2430 panesa
1284 2358 1422 2415 amnes

165 2471 315 2532 putaretur,
328 2466 505 2519 vehementer
524 2466 685 2531 suspirans:
707 2465 785 2533 Nisi,
808 2466 906 2533 inquit,
928 2478 1048 2519 mecum
1071 2478 1159 2517 unus
1176 2476 1220 2518 esc
1230 2458 1386 2530 diruperit

167 2567 232 2620 tuis
243 2565 410 2621 cellarium
430 2565 604 2633 abunculo
624 2565 658 2617 iu
673 2566 826 2633 anuulum
849 2567 1044 2619 lustraturus
1058 2564 1263 2632 processerit,
1274 2574 1334 2617 non
1349 2572 1386 2615 ea

167 2665 277 2719 Dicebat
297 2666 363 2719 baec
383 2666 448 2731 quia
468 2665 556 2719 virum
577 2670 701 2718 sanctum
725 2664 794 2718 laisa
814 2665 946 2731 opinione
970 2664 1058 2718 teneri
1082 2664 1282 2718 arbitrabatur.
1299 2660 1387 2715 tmuit

166 2769 257 2817 tamen
273 2765 314 2817 vir
325 2765 380 2818 bei.
396 2766 434 2817 lta
455 2769 596 2830 assumpto
616 2778 711 2817 secum
732 2763 867 2830 discipulo
880 2764 1014 2831 minister,
1027 2763 1099 2817 inira
1121 2777 1166 2817 res
1184 2763 1386 2817 etsebemeuter

166 2862 310 2929 stupenda,
324 2876 388 2915 mox
408 2867 438 2915 ut
448 2869 544 2928 aperto
565 2864 633 2916 ostio
646 2862 753 2930 ingredi
767 2867 976 2931 temptaverunt,
990 2863 1104 2928 plenum
1119 2863 1241 2929 panibus
1257 2854 1418 2915 aelianum&

167 2963 340 3015 invenerunt.
360 2962 401 3013 llli
423 2968 533 3027 stupore
553 2968 579 3014 ct
599 2962 779 3014 admiratione
799 2962 975 3023 consternati,
989 2962 1063 3028 quod
1083 2961 1213 3014 viderant
1234 2973 1290 3014 non
1307 2956 1384 3011 crede

166 3063 314 3115 bantium
332 3068 424 3114 autern
438 3063 465 3113 in
478 3075 507 3114 se
520 3062 632 3127 reversi,
645 3069 758 3115 sumunt
776 3076 808 3114 ex
821 3063 854 3113 iis
866 3066 999 3129 quantum
1012 3062 1089 3128 copia
1113 3062 1228 3114 inventa
1239 3058 1384 3128 suggerebat

166 3169 193 3213 et
205 3162 430 3215 convescentibus
443 3174 587 3226 superesse
598 3166 712 3226 poterat.
723 3163 776 3213 ilos
787 3174 898 3214 mensae
907 3162 1062 3227 imponunt,
1074 3173 1132 3213 non
1145 3161 1207 3214 sine
1220 3158 1383 3213 admiratione

166 3260 407 3314 discumbentium.
419 3261 494 3324 Quod
505 3262 604 3314 iactum
619 3274 653 3313 ne
665 3261 699 3313 ad
713 3260 806 3327 populi
819 3260 987 3313 audientiam
996 3260 1113 3324 veniret,
1125 3261 1168 3311 sir
1178 3266 1300 3321 sanctus,
1310 3254 1382 3308 bumi-

164 3361 246 3413 litatis
258 3374 322 3414 suae
335 3368 434 3427 custos,
449 3374 503 3413 non
517 3361 576 3436 sine
588 3361 786 3413 contestatione
799 3360 889 3428 magni
904 3360 1040 3413 creatoris
1058 3364 1173 3413 aeterno
1192 3359 1301 3413 silentio
1309 3350 1414 3423 lus-<iiii

167 3460 301 3513 mandari.

200 3560 250 3613 13.
263 3563 370 3612 interea
384 3560 481 3612 iratres
492 3560 650 3612 monasterii
661 3558 709 3612 scd
722 3559 867 3626 praecipue
879 3559 1033 3625 episcopus,
1044 3558 1111 3611 dum
1123 3571 1176 3612 nos
1185 3559 1259 3612 velle
1268 3556 1385 3611 sentirent

167 3658 252 3718 abire,
274 3657 429 3709 circumfusi
452 3657 565 3708 suminis
586 3656 712 3722 precibus
734 3669 794 3723 nos,
808 3669 843 3709 ne
863 3654 898 3708 ab
918 3657 959 3709 cis
982 3654 1203 3719 discederemus,
1217 3654 1382 3722 postulabant.

167 3755 219 3808 Sed
232 3755 273 3806 vir
293 3755 410 3819 bornuni,
423 3755 487 3820 quia
500 3754 533 3807 ad
552 3755 682 3821 palatium
695 3754 849 3817 festinabat,
864 3754 964 3807 morari
977 3752 1015 3806 ibi
1027 3753 1101 3806 ultra
1117 3767 1173 3807 uon
1186 3754 1273 3807 voluit
1283 3770 1291 3819 ;
1303 3753 1383 3803 immo.

166 3855 328 3907 valefaciens
343 3854 459 3919 cunctis,
472 3854 594 3918 proxima
616 3859 695 3906 nocte
716 3853 857 3906 descendit
871 3853 905 3905 ad
926 3858 1045 3919 portum.
1059 3853 1099 3906 lbi
1123 3866 1224 3906 navem
1245 3843 1417 3907 onerariam&

165 3951 337 4016 offendimus,
350 3965 431 4018 quae,
444 3953 525 4018 plena
537 3952 684 4019 mercibus,
699 3965 769 4005 onus
782 3952 937 4018 expositura
950 3951 1219 4018 constantinopolim
1230 3951 1303 4004 adire
1322 3948 1382 4001 iesi-

165 4053 267 4117 nabat;
289 4052 336 4104 sed
358 4056 457 4104 nautae
483 4052 648 4118 plangebant
669 4052 872 4105 obluctantibus
892 4053 981 4105 ventis
1003 4064 1033 4104 se
1055 4051 1124 4104 inibi
1147 4065 1199 4118 per
1219 4050 1278 4104 dies
1297 4047 1382 4102 multos

164 4151 290 4205 detineri.
310 4152 533 4218 Vertcrntarueu,
548 4152 684 4218 inquiunt,
696 4151 725 4204 si
734 4150 835 4219 jubes,
844 4154 940 4218 pater
958 4152 1074 4218 sancte,
1092 4163 1207 4204 nauem
1219 4146 1381 4205 coruoeade·

163 4263 242 4315 uoces,
258 4248 333 4315 qesta
347 4251 374 4300 te
385 4247 495 4301 corruite
505 4247 668 4315 acccipiens
687 4248 775 4302 nubis
788 4261 978 4316 prosperam
998 4247 1180 4314 affuturum
1197 4248 1381 4315 corrfidirnus

163 4349 258 4402 dorccc
268 4348 311 4400 ad
325 4347 428 4400 urbem
440 4348 640 4416 durantium,
655 4349 738 4400 uude
749 4347 914 4415 caietanus,
923 4348 1158 4415 percutiamus.
1171 4348 1276 4412 Quibus
1288 4338 1415 4399 saneustt

163 4449 304 4515 respondit
318 4466 324 4500 :
337 4450 373 4501 Et
382 4462 447 4513 etos,
457 4447 530 4515 filii,
541 4448 586 4501 ita
596 4448 749 4515 cupimus.
762 4450 833 4501 Nihil
846 4450 927 4515 igitur
941 4453 1101 4500 cunctantes
1112 4461 1212 4501 navem
1225 4446 1381 4501 ascendimus

162 4554 198 4613 et,
212 4549 298 4601 sontis
310 4547 344 4600 ad
356 4554 447 4601 votum
461 4548 638 4613 spirantibus,
652 4549 723 4600 inira
735 4561 838 4614 paucos
851 4547 911 4599 dies
924 4546 1022 4600 urbem
1034 4548 1139 4615 regiam
1153 4545 1379 4614 apprehendimus
