3156 5452
174 332 194 393 4
512 346 639 397 caran.
660 345 762 395 conn.
781 345 959 397 naotoon.
978 348 1058 400 aar.

175 513 229 565 situ
243 512 305 577 loci,
317 510 509 565 aedificatione
525 524 637 580 quoque
658 500 685 567 et
705 514 811 568 ratione
828 514 941 568 oratorii
955 516 1027 569 beati
1047 515 1158 571 llartini
1169 535 1178 583 ;
1190 522 1219 570 et
1230 518 1267 570 de
1278 522 1415 584 potestate

176 611 246 666 Flori
259 613 288 664 in
300 612 487 677 andegavensi
500 623 579 678 papo.

205 714 338 766 XVIIII.
352 714 390 765 lte
409 712 525 778 hangiso
546 709 730 765 caementario
751 710 786 763 de
806 710 860 764 alto
874 711 950 777 lapso
962 717 989 766 et
1006 714 1066 779 ejus
1084 715 1212 780 precibus
1224 720 1326 768 sanato
1338 715 1414 768 etad

172 826 240 879 opus
255 813 393 879 proprium
407 813 532 875 remisso,
546 817 574 864 et
585 811 766 864 admiratione
776 811 847 863 Flori
859 824 909 877 pro
921 813 971 865 hoc
981 811 1052 865 iacto
1062 825 1126 881 erga
1135 820 1262 867 sanctum
1273 816 1413 867 laurum.

206 911 274 963 XX.
290 912 326 962 be
347 909 508 962 liberatione
528 909 645 962 duorum
666 907 854 975 operariorum
866 907 944 973 quia
961 908 1097 964 daemone
1109 911 1281 964 uexabantur
1298 916 1328 965 et
1338 912 1412 964 tertii
1427 916 1444 964 b

175 1010 392 1073 resuscitatione,
405 1009 452 1075 qui
464 1009 545 1062 simul
557 1015 652 1061 sancto
665 1008 722 1059 viro
734 1005 932 1074 derogaverant
944 1023 952 1072 ς
965 1013 993 1061 et
1009 1007 1044 1061 de
1065 1009 1193 1064 mandato
1214 1009 1291 1077 quod
1311 1010 1353 1063 illi
1363 1010 1411 1078 qui

171 1107 319 1161 suscitatus
332 1107 421 1160 luerat
436 1106 589 1172 imperavit.

203 1208 288 1260 xxl.
303 1207 378 1270 Quod
395 1213 491 1261 octavo
508 1220 581 1260 anno
603 1208 735 1260 adventus
757 1206 843 1260 nostri
857 1208 1054 1261 monasterium
1073 1220 1156 1262 omne
1174 1214 1368 1263 constructum
1380 1226 1411 1264 ac

171 1307 325 1359 dedicatum
339 1310 380 1359 est
391 1312 419 1358 et
430 1305 465 1357 de
477 1306 681 1358 construetione
693 1311 812 1372 quatuor
824 1306 1014 1359 ecclesiarum.

202 1406 355 1457 xx11.be
375 1404 544 1470 proiectione
568 1403 638 1456 nturi
661 1404 695 1456 ad
716 1418 807 1471 regem
830 1404 1048 1459 'Ibeodebertum
1061 1412 1089 1460 et
1101 1407 1136 1461 de
1147 1408 1259 1462 licentia
1274 1423 1361 1477 qnam
1373 1411 1408 1463 ab
1428 1422 1448 1471 ιι

171 1519 204 1559 eo
216 1503 347 1571 expetiit;
361 1504 433 1556 etde
445 1503 628 1570 promissione
650 1504 721 1570 regis
741 1516 774 1555 ac
792 1504 851 1569 ejus
872 1502 992 1556 aduentu
1004 1502 1038 1555 ad
1052 1498 1262 1572 monasterium,
1276 1512 1305 1559 et
1326 1507 1410 1561 dona·

170 1604 244 1657 tione
256 1603 313 1657 fisci
334 1604 383 1669 qui
404 1605 503 1655 Roseus
523 1609 636 1655 uocatur
656 1601 689 1653 ad
711 1601 828 1654 eundem
850 1601 992 1667 locum‚et
1004 1601 1039 1655 de
1050 1603 1111 1656 aliis
1123 1604 1204 1658 donis
1215 1617 1290 1671 quae
1307 1605 1409 1659 ibidem

169 1702 294 1763 contulit,
307 1708 334 1753 et
354 1700 389 1753 do
413 1700 539 1753 tonsione
560 1700 631 1752 Flori
653 1713 684 1753 ac
705 1700 855 1755 reiectione
874 1713 958 1767 quam
979 1706 1074 1754 sancto
1095 1701 1153 1757 viro
1170 1701 1342 1769 deprecante
1360 1716 1407 1757 rex

171 1801 271 1854 ibidem
285 1800 414 1867 percepit,
427 1804 455 1852 ct
466 1799 539 1865 quod
562 1797 622 1864 ipso
642 1797 688 1851 die
699 1797 851 1865 andegavis
873 1798 955 1851 rediit
967 1803 1029 1865 post
1040 1797 1261 1854 exhortationem
1274 1815 1361 1868 quam
1374 1802 1407 1854 ad

170 1903 278 1954 Florum
292 1901 397 1953 habuit.
1425 1914 1448 1963 l:

201 2002 318 2052 XXIII.
342 1998 416 2063 Quod
443 2003 553 2051 sanetus
581 2000 690 2050 blaurus
711 1997 796 2050 altera
817 1998 861 2051 die
881 1997 915 2050 ad
936 1998 1124 2065 recipiendum
1138 1998 1235 2053 liscum
1248 2013 1405 2069 aggressus.

170 2098 346 2165 paralyticum
367 2097 504 2163 qurendam
522 2094 714 2148 benedictione
731 2095 793 2148 data
815 2094 918 2150 ibidem
940 2096 1066 2165 sanavit3
1080 2103 1107 2151 et
1127 2100 1199 2166 quod
1222 2113 1353 2155 reversus
1371 2101 1406 2155 ad

169 2195 363 2249 monasterium
384 2195 497 2247 uerbum
519 2194 589 2245 vitae
602 2192 732 2246 tratribus
744 2193 925 2248 adnuntiabat
937 2214 944 2259 ;
957 2196 1031 2249 etde
1044 2210 1160 2251 numero
1180 2197 1296 2252 fratrum
1310 2199 1360 2265 qui
1371 2198 1404 2253 ab

168 2309 201 2350 eo
213 2295 349 2362 praedius
361 2300 421 2358 est;
435 2294 469 2346 de
481 2300 568 2346 morte
580 2304 691 2358 quoque
703 2292 773 2344 Flori
785 2306 817 2346 ac
830 2293 998 2358 perfectione
1010 2294 1061 2348 tilii
1073 2297 1133 2363 ejus
1148 2297 1270 2351 hertuili,

202 2396 335 2447 XXIIII.
347 2391 422 2456 Quod
435 2398 542 2444 mortuo
554 2391 741 2444 'theodeberto
754 2391 825 2444 tilius
839 2394 898 2458 ejus
909 2391 1118 2447 theodebaldus
1130 2395 1160 2447 in
1169 2407 1284 2463 regnum
1296 2408 1406 2451 succes·
1420 2403 1448 2454 It

168 2494 205 2547 sit
215 2499 242 2546 et
257 2499 312 2545 tam
325 2493 434 2545 beatum
449 2493 570 2542 Maurum
586 2502 669 2555 quam
682 2489 771 2544 locum
792 2491 880 2557 ipsum
896 2492 973 2557 juxta
985 2492 1070 2557 patris
1087 2492 1130 2545 sui
1151 2492 1298 2559 imperium
1314 2494 1405 2561 quoad

171 2593 367 2657 rlxittempore
376 2590 524 2658 plurimum
537 2589 646 2656 dilexit3
658 2595 685 2642 et
696 2589 769 2656 quod
783 2590 847 2643 illuc
859 2589 973 2642 veniens
984 2589 1053 2643 duas
1066 2590 1145 2644 villas
1155 2590 1260 2645 ibidem
1271 2592 1403 2657 contulit3

170 2698 195 2744 et
207 2692 281 2758 ‹puod
293 2690 439 2743 immatura
452 2695 538 2742 morte
556 2694 730 2755 praeventus,
743 2690 879 2741 clothario
896 2687 1065 2754 principatus
1078 2688 1268 2743 monarchiam
1282 2690 1405 2757 reliquit.

200 2791 300 2843 XXV.
314 2790 389 2853 Quod
402 2789 558 2842 clotharius
570 2789 729 2854 frequenter
740 2788 828 2841 sancti
840 2787 892 2841 siri
911 2789 1035 2841 consiliis
1049 2788 1188 2856 utebatur,
1201 2795 1229 2843 et
1242 2789 1278 2844 de
1290 2792 1405 2857 promis·

169 2888 249 2941 sione
262 2890 320 2954 ejns
332 2887 365 2940 ad
380 2887 476 2939 iratres
489 2887 542 2939 sibi
554 2900 569 2938 a
583 2886 662 2938 beato
671 2888 763 2939 blauro
775 2884 913 2952 dicectos3
927 2892 954 2939 et
964 2887 1038 2953 quod
1047 2889 1106 2953 ejus
1116 2890 1250 2953 tempore,
1259 2888 1288 2940 in
1299 2902 1405 2955 posses·
1420 2895 1448 2946 Izi

167 2989 244 3040 sione
269 2986 426 3039 monasterii
448 2987 492 3038 eui
513 2985 666 3037 Gaudiacus
696 2998 796 3036 nomen
829 2991 879 3047 est,
901 2984 998 3037 beatus
1020 2986 1130 3037 blaurus
1158 2986 1299 3052 sexaginta
1323 2991 1352 3040 et
1371 3000 1405 3040 eo

169 3087 289 3152 amplius
310 3086 384 3137 uiros
404 3085 438 3135 de.
459 3083 618 3149 parvissimo
641 3081 752 3134 vasculo
774 3082 831 3134 tini
846 3082 935 3134 tribus
954 3081 1061 3135 vicibus
1082 3081 1194 3147 potavit,
1207 3086 1236 3135 et
1256 3083 1332 3153 quod
1353 3084 1404 3138 hoc

171 3185 301 3237 mtraculo
315 3184 419 3236 heliseo
432 3182 530 3234 similis
543 3188 584 3234 est
595 3182 754 3234 aestimatus
766 3199 773 3244 3
788 3188 815 3233 ot
828 3181 902 3248 quod
912 3194 945 3231 ex
956 3193 989 3233 eo
998 3180 1032 3234 ad
1042 3181 1239 3234 monasterium
1249 3188 1403 3246 revertens,

169 3286 304 3352 plebeium
317 3283 455 3350 quendam
469 3283 504 3335 ab
516 3281 608 3334 ulcere
621 3282 711 3333 caneri
726 3282 803 3346 signo
816 3281 904 3334 crucis
917 3286 1012 3333 contra
1024 3279 1098 3333 edito
1111 3278 1250 3335 liberauit.

201 3386 314 3436 XXVI.
329 3385 365 3434 hc
377 3383 495 3434 adventu
508 3380 639 3433 clotharii
651 3381 723 3447 regis
736 3380 769 3432 ad
789 3381 985 3433 monasterium
998 3387 1025 3433 et
1040 3380 1113 3448 quod
1127 3381 1165 3433 ibi
1186 3380 1282 3434 liscum
1296 3383 1404 3450 regium
1422 3390 1448 3439 ἰι

168 3485 215 3549 qul
240 3484 335 3535 blazon
357 3488 531 3547 nuncupatur
551 3485 577 3531 et
598 3479 690 3531 uillam
703 3492 774 3545 quae
787 3482 896 3545 Longus
909 3480 1026 3544 campos
1043 3479 1318 3533 dicituranctorItate
1329 3482 1405 3549 regia

166 3582 316 3647 delegarim
331 3586 357 3632 et
369 3580 441 3645 quod
466 3591 513 3630 sua
536 3577 620 3645 regali
643 3590 674 3628 ac
695 3575 899 3629 testamentarIa
922 3575 1087 3629 auctoritate
1098 3576 1304 3645 congregationi
1315 3578 1405 3644 ipsius

164 3679 289 3733 coenobh
304 3680 465 3732 electionem
487 3677 623 3742 propriam
638 3690 686 3742 per
704 3676 878 3729 succedentia
898 3680 1020 3742 tempora
1033 3676 1135 3729 babere
1151 3675 1285 3741 permtsn,
1298 3676 1404 3730 exinde

165 3782 300 3846 protectus
314 3793 376 3832 eum
389 3775 475 3830 sancti
489 3776 539 3828 viri
553 3776 755 3829 benedictione.

196 3879 326 3928 XXVII.
341 3874 416 3938 huod
437 3887 468 3925 ox
491 3886 523 3925 eo
544 3879 664 3938 tempore
683 3879 794 3925 sanctos
807 3871 853 3925 vir
865 3873 899 3925 de
911 3872 1078 3926 monasterio
1095 3871 1188 3940 egredi
1197 3874 1256 3939 jam
1267 3873 1401 3939 nolebat;
1422 3882 1448 3931 5:

165 3986 190 4030 ot
202 3980 236 4030 ‹le
249 3977 424 4030 ordinatione
436 3972 653 4040 praepositorum
667 3987 698 4025 ac
711 3974 818 4026 terrore
830 3974 889 4039 ejus
899 3974 1031 4055 insancto
1042 3972 1179 4039 proposito
1189 3972 1260 4026 etde
1268 3984 1404 4041 augmen·

164 4080 264 4130 tertione
277 4077 414 4142 religionis
427 4075 513 4127 sancti
526 4074 629 4140 gregis:
642 4079 669 4125 et
679 4072 745 4138 quia
756 4072 895 4126 tricesimo
905 4077 1000 4125 octavo
1014 4072 1182 4126 tbndationis
1191 4072 1278 4137 ipsius
1287 4085 1403 4127 monas·

162 4180 221 4229 terii
243 4191 325 4237 anni),
348 4190 409 4227 eum
432 4176 514 4227 linem
535 4174 605 4226 vitae
619 4186 684 4225 suae
704 4172 890 4239 propiaquare
912 4170 1099 4239 cognovisset,
1116 4171 1291 4226 remotiorem
1313 4173 1401 4229 uitam

162 4290 269 4328 soluere
281 4275 390 4339 delegit,
405 4272 481 4340 palus
495 4271 545 4324 sibi
561 4286 622 4325 culn
636 4284 750 4324 assensu
763 4271 846 4323 totius
863 4272 1084 4339 congregationis
1106 4270 1225 4325 bertallo
1247 4272 1400 4329 substituto

161 4377 269 4439 abbate,
282 4376 445 4439 duobusque
458 4373 491 4424 ad
505 4372 556 4424 sibi
570 4371 780 4424 cohabitandum
793 4370 887 4424 electis
901 4370 1040 4425 iratribus.
1420 4377 1448 4427 ,pp

193 4476 338 4525 XXVIII.
355 4476 391 4524 bo
408 4470 509 4524 diaboli
529 4468 700 4534 apparitione
718 4475 744 4521 ct
763 4468 880 4521 terrifico
899 4469 1013 4535 strepitu
1026 4474 1053 4522 et
1063 4467 1154 4537 angeli
1173 4468 1276 4523 blanda
1288 4471 1401 4529 visione

160 4582 184 4626 et
199 4574 316 4627 ueridica
330 4572 576 4639 praenuntiatione.
