3156 5452
407 347 737 399 enumeratus.
757 368 802 379 -
818 345 970 397 trenno.
991 346 1038 395 nn
1056 344 1134 394 con.
1155 341 1230 392 esar.
1365 324 1430 391 155

230 520 316 574 lustrati
332 518 446 586 pectoris
466 522 554 580 antra,
576 518 706 571 librantes
727 515 867 569 salutifera
888 514 1029 581 aequioris
1050 512 1154 567 arbitrii
1176 516 1292 577 statera;
1313 511 1431 577 hincque

234 619 368 674 auoencti
388 617 558 686 baptismatis
578 621 754 685 regeneratus
770 615 845 669 unda
866 614 1013 668 revertitur
1033 613 1066 665 ad
1089 610 1133 666 sui
1145 611 1295 666 conditoris
1305 611 1430 679 gratiam,

140 722 146 735 ⁸
234 717 267 769 cti
279 719 341 784 prius
352 717 505 783 perantiqui
526 714 613 768 bostis
624 714 801 768 defraudatus
813 714 910 767 fuisset
922 712 1032 765 invidia.
1047 714 1215 778 Quapropter
1232 711 1336 776 absque
1348 708 1431 763 dubio

140 806 142 811 ’
235 820 283 869 tunc
292 817 448 884 completum·
457 815 565 868 ridetur
576 815 649 881 quod
662 815 721 880 ipsa
733 818 800 867 teste
821 814 935 867 ueritate
948 813 1106 877 perhibetur
1118 825 1180 865 oum
1198 811 1297 864 dicitur
1314 825 1320 860 :
1338 808 1429 862 Misc-

210 914 287 968 amr
301 917 348 971 caci
365 914 532 970 miserebor
551 917 581 966 ct
602 914 852 968 misericordiam
866 911 1035 980 praestabo
1047 911 1100 965 cei
1117 910 1295 964 misericors
1318 909 1430 975 litero:

235 1015 310 1084 quippe
319 1018 362 1085 qui
377 1017 516 1069 neminem
529 1014 586 1068 vult
598 1015 696 1080 perire,
710 1013 757 1067 sed
768 1026 865 1066 omnes
878 1012 1003 1066 homines
1015 1012 1124 1064 salvans
1134 1010 1219 1078 magis
1229 1011 1308 1063 etiam
1319 1008 1353 1062 ad
1362 1009 1430 1061 reri·

233 1113 279 1165 tatis
295 1116 451 1183 agnitionem
473 1111 576 1177 venire,
603 1113 668 1166 dum
690 1110 795 1164 scilicet
815 1111 944 1177 patientia
966 1110 1095 1163 bonitatis
1113 1122 1178 1161 suae
1196 1109 1256 1174 pius
1273 1112 1431 1173 exspectans

233 1221 306 1268 onnes
315 1213 433 1268 vocando
446 1212 479 1266 ad
491 1210 688 1279 paonitentiam
699 1212 772 1264 uitro
784 1211 962 1275 semetipsum
973 1207 1062 1275 offert,
1075 1213 1106 1262 ut
1117 1207 1222 1274 possita
1231 1221 1287 1260 non
1299 1220 1431 1273 quaeren-

230 1309 288 1367 ibus
298 1329 323 1368 se
333 1314 450 1368 inveniri
463 1318 490 1367 et
502 1314 545 1366 bis
557 1313 604 1379 qui
616 1326 646 1365 se
659 1317 740 1379 prout
761 1309 871 1377 expedit
893 1312 1019 1364 nesciunt
1038 1311 1205 1377 interrogare
1220 1310 1309 1362 valeat
1321 1309 1432 1361 eviden-

191 1401 218 1453 Μ
227 1406 270 1461 itis
279 1427 409 1482 apparere.

247 1508 277 1562 ⁷·
291 1517 424 1569 Praeterea
435 1513 518 1582 igitur
528 1525 627 1580 operae
640 1513 757 1579 pretium
771 1511 891 1564 creditur
903 1511 925 1562 si
939 1524 1054 1578 eaquae
1067 1524 1115 1576 per
1132 1512 1241 1563 beatum
1253 1509 1343 1564 virum
1356 1522 1429 1563 sera·

140 1634 142 1645 ·
219 1605 281 1663 citer
295 1627 308 1666 a
322 1617 374 1668 lieo
394 1619 499 1681 patrata
519 1615 528 1633 '
550 1612 650 1666 scimus
672 1609 780 1664 silentio
802 1624 858 1664 non
879 1616 1010 1679 tegamus,
1024 1612 1153 1678 quoniam
1174 1611 1267 1664 audita
1284 1611 1355 1664 beati
1376 1612 1425 1663 riri
1483 1611 1570 1665 ‘cod

214 1710 363 1767 meritorum
382 1712 497 1766 virtutes
517 1716 544 1764 ct
563 1723 644 1776 opera
664 1710 781 1763 mulium
802 1709 977 1763 credentibus
997 1709 1152 1777 proficiunt,
1173 1708 1238 1763 duru
1259 1711 1350 1777 agnita
1371 1707 1430 1775 ejus
1458 1681 1572 1743 ”mmm

209 1811 346 1866 ⁵iitciitaie
359 1813 532 1865 devotionem
544 1823 609 1863 suae
622 1809 685 1863 fidei
698 1809 812 1862 tirmiter
829 1812 858 1862 in
875 1822 909 1862 eo
928 1816 1033 1876 ponunt
1050 1813 1077 1863 ot
1088 1810 1159 1876 apud
1172 1812 1255 1863 iteum
1273 1810 1431 1876 patrociniis

165 1896 195 1947 ¹5
205 1900 265 1965 fi'its
282 1918 418 1980 propterea
428 1911 529 1979 jugiter
541 1910 677 1963 sublevari
690 1909 840 1963 confidunt.
853 1910 1012 1962 sicutenim
1031 1923 1212 1977 unaquaeque
1230 1910 1312 1963 arbor
1323 1923 1359 1963 cx
1370 1924 1431 1976 pro·

200 2001 288 2064 iriae
296 2011 432 2078 qualitatis
448 2010 537 2063 fructu
558 2009 690 2061 veraciter
710 2009 876 2076 agnoscitur,
890 2007 927 2060 ita
939 2013 967 2061 et
978 2010 1064 2061 sancti
1079 2008 1125 2061 liei
1146 2009 1241 2075 quales
1253 2007 1296 2061 aei
1313 2015 1432 2075 quantae

195 2104 345 2165 boleslaus
355 2111 428 2178 apud
441 2114 525 2164 licum
538 2111 690 2164 habeantur
702 2122 814 2162 suarum
823 2110 953 2162 uirtutum
965 2111 1048 2176 gestis
1060 2115 1087 2162 et
1097 2109 1235 2161 miraculis
1244 2109 1277 2162 ad
1291 2111 1432 2164 bominum

192 2209 295 2270 us(lue
314 2213 436 2266 notitiam
455 2212 562 2278 plenius
581 2211 755 2276 vivaciusque
773 2210 1016 2275 perducuntur.th
1034 2222 1097 2276 ergo
1118 2209 1178 2262 luce
1196 2210 1297 2262 clarius
1314 2215 1434 2275 patescat

187 2309 315 2364 ‘filardis
326 2309 431 2364 meritis
443 2311 484 2362 vir
495 2312 591 2363 beatus
604 2310 631 2361 in
644 2308 719 2361 caelo
733 2307 843 2376 fulgeat,
857 2310 923 2376 quid
936 2311 964 2361 in
977 2314 1069 2362 monte
1082 2310 1193 2362 liarueia
1206 2315 1338 2375 potestate
1356 2324 1432 2363 sanc·

140 2399 172 2455 3⁰
185 2396 290 2463 litatis
300 2413 358 2479 eius
377 2415 482 2479 gestum
504 2411 540 2463 sit
550 2408 696 2462 enucleare
708 2402 764 2463 non
776 2410 875 2478 pigeat.
889 2411 934 2461 Est
946 2411 1020 2462 enim
1032 2410 1091 2475 ipse
1110 2423 1188 2462 mons
1206 2410 1347 2477 cujusdam
1366 2424 1431 2464 suae

185 2510 400 2574 magnitudinis
421 2511 525 2578 positus
537 2511 566 2563 in
587 2510 677 2563 ricino
696 2511 751 2575 jam
773 2510 860 2562 dictae
881 2509 1006 2567 ciuitatis,
1022 2510 1166 2563 daemonio
1183 2508 1322 2576 quondam
1335 2523 1432 2564 conse-

184 2609 297 2665 fffltus
308 2612 389 2665 etiam
402 2625 419 2665 a
430 2609 552 2678 paganis,
567 2611 595 2662 in
608 2622 662 2677 quo
675 2611 807 2675 tempium
823 2608 887 2663 idoli
905 2613 971 2663 tunc
988 2611 1117 2674 temporis
1135 2615 1320 2663 constructum
1334 2611 1431 2670 fuerat.

188 2710 671 2779 fuodadbuccopiosadaemonum
682 2710 1431 2777 multitudosibipossidebatouiscilicetiocus‚eorum

193 2810 309 2865 terrore
320 2811 391 2865 maie
404 2812 526 2865 munitus
538 2817 620 2878 atque
631 2811 772 2876 defensus,
787 2810 854 2863 nulii
868 2811 1009 2863 bominum
1024 2815 1080 2863 erat
1093 2810 1210 2878 pervius,
1224 2811 1340 2878 ideoque
1353 2812 1433 2865 telius

153 2917 188 2975 ᾖ
201 2910 256 2973 per
269 2924 361 2978 gyrum
374 2911 483 2978 montis,
497 2910 562 2963 iicet
582 2915 645 2976 apta
667 2910 789 2977 frugibus
810 2915 836 2963 et
857 2910 962 2966 fertilis.
977 2910 1104 2963 manebat
1123 2915 1215 2964 tamen
1232 2911 1331 2964 diebus
1351 2926 1432 2978 quarn

204 2996 326 3070 piurimis
343 3009 452 3063 inculta·
462 3014 489 3063 et
506 3007 617 3071 sterilis,
632 3009 762 3061 nimirum
786 3021 848 3062 cum
864 3008 968 3060 anullo
981 3008 1048 3060 inibi
1062 3009 1175 3061 auderet
1197 3010 1316 3062 exerceri
1329 3010 1431 3076 aliquid

210 3105 382 3168 agriculturae
395 3110 494 3176 operis.
510 3109 586 3162 finde
598 3110 670 3161 cives
683 3107 794 3175 quidem
806 3109 896 3161 Auscii
910 3121 997 3161 necne
1016 3109 1188 3174 quorundam
1208 3109 1324 3161 aliorum
1340 3109 1429 3161 borni·

215 3215 272 3260 nun
289 3208 502 3277 quamplurimi
529 3208 693 3261 videbantur
715 3221 770 3260 non
799 3206 943 3260 immodico
973 3208 1118 3270 molestari,
1140 3207 1206 3261 dum
1228 3214 1255 3261 et
1278 3208 1430 3260 diutissime

213 3307 382 3377 malignorum
395 3308 539 3374 spirituum
550 3307 749 3360 infestationem
760 3307 901 3372 patiuntur
913 3311 940 3359 et
951 3306 1173 3360 desiderabilium
1186 3308 1288 3361 reditus
1300 3321 1426 3374 agrorum

165 3411 196 3466 ad
210 3406 237 3458 in
247 3421 308 3461 suos
320 3420 385 3461 usus
398 3419 538 3460 assumere
551 3419 606 3459 non
619 3406 814 3471 permittuntur
828 3421 834 3457 :
848 3406 959 3467 etenim,
973 3411 1002 3457 ut
1022 3405 1200 3471 praelibatum
1219 3411 1270 3470 est,
1284 3407 1427 3458 innumera

206 3503 363 3561 daemonum
385 3511 502 3571 caterva,
515 3506 620 3558 babens
643 3504 716 3558 velut
738 3506 956 3558 fortisarmatus
979 3505 1052 3557 mille
1073 3505 1168 3557 formis
1187 3505 1323 3573 pugnandi
1342 3519 1427 3572 arnan,

203 3607 369 3661 custodiebat
385 3620 433 3659 sua
451 3606 664 3672 circumquaque
681 3605 758 3671 atria,
770 3616 840 3670 quae
853 3604 978 3657 malefida
1000 3617 1067 3669 pace
1077 3603 1259 3670 applaudebat
1268 3606 1318 3658 sibi
1332 3611 1429 3658 cuncta

201 3706 341 3772 possidere
353 3719 401 3772 per
413 3704 530 3757 saecula.
544 3703 598 3756 sed
610 3703 708 3756 Glnisti
722 3703 799 3756 miles
811 3703 962 3767 oriendus,
975 3716 1093 3769 superno
1107 3706 1257 3757 munimine
1271 3706 1366 3758 fortius
1376 3705 1429 3756 iliis

197 3809 330 3871 armatus,
342 3803 471 3858 vexillum
484 3804 606 3856 vivificae
618 3803 707 3856 crucis
728 3806 838 3870 gestans
861 3804 996 3865 manibus,
1011 3806 1132 3857 omnium
1154 3806 1200 3872 qui
1215 3806 1329 3859 aderant
1350 3821 1428 3872 prece

145 3911 181 3964 ω
198 3905 334 3969 devictus,
346 3905 413 3958 adiit
433 3903 592 3972 ingrediens
611 3903 744 3968 tempium
766 3903 804 3954 nii
826 3904 936 3956 veritus.
951 3903 1025 3968 Quod
1041 3917 1102 3956 mox
1123 3905 1252 3958 satellites
1264 3905 1428 3960 daemonum
1532 3908 1539 3925 ⁶

196 4008 348 4068 intuentes,
361 4005 509 4070 plurimum
522 4004 747 4064 contremiscunt,
759 4011 786 4057 et
797 4005 871 4057 volut
880 4018 942 4057 cera
955 4019 970 4057 a
984 4005 1052 4058 facie
1064 4007 1134 4072 iguis
1143 4005 1338 4072 liquescentes,
1350 4009 1428 4075 fugae

196 4103 366 4172 praesidium
387 4108 500 4169 petunt;
514 4104 581 4170 quin
602 4104 683 4155 etiam
705 4117 760 4156 non
781 4104 903 4156 valentes
923 4103 1015 4156 debita
1028 4102 1069 4156 sui
1084 4104 1240 4157 detrimenti
1262 4106 1428 4172 pudorisque

196 4204 337 4258 sustinere
349 4204 459 4267 damna,
473 4203 547 4257 obliti
569 4202 662 4255 dolosa
684 4203 784 4268 quibus
802 4202 972 4255 confiderent
984 4216 1070 4267 anna,
1085 4203 1282 4268 disperduntur
1293 4205 1360 4256 rasti
1381 4219 1429 4271 per

195 4303 273 4373 aeris
282 4303 377 4368 spatia,
386 4314 535 4368 numquam
548 4302 582 4354 ad
596 4315 627 4353 ea
640 4302 742 4367 quibus
754 4301 922 4366 pellerentur
935 4300 1063 4366 deinceps
1075 4301 1210 4353 reversuri
1219 4303 1286 4368 ioca,
1297 4315 1429 4356 concesso

140 4409 175 4461 td
193 4401 311 4471 quidem
323 4401 420 4454 incolis
432 4402 504 4467 quod
517 4406 652 4466 optarent,
663 4413 775 4453 suorum
788 4399 913 4452 videlicet
925 4413 1051 4466 agrorum
1065 4412 1196 4452 exercere
1209 4402 1361 4456 necessaria
1371 4405 1427 4470 jani

193 4504 245 4557 diu
259 4503 317 4555 suis
329 4502 452 4553 omnium
471 4502 539 4554 votis
551 4505 656 4566 negata.
669 4499 707 4551 ad
721 4500 794 4566 quod
813 4500 903 4565 itaque
922 4499 1047 4551 mirabile
1064 4500 1071 4518 ·
1091 4500 1259 4564 triumphurn
1281 4507 1347 4554 tunc
1364 4517 1425 4569 per·
1483 4506 1492 4520 ·
1509 4500 1564 4553 sic.

189 4601 379 4667 vaditingcns
386 4600 516 4654 exultatio
524 4600 680 4667 laetitiaque
693 4600 700 4617 ·
713 4599 959 4653 circumsistentem
972 4598 1113 4666 populum,
1127 4599 1227 4666 quippe
1237 4612 1253 4652 a
1262 4605 1336 4655 unta
1346 4602 1436 4720 malo·¹
1473 4601 1564 4720 ttogd

1439 4681 1471 4722 de
1484 4681 1492 4719 i
1506 4681 1513 4719 i
1532 4681 1578 4729 inq
