3136 5482
180 340 246 405 478
525 358 651 409 curat.
670 360 773 410 oona.
792 360 967 413 stereon.
986 363 1067 414 nur.

279 523 367 601 1400
383 525 468 604 Vita
486 525 590 605 beati
608 526 794 606 Patientis
812 527 989 629 episcopi
1007 529 1188 610 Metensis
1204 530 1279 633 (fol.
1298 530 1384 610 4100-

211 779 261 834 m.
275 646 440 850 insuffla..
452 787 468 838 a
479 787 551 851 san.
565 790 631 840 am.
646 789 667 851 ι,
679 800 706 852 p.
720 789 824 841 ras-ro.

278 882 366 957 1410
382 882 449 983 [lle
466 892 597 963 sancta
615 884 824 986 Elizaheth]
841 884 918 986 (fol.
939 884 1158 987 41104110).

208 1016 299 1069 Brevis
310 1017 447 1070 enarratio
460 1017 633 1084 quorundam
646 1023 740 1071 sancte
751 1022 889 1086 gestorum
901 1031 917 1070 1
930 1019 1010 1072 beata
1021 1018 1113 1073 vidua.

277 1115 362 1192 1480
379 1115 594 1196 Translatio
625 1118 801 1219 corporis
819 1119 941 1196 saneti
973 1117 1161 1220 Stephani
1189 1128 1380 1221 protomar

290 1288 299 1305 ·
321 1241 417 1342 tyris
435 1240 484 1319 de
503 1240 840 1343 Constantinopoli
871 1241 922 1319 ad
938 1241 1104 1320 Romam
1136 1243 1267 1345 pridie
1281 1265 1379 1323 nonas

321 1364 428 1462 maii,
449 1364 553 1444 edita
584 1374 756 1444 asancto
787 1365 906 1444 Lucio
937 1366 1219 1448 archidiacono
1249 1378 1377 1448 sanctae

322 1488 517 1566 Romanae
534 1488 719 1568 eeclesiae
736 1489 813 1587 (fol.
835 1488 1049 1591 41104130).

207 1620 309 1673 Relatio
330 1621 397 1673 haec
409 1634 443 1674 ex
455 1628 532 1688 parte
543 1622 614 1675 edita
627 1627 667 1675 est
679 1621 752 1688 apud
763 1622 833 1684 11111,
845 1621 1045 1689 spicitepium
1065 1624 1253 1689 Romanum,
1270 1630 1329 1678 tom.
1346 1626 1375 1687 n',

174 1732 201 1784 p.
214 1720 318 1784 10588,
331 1721 436 1774 scilicet
448 1721 557 1773 initium
577 1726 605 1774 et
616 1719 696 1788 tinis3
711 1720 802 1774 media
822 1734 895 1788 pars,
909 1734 954 1774 res
974 1726 1099 1776 narratas
1119 1723 1195 1790 quod
1216 1727 1375 1792 spectatae

173 1819 248 1871 venit
259 1831 322 1872 cum
334 1818 500 1873 documento
513 1819 586 1887 quod
600 1819 704 1874 editum
717 1826 758 1874 est
773 1821 837 1874 Cat.
851 1821 964 1887 Brun„
977 1828 1043 1874 torn.
1059 1822 1079 1887 1,
1092 1836 1121 1888 p.
1135 1824 1222 1877 1014.

272 1918 358 1995 1400
388 1918 604 1999 Translatio
638 1921 760 1998 sancti
797 1919 984 2021 Stephani
1019 1922 1312 2025 protomartyris
1338 1919 1374 1999 de

319 2042 599 2144 Hierosolymis
617 2044 667 2121 ad
685 2043 1065 2147 Constantinopolim
1083 2045 1162 2147 (sol.
1183 2044 1370 2144 41404151.

205 2176 254 2229 nu.
268 2178 296 2228 r.
308 2178 349 2241 1.,
363 2182 428 2230 tom.
443 2180 506 2243 rur,
520 2194 548 2244 p.
560 2180 664 2232 err-aa.

274 2276 360 2353 1500
393 2276 478 2355 Vita
512 2277 633 2354 saneti
669 2276 864 2354 Dominici
905 2276 1142 2356 confessoris
1176 2278 1226 2356 de
1258 2275 1368 2357 ordire

320 2399 636 2479 Praedicatorum
654 2399 731 2500 llol.
753 2398 973 2498 1160-43101.

202 2533 318 2584 Auctore
331 2535 360 2584 a.
373 2532 533 2597 flamberto,
546 2532 581 2585 de
592 2546 646 2599 qua
659 2533 722 2586 Cet.
737 2534 845 2600 Bruta,
860 2539 926 2587 tom.
941 2534 962 2597 1,
976 2547 1003 2599 p.
1019 2533 1079 2599 110,
1091 2534 1149 2586 550.
1163 2534 1194 2586 in
1206 2532 1265 2588 eod.
1276 2526 1367 2585 aniate

168 2630 301 2696 quaedam
316 2635 380 2683 sunt
391 2631 502 2684 omissa.

267 2729 355 2805 1510
373 2728 456 2808 Vita
473 2728 577 2807 beati
597 2727 790 2807 Francisci
808 2728 885 2829 (iol.
906 2728 1122 2829 43104400).

200 2861 326 2930 Legenda
339 2862 429 2914 minor
441 2862 594 2927 conscripta
606 2875 622 2914 1
635 2863 661 2914 S.
676 2863 875 2927 Bonaventura,
889 2862 923 2914 de
935 2874 989 2928 qua
1003 2861 1081 2930 ibid,
1094 2876 1123 2928 p.
1136 2863 1197 2927 100,
1209 2862 1245 2914 2⁰.

267 2958 354 3034 1510
371 2958 549 3058 Legenda
567 2967 721 3065 sanctae
740 2958 872 3036 Clarae
891 2957 971 3054 (lol.
994 2958 1214 3053 44004510).

200 3091 395 3156 10011188,
410 3091 443 3143 10
456 3090 484 3142 d.
499 3094 530 3144 11
541 3092 618 3158 Aug„
634 3097 698 3144 tom.
713 3095 744 3155 11,
759 3107 785 3158 p.
800 3094 1005 3144 1540101111.
1020 3106 1126 3144 numm.
1140 3093 1226 3145 att-tt.

268 3188 352 3265 1530
370 3189 453 3266 Vita
472 3189 608 3267 beatae
627 3189 824 3268 Elizabeth
842 3189 919 3288 (fol.
942 3189 1161 3288 45104580).

198 3321 247 3373 lid.
262 3335 305 3387 ap.
319 3323 520 3382 tenetentum,
542 3323 653 3390 Script.
675 3324 746 3377 lter.
764 3322 879 3388 Germ„
899 3329 965 3375 tom.
986 3325 1020 3382 11,
1033 3337 1061 3389 p.
1082 3324 1212 3388 101431;
1232 3313 1360 3374 sciliceta

164 3420 280 3488 Incipit
292 3422 463 3475 secun-da...
484 3435 572 3489 usque
593 3422 627 3474 ad
644 3421 804 3475 Conclusio
825 3421 908 3474 uitae
920 3421 1028 3475 beatae
1047 3420 1227 3489 Etyaaeett,
1240 3431 1302 3488 quae
1316 3424 1361 3468 000·

164 3521 250 3575 olusio
264 3520 292 3573 in
304 3521 365 3573 eod.
378 3522 479 3574 omissa
492 3527 541 3573 est.
552 3522 605 3574 Sed
618 3529 644 3574 et
656 3521 723 3575 ordo
737 3521 900 3573 narrationis
913 3519 1062 3574 identidem
1075 3520 1203 3575 diversus
1215 3526 1262 3575 est.

264 3619 350 3696 1540
368 3619 409 3694 ln
427 3621 680 3698 translatione
697 3620 800 3697 beati
819 3618 967 3698 Nicolai
986 3619 1164 3719 episcopi
1183 3629 1223 3698 et
1246 3613 1364 3697 oona

310 3742 410 3820 soris
427 3741 503 3844 (lol.
524 3742 740 3842 46104680).

194 3880 335 3930 Contracta
348 3890 381 3929 ex
394 3877 533 3942 prolixiori
547 3878 704 3930 narratione
717 3876 789 3930 edita
801 3878 894 3931 Anat.
908 3879 1000 3943 Ball„
1013 3881 1081 3930 tom.
1093 3878 1136 3943 lv,
1151 3892 1179 3944 p.
1195 3880 1243 3933 100
1254 3892 1310 3946 sqq.

261 3974 348 4050 1550
362 3973 495 4050 Passio
511 3973 682 4052 duorum
697 3975 945 4055 Ewaldorum
960 3984 1183 4076 martyrum
1196 3972 1374 4077 politti.

194 4108 309 4158 Auctore
332 4105 412 4165 Beda,
426 4105 469 4157 ed.
492 4107 556 4159 Act.
569 4107 627 4171 88,
650 4106 684 4159 10
698 4107 755 4160 ds
776 4109 844 4173 ost,
867 4113 934 4162 tom.
948 4111 981 4173 11,
994 4124 1023 4176 p.
1043 4110 1136 4174 1050,
1159 4109 1242 4163 initio
1261 4107 1382 4177 paululum

161 4207 278 4258 diverso.
