3136 5482
199 328 260 393 178
536 343 661 393 cnunc.
680 343 782 393 cono.
802 340 974 390 neuroun.
993 338 1073 388 nna.

37 514 104 584 [liu.
118 510 148 578 n]
392 514 424 564 lit
439 524 557 578 quorum
569 512 685 564 strictim
698 512 846 565 certamina
859 507 1040 569 notificamus,

396 611 443 663 llln
457 611 607 664 refutantes
619 616 649 664 ul
661 616 765 665 stereus
777 616 804 663 et
816 609 965 663 abicientes

394 711 508 776 Frivola,
523 723 595 778 quae
607 709 717 777 quitiam
733 710 871 777 quondam
885 721 967 774 super
979 707 1022 759 liis
1034 705 1119 758 idiota

391 810 573 876 Falslloquus,
586 810 666 862 lallnx
679 814 705 862 et
718 809 921 875 mimographus
933 807 1092 874 perineptus

386 910 423 959 lc
435 908 574 973 muniano,
587 908 691 960 calamo
704 907 842 974 compegit
853 905 932 959 valde
945 903 1084 968 scabroso,

392 1009 422 1058 Et
434 1007 498 1058 lrinc
510 1018 526 1059 a
539 1006 647 1073 populis
658 1007 770 1059 (livinae
783 1004 932 1072 relligionis

391 1105 498 1160 Gelasio
511 1119 578 1172 papa
591 1112 656 1160 sunt
670 1108 740 1159 inter
753 1105 906 1172 apocrypha
918 1104 998 1156 laeta.

301 1206 389 1257 vni.
424 1207 476 1258 Nos
489 1209 579 1258 nutem
592 1205 698 1258 cunctis
709 1204 879 1272 condignum
892 1201 972 1255 laude
986 1201 1148 1267 trophaeum

392 1303 506 1377 infantis
519 1305 616 1371 cyrici,
630 1304 678 1357 scd
691 1303 816 1370 martyris
830 1300 932 1368 oppilio
945 1300 1046 1368 magni,

392 1401 431 1452 Λιί
444 1402 537 1467 decus,
550 1402 621 1454 alme
634 1404 713 1463 lieris,
727 1399 885 1453 uenerando
898 1405 974 1450 tuum
986 1396 1168 1450 celebramus.

391 1502 439 1564 Qui
454 1503 530 1566 prius
542 1506 624 1566 atque
637 1514 685 1566 per
696 1504 813 1552 aetatem
826 1505 852 1551 te
864 1499 934 1550 scire
946 1481 1058 1551 ¹valeret.

391 1600 480 1666 ipsum
494 1604 521 1650 tn
535 1600 697 1666 praevenisti
712 1598 862 1651 clementer
875 1597 972 1661 eteius

392 1702 507 1750 lientem
521 1698 646 1751 caelestis
660 1698 771 1750 tirellisli
785 1704 896 1749 nectare
910 1696 988 1756 corio,

391 1799 476 1862 illone
490 1810 581 1862 perus
593 1797 671 1862 pueri
685 1809 736 1848 neo
747 1795 837 1848 atilruc
848 1801 937 1849 aelate
950 1794 1087 1861 loquentis

391 1895 512 1946 Nominis
526 1896 582 1960 ipse
595 1895 633 1947 tui
647 1895 755 1947 laudern
770 1896 873 1948 iaciens
883 1894 1028 1953 decorasti.

391 1997 422 2046 Ut
435 2008 490 2047 non
503 1993 647 2046 credentcs
660 2007 708 2060 per
719 2007 781 2047 eum
794 1993 943 2061 pugnando
952 1993 1064 2059 inpares

389 2096 475 2159 Atque
488 2094 638 2146 refutantes
651 2097 725 2146 tanto
738 2093 822 2161 pugili
835 2105 991 2159 superares,

391 2196 444 2245 Noc
458 2206 514 2245 uon
527 2193 654 2259 martyrio
667 2198 720 2247 tete
732 2193 848 2246 sudante
860 2198 971 2260 peracto

393 2295 466 2345 lnior
478 2307 540 2345 curn
554 2294 620 2347 caeli
634 2295 761 2347 concives
773 2293 944 2346 laetificares.

392 2395 561 2458 Quapropter
573 2394 644 2445 sicut
656 2405 704 2460 per
716 2393 804 2445 saecla
821 2398 915 2445 manet
927 2389 1086 2453 benedicta,

394 2492 433 2542 Sit
445 2491 599 2555 benedicta,
613 2495 694 2558 licus,
707 2496 753 2545 tua
766 2504 876 2558 semper
888 2490 1006 2565 maxima
1018 2488 1116 2552 virtus,

395 2595 468 2656 Quae
480 2592 550 2645 beno
563 2606 611 2658 per
622 2606 736 2659 puerum
749 2594 835 2647 voluit
846 2605 975 2660 superare
989 2590 1125 2644 tenellum

393 2694 532 2744 armatum
547 2693 645 2744 sortem
655 2693 710 2758 jam
723 2700 822 2746 cuncta
834 2693 887 2746 sibi
900 2691 1081 2759 subigentem.

395 2793 446 2842 Pro
460 2792 538 2856 cujus
551 2793 653 2844 meritis
666 2793 767 2846 tribuat
779 2798 825 2845 tua
836 2792 922 2860 gratia
936 2791 1015 2844 nobis

396 2892 482 2956 lpsins
495 2890 608 2942 insitiias
621 2891 707 2943 hostis
720 2905 849 2958 superare
863 2891 1004 2957 malignas.

397 2991 464 3056 lingo
477 2997 522 3041 tua
536 2990 634 3055 pietate
646 3004 721 3044 sacra
735 2992 813 3062 nobis
826 2992 973 3044 comitante

396 3088 562 3140 Accedamus
577 3090 611 3141 ad
624 3091 691 3142 liaeo
704 3091 841 3143 narranda
854 3088 971 3142 llclcliter
984 3093 1053 3141 acia.

288 3190 390 3240 vl111.
427 3189 532 3241 Arbiter
543 3195 624 3255 atque
636 3190 709 3242 salus
722 3192 848 3243 hominos
861 3190 985 3241 christus
997 3187 1154 3251 miseratus,

398 3289 464 3338 llum
477 3286 610 3339 muntium
624 3288 730 3340 miseris
742 3289 883 3341 absolvere
896 3287 976 3341 vellet
990 3287 1131 3339 aerumnis

396 3386 426 3435 lit
437 3398 524 3451 genus
536 3386 696 3447 numanum,
710 3385 781 3453 quod
795 3387 911 3439 habebat
924 3398 997 3438 mors
1010 3385 1080 3436 nrnlo
1094 3389 1216 3440 lentum.

398 3479 521 3533 llolltlero
536 3482 681 3550 coeligenis
694 3483 852 3550 disponeret
865 3483 923 3550 ipse
935 3482 1062 3535 cateruis.

395 3582 527 3646 Tempore
538 3580 654 3634 labentis
666 3596 720 3648 uuo
733 3582 795 3635 linis
808 3583 928 3635 creditur
941 3580 1025 3640 orbis,

393 3680 524 3748 Quodque
535 3684 576 3734 sui
589 3684 677 3735 Geniti
691 3684 775 3736 uoluit
787 3683 877 3735 natale
890 3682 977 3744 beari,

394 3781 463 3830 ilisit
475 3781 639 3833 christicolis
651 3795 726 3835 sacra
739 3782 812 3835 (lona
825 3795 890 3834 suae
904 3781 1020 3847 pietalis.

392 3878 504 3945 ingenili
518 3880 644 3932 Gonitum
658 3881 766 3934 sibimet
778 3881 880 3934 deitate
891 3892 1033 3940 coaevum,

394 3980 514 4031 l‘lainine
527 3980 561 4032 tle
575 3986 670 4035 sancio
686 3983 768 4034 llaria
781 3995 891 4048 puroque
904 3981 1010 4049 virgine
1023 3985 1130 4043 natum,

391 4079 522 4143 Tempore
534 4092 588 4144 quo
601 4079 808 4146 quadragenum
820 4084 896 4132 tenet
908 4083 989 4145 alque
1002 4077 1158 4130 secundum

394 4178 501 4241 imperii
514 4191 560 4229 rex
573 4179 734 4231 Octavianus
747 4178 882 4244 praecluis
895 4190 1009 4240 annum,

393 4275 468 4336 Quod
481 4277 688 4344 quoinquagcnos
702 4291 782 4331 senos
797 4279 864 4344 regit
877 4278 933 4342 ipse
946 4288 994 4341 per
1006 4287 1106 4331 anuos.

392 4375 443 4426 Seli
458 4388 537 4427 verae
549 4377 623 4441 pacis
635 4382 703 4429 nutu
715 4382 781 4429 tuno
794 4389 876 4429 carne
890 4374 1027 4427 manentis

393 4473 506 4525 occeani
520 4475 635 4538 spatium
649 4479 709 4540 post
722 4486 786 4540 pace
799 4474 906 4540 rigente
920 4470 1115 4539 peramplum,

391 4571 553 4636 compositis
565 4571 672 4638 populis
685 4569 833 4636 tranquilla
845 4582 912 4636 pace
923 4568 1024 4636 quietis
