3156 5452
251 123 343 173 aras.
362 123 444 174 nar.
465 123 580 173 Panis.
600 144 644 154 -
661 124 813 174 urrann.
832 122 878 171 au
895 122 972 170 cuo.
991 119 1054 168 aree
1067 120 1101 168 a.
1225 100 1291 165 203

79 293 356 360 omniaperambulans
364 300 390 348 et
397 294 587 361 considerans,
597 295 753 361 temptabat.
763 296 886 362 cumque
896 291 1001 346 nullum
1013 296 1108 358 patere
1119 288 1170 343 sibi
1181 287 1293 341 vidisset

14 442 19 449 .
77 388 201 462 edugimq
214 396 305 448 subito
323 397 412 449 somni
426 402 534 462 torpore
555 397 717 464 deprimitur
728 413 736 462 ;
749 400 776 449 et
794 401 851 449 toto
864 400 973 462 pectore
994 397 1122 458 stertens,
1135 388 1227 444 sonitu
1245 389 1292 441 illo

76 491 189 546 custodes
200 493 317 562 evigilat,
332 507 416 561 seque
428 508 565 562 suumque
581 495 683 548 lurtum
705 497 871 550 manifestat.
889 497 1042 548 accurrunt
1058 496 1200 559 stupentes
1220 489 1292 557 quis·

76 601 137 643 nani
154 597 227 660 esset,
241 594 360 661 qualiter
372 595 429 648 illic
442 594 619 659 remanserat,
634 609 696 649 cum
718 595 846 662 putarent
863 609 891 648 se
904 594 1050 663 diligenter
1071 594 1139 646 ostia
1161 589 1292 644 clausisse

41 685 58 738 ³
73 687 223 759 nullumque
235 693 392 747 invenerint
403 695 578 748 remansisse.
589 698 672 759 Quem
683 709 746 748 corn
761 695 848 761 primo
862 695 913 747 levi
925 699 999 748 moto
1010 691 1130 746 excitare
1139 689 1291 744 uoluissent

68 795 123 840 uec
136 797 247 857 possent,
262 792 327 846 inde
338 792 460 847 calcibus
473 792 593 848 tundunt
604 797 632 847 et
644 807 693 848 cur
702 793 759 847 illic
772 808 801 848 se
813 794 974 847 collocasset
985 794 1208 859 percunctantur.
1221 789 1291 842 licti-

69 894 147 942 ceute
157 891 208 960 illo,
220 906 294 946 unus
306 895 444 960 alapamei
453 895 631 948 vehementer
642 895 767 956 incussit.
776 900 803 949 et
815 894 928 948 mattula
938 908 1000 948 cum
1011 894 1126 962 gemmis
1136 889 1218 957 capiti
1228 904 1290 956 sup·

67 988 150 1049 posita
158 994 280 1058 apparuit
293 991 453 1060 lapidesque
466 993 577 1059 pretiosi
590 994 758 1048 inluxerunt.
772 997 974 1063 cognoscentes
986 993 1069 1062 igitur
1080 993 1184 1046 furtum
1197 990 1289 1044 divina
1350 1007 1353 1014 ·

67 1083 238 1144 miseratione
257 1090 406 1158 detectum,
420 1105 497 1146 reum
518 1093 635 1146 carceris
656 1093 796 1146 custodiae
818 1092 938 1158 tradunt,
952 1096 977 1145 et
990 1104 1071 1145 mane
1083 1091 1163 1152 lacto,
1176 1088 1291 1157 quidde

24 1176 53 1230 ¹⁰
66 1192 105 1236 eo
117 1184 183 1243 teret
193 1192 333 1244 communi
345 1182 455 1244 decreto
468 1197 642 1258 pertractant.
656 1195 687 1244 lit
706 1192 776 1247 utin
790 1191 947 1259 bulusmodi
959 1204 1042 1245 causa
1056 1191 1131 1244 varia
1143 1189 1291 1243 ventilatur

68 1283 168 1352 opinio,
180 1288 291 1355 quidam
305 1294 392 1343 morte
414 1290 527 1358 dignum
550 1290 749 1355 admonebant,
762 1292 808 1344 alii
828 1291 870 1345 rel
883 1291 1025 1345 oculorum
1038 1289 1080 1343 ccl
1093 1289 1171 1356 pedis
1189 1289 1291 1341 damno

66 1383 233 1440 multandum
244 1392 271 1441 et
282 1388 322 1441 sic
333 1388 526 1442 dimittendum
540 1402 602 1444 esse
613 1391 771 1444 censebant.
785 1389 880 1443 ditiori
892 1394 983 1443 autem
996 1389 1153 1455 saniorique
1173 1385 1290 1442 consilio

64 1473 98 1531 ln
113 1485 179 1541 nullo
195 1487 347 1542 laesionem
358 1487 414 1554 pati
429 1489 530 1543 debere
541 1489 683 1543 decretum
699 1495 749 1559 est,
763 1503 845 1556 quem
866 1502 922 1544 non
938 1490 1057 1542 numana
1077 1488 1118 1541 vis
1131 1486 1179 1542 sed
1196 1487 1289 1540 divina

61 1581 224 1641 ambiisset
242 1591 324 1653 atque
336 1586 445 1655 ligasset
456 1601 581 1642 censura.
596 1589 744 1643 incolumis
757 1601 820 1656 ergo
841 1589 892 1642 iste
907 1586 1050 1654 recedens,
1062 1586 1219 1654 exemplum
1230 1591 1289 1640 erat

26 1670 50 1721 li
62 1682 198 1752 omnibus,
218 1699 255 1739 ne
270 1686 332 1753 quis
353 1693 541 1753 praesumeret
557 1688 586 1740 in
604 1688 664 1742 loco
677 1689 848 1743 sanctissimo
861 1688 964 1742 sumum
984 1692 1031 1742 aut
1053 1686 1165 1754 aliquod
1185 1686 1288 1739 crimen

62 1779 162 1850 moliri,
174 1785 265 1839 sciens
278 1799 334 1839 non
347 1786 398 1839 sibi
412 1787 526 1853 impune
537 1800 690 1854 cessurum,
699 1789 831 1855 quoniam
844 1787 873 1841 in
886 1788 1008 1841 excubiis
1022 1787 1096 1840 illius
1109 1786 1208 1840 sollers
1220 1786 1287 1839 inri-

60 1872 131 1937 gila
146 1883 265 1938 custodia
283 1884 454 1951 angelorum,
479 1886 593 1954 ipseque
614 1899 673 1939 esse
696 1886 823 1954 dignatur
847 1891 938 1939 custos
959 1887 1005 1952 qui
1033 1897 1089 1938 non
1110 1883 1239 1938 dormitat
1260 1884 1289 1937 in

10 2010 14 2023 ·
61 1979 167 2035 aerum

102 2074 123 2128 0
136 2081 239 2146 (li-lit).
258 2081 441 2136 crebrescunt
453 2084 584 2138 miracula
596 2088 623 2137 et
635 2084 663 2137 in
681 2084 762 2137 laude
780 2083 944 2138 sanctissimi
956 2083 1085 2137 llartialis
1098 2085 1169 2136 bens
1181 2082 1288 2148 operari

26 2160 122 2229 ”Mn
131 2179 227 2234 desinit
238 2195 308 2249 quae
320 2187 384 2236 sunt
395 2189 423 2236 ct
434 2182 616 2239 admiratione
627 2185 709 2253 digna
722 2189 749 2238 et
763 2184 939 2238 credentibus
952 2182 1116 2238 omnimodis
1129 2182 1215 2235 utilia.
1225 2184 1289 2235 Erat

26 2264 28 2269 ’
60 2271 160 2343 quippe
171 2292 203 2332 ex
216 2281 302 2346 ipsius
314 2282 401 2334 sancti
414 2281 515 2335 familia
528 2283 645 2336 rusticus
658 2283 768 2350 quidam
783 2283 895 2336 nomine
912 2283 1070 2343 otramnus
1084 2293 1198 2346 corpore
1210 2293 1286 2348 prae·

60 2375 173 2445 mortuo,
184 2380 261 2433 omni
273 2380 393 2434 humano
406 2382 551 2436 destitutus
562 2382 661 2447 udicio,
676 2395 727 2437 nec
738 2396 800 2449 spes
812 2382 867 2435 ulla
880 2382 998 2435 restabat
1010 2381 1148 2448 sospitatis
1165 2381 1283 2434 futurae.

60 2461 141 2535 Cujus
150 2474 283 2530 diutinam
296 2477 414 2545 proximi
427 2481 486 2545 ejus
506 2482 730 2534 commiserantes
748 2479 957 2548 aegritudinem,
971 2480 1006 2534 ob
1024 2480 1162 2548 geminam
1174 2491 1283 2533 causam

58 2564 97 2617 Μ
112 2577 187 2629 tancti
200 2578 286 2644 patris
298 2580 433 2632 tumulum
451 2592 514 2632 eum
531 2580 559 2631 in
573 2583 666 2646 sporta
677 2578 815 2645 deportari
829 2579 940 2646 iaciunt,
953 2578 1079 2633 uidelicet
1091 2577 1220 2644 quatinus
1237 2580 1286 2629 aut

27 2654 100 2717 'ihi
112 2682 246 2730 curaretur
257 2682 304 2730 aut
316 2677 470 2746 elemosyna
484 2684 649 2746 pasceretur,
663 2693 718 2733 non
739 2679 813 2732 unde
833 2680 934 2733 viveret
955 2679 1059 2733 babens
1077 2692 1129 2732 nec
1141 2678 1283 2732 elaborare

59 2770 341 2832 manuussudlciens.
355 2779 461 2833 Positus
479 2793 543 2849 ergo
559 2780 632 2834 baud
650 2780 731 2848 longe
748 2781 782 2833 ab
800 2778 926 2845 ecclesia,
940 2779 1040 2833 cotidie
1059 2779 1165 2832 nisibus
1183 2778 1284 2846 quibus

58 2867 161 2927 Merat
171 2875 304 2943 reptando
316 2877 351 2930 ad
364 2878 512 2941 ecclesiam⁴
524 2879 651 2932 veniebat
663 2881 689 2931 et
706 2879 896 2931 necessitatem
915 2891 992 2931 suam
1004 2876 1086 2931 simul
1098 2882 1125 2931 et
1136 2876 1282 2943 aegritudi-

57 2965 124 3021 nem
134 2980 191 3028 ante
204 2976 280 3043 pium
296 2977 395 3030 cbristi
415 2976 624 3046 [confessorem]
638 2980 647 3000 ·
659 2978 787 3032 dedebat.
808 2977 929 3032 Tandem
951 2978 997 3032 ille
1017 2990 1073 3031 non
1085 2977 1283 3030 immisericors
1293 2993 1478 3049 gomma·

56 3065 187 3133 &licere
200 3081 242 3128 est
254 3075 392 3144 dignatus,
405 3084 433 3131 et
454 3078 505 3131 boc
518 3079 599 3132 modo
621 3092 684 3131 eum
698 3092 794 3132 curare
807 3079 901 3132 uoluit.
915 3081 982 3131 Cum
1001 3079 1048 3145 ibi,
1067 3078 1139 3131 sicut
1150 3076 1280 3138 diximus,

22 3142 161 3239 ”laeena
173 3176 248 3230 venit
263 3176 398 3242 quaedam
411 3179 511 3231 mulier
528 3179 660 3233 orationis
673 3180 766 3247 gratia.
782 3180 867 3247 iqua
881 3192 943 3231 com
955 3191 1035 3244 opem
1048 3182 1161 3245 peteret,
1175 3176 1209 3230 ad
1224 3176 1282 3229 bos·

55 3256 149 3326 biliam
160 3288 240 3328 suurn
252 3287 364 3329 suorum
378 3277 504 3330 manibus
516 3278 616 3331 deterri
629 3278 693 3331 iecit
704 3283 731 3331 et
743 3279 803 3332 cibo
816 3283 937 3344 potuque
948 3281 1070 3331 recreato
1083 3277 1280 3330 lectisternium

54 3364 162 3436 (tuoque
171 3376 328 3441 praeparari
341 3376 487 3430 mandavit.
501 3380 673 3446 consurgens
692 3379 773 3431 ctiam
786 3379 820 3431 ad
833 3378 993 3433 matutinale
1005 3377 1134 3439 odicium,
1147 3376 1183 3430 ad
1195 3376 1281 3429 eccle·

54 3451 125 3516 ⁸i³¹o
136 3469 203 3525 inter
216 3485 314 3525 manus
326 3474 455 3527 clientum
477 3475 614 3541 deportari
636 3476 782 3542 praecepit,
796 3481 823 3529 et
841 3489 875 3529 nc
897 3477 963 3530 ioris
983 3477 1087 3543 positus
1104 3474 1281 3528 multitudine

54 3558 249 3625 mutiendum
262 3580 441 3642 premeretur,
454 3580 548 3641 utpote
559 3577 605 3642 qui
619 3589 715 3629 cavere
727 3576 842 3643 alicujus
854 3576 893 3628 rei
906 3589 999 3629 casum
1010 3588 1065 3628 non
1077 3575 1194 3639 ualebat,
1206 3575 1278 3626 intra

20 3634 168 3727 aerVillam
180 3672 345 3725 sanctissimi
357 3673 544 3742 [contessoris]
556 3677 565 3694 '
577 3676 674 3729 cbristi
687 3676 813 3730 collocari
826 3691 909 3743 super
921 3677 1106 3743 pauimentum
1120 3676 1191 3728 iecit.
1204 3676 1275 3727 lam·
1291 3689 1476 3758 gomma,

51 3754 219 3829 quelitatem
232 3771 352 3838 aliquam
365 3772 447 3826 cilicii
459 3780 589 3829 canentes
601 3780 798 3843 transegerant,
811 3782 839 3829 et
856 3788 919 3829 ecce
931 3775 1079 3843 angustiari
1093 3775 1175 3828 miser
1187 3773 1276 3839 coepit
1338 3768 1427 3835 ΜΝ,

52 3850 80 3949 ,Εἴ
94 3868 145 3920 ¹10n
157 3871 217 3922 sinc
229 3871 331 3938 gemitu
343 3878 481 3926 contracta
493 3888 524 3927 ac
535 3874 665 3929 dissoluta
678 3877 800 3929 membra
812 3889 922 3943 quoquo
935 3875 1016 3929 modo
1029 3887 1148 3928 movere.
1162 3876 1280 3940 Eratque
1314 3824 1439 3892 amm

52 3952 149 4020 'laem
161 3968 310 4033 luctamen,
324 3985 385 4024 curn
398 3971 485 4041 rigida
507 3976 628 4028 membra
648 3977 689 4027 vis
702 3976 793 4028 divina
814 3976 841 4027 in
855 3976 978 4041 proprios
999 3974 1159 4041 natirosque
1171 3979 1280 4042 cogeret

51 4048 121 4109 ‘¹⁸⁰⁸
134 4064 233 4132 redire,
245 4067 417 4137 graviterque
430 4072 609 4137 torquebatur
621 4073 668 4138 qui
682 4072 838 4133 sanabatur,
852 4077 881 4125 ut
894 4087 980 4139 paene
996 4072 1167 4125 adstantibus
1179 4071 1281 4124 ridere

49 4136 99 4197 ¹¹¹?
108 4165 194 4232 magis
206 4167 276 4219 mori
289 4180 372 4234 quam
384 4169 507 4235 sospitati
520 4170 607 4222 reddi.
622 4170 752 4224 Paulatim
764 4172 883 4239 denique
904 4173 932 4223 in
946 4176 1050 4238 partem
1064 4170 1203 4238 quandam
1221 4184 1279 4224 cor·

46 4243 126 4308 ⁹⁰5⁸
147 4263 278 4333 adsurgit,
292 4267 397 4333 nititur,
410 4267 544 4335 adjutorio
562 4270 735 4338 quorundam
756 4272 803 4337 qui
824 4272 1038 4325 circumstabant
1057 4270 1280 4338 praesidiumque

45 4329 121 4407 [ΒΗΘ
142 4364 277 4433 solebant,
290 4380 415 4434 gressum
436 4374 578 4436 temptare,
596 4371 618 4423 si
640 4372 755 4439 pedibus
772 4376 843 4427 stare
863 4373 967 4427 valeret
986 4379 1014 4428 et
1032 4374 1195 4428 ambulare:
1216 4387 1278 4427 nam
