3136 5482
293 314 356 378 iro
632 332 755 382 aaran.
775 332 875 383 oonn.
896 333 1069 384 naamon.
1089 335 1168 386 mr.

287 505 315 555 et
334 501 420 555 altera
439 502 570 568 praefatio
582 501 653 565 (Oai
673 505 792 555 temam
810 503 887 555 cairi
906 505 1063 559 conectam
1083 503 1228 572 fodit....),
1241 507 1285 562 ed.
1298 508 1369 575 apud
1389 490 1493 563 Tiscl‘
1508 458 1564 517 ὣ

289 602 360 666 (lori,
374 617 400 669 p.
415 604 497 657 5554.
572 614 576 621 '

388 701 426 777 2⁰
444 701 642 780 Transitus
671 702 751 781 sive
782 704 996 805 assumptio
1026 715 1181 783 sanctae
1211 705 1351 785 Mariae
1381 716 1508 786 matt
1533 683 1564 737 ⁷¹

436 825 592 903 Domini
612 827 733 903 nostri
753 826 843 904 Jesu
863 827 1004 906 Christi
1023 827 1105 929 (fol.
1128 828 1274 919 ΜΨ).

323 959 571 1013 Pseirdolielitonis
583 958 665 1019 liber,
678 959 721 1012 eil.
736 961 763 1011 P.
777 962 819 1013 G..
833 964 899 1014 tom.
913 963 943 1027 v,
958 976 984 1027 p.
1001 963 1121 1016 itit-lit

387 1058 424 1135 3⁰
441 1057 669 1136 Miraculum
684 1056 733 1134 de
752 1057 970 1160 Theophilo
989 1060 1211 1161 paenitente
1226 1062 1306 1157 (fol.
1326 1062 1464 1141 ituit*
1476 1051 1564 1142 d

323 1317 371 1370 aa.
385 1184 615 1377 airizam.
628 1321 645 1371 a
657 1319 747 1379 rear„
760 1324 826 1373 tom.
841 1319 863 1385 ι,
876 1333 903 1385 ρ.
916 1319 1020 1373 nam.

388 1417 425 1494 4⁰
443 1417 497 1494 De
520 1417 718 1496 miraculis
748 1426 901 1496 sanctae
932 1418 1071 1496 Mariae
1102 1420 1238 1499 matris
1264 1419 1411 1502 Christi
1439 1422 1520 1519 (tol.

437 1541 576 1619 lii-78⁹
594 1552 633 1620 et
650 1543 839 1644 952108').

322 1676 377 1729 lnc.
391 1676 461 1741 prol.
475 1674 521 1728 cd
532 1675 751 1743 omnipotentia
761 1676 818 1729 Dei
828 1676 954 1730 lacedem
966 1689 1038 1731 cnm
1047 1689 1139 1744 saepe
1150 1676 1326 1731 recitentur
1335 1681 1517 1733 eatectcnnn

287 1773 490 1828 iantacula...

320 1875 375 1926 inc.
387 1875 444 1926 liir.
460 1874 501 1927 De
513 1875 647 1940 quodam
667 1872 909 1939 archiepiscopo.
923 1874 997 1926 Fuit
1017 1874 1051 1926 in
1067 1875 1215 1929 Toleto-ira
1235 1874 1313 1929 urbe
1324 1876 1464 1943 quidam
1474 1890 1520 1930 ac
1562 1874 1564 1887 '

288 1971 498 2040 clu'epiacopne
509 1972 565 2040 qni
575 1971 789 2026 cacabatum...

320 2072 447 2126 iliracula
458 2073 566 2126 circiter
575 2072 756 2140 septuaginta.
771 2073 909 2139 Ultimum,
920 2073 998 2139 cujus
1016 2072 1159 2126 exordium
1172 2074 1369 2129 tantummodo
1388 2075 1418 2129 in
1431 2077 1522 2131 codice

287 2172 393 2239 legitur,
407 2173 472 2225 folio
483 2173 526 2224 rel
540 2173 611 2225 loliis
634 2170 812 2239 sequentibus
832 2172 942 2237 excisis,
956 2172 1116 2239 inscriptum
1138 2177 1181 2227 cst
1192 2174 1233 2226 De
1248 2173 1324 2241 c'ane
1340 2188 1435 2243 novo,
1447 2177 1524 2231 etsie

287 2271 381 2336 incipit
393 2273 512 2325 narratio
527 2288 533 2324 :
546 2272 653 2325 Annus
666 2271 792 2325 Domini
802 2272 857 2339 qni
868 2271 907 2326 ab
919 2271 1140 2326 incarnatione
1149 2272 1217 2339 aaa
1228 2272 1281 2328 die
1294 2273 1435 2331 initium
1446 2276 1522 2331 aeci·

280 2370 343 2437 pit,
367 2372 543 2439 computari
561 2371 748 2425 millesimus
769 2370 953 2424 centesimus
975 2379 1080 2425 cccmus
1096 2372 1220 2439 patmus
1243 2372 1419 2430 inchoabat
1442 2390 1524 2431 anno

285 2469 433 2524 Ladooict
444 2478 505 2523 acac·
525 2471 618 2524 tertio
639 2472 667 2523 et
689 2470 752 2536 fitia·
763 2471 830 2536 ejus
843 2469 986 2537 Philippi
1005 2471 1148 2535 secundo,
1161 2471 1212 2525 die
1230 2472 1342 2527 tancti
1369 2474 1524 2530 vincentii

285 2570 469 2636 inartyria...

812 2746 816 2750 .
853 2744 1029 2752 ——-—-——---
1032 2744 1046 2751 -

487 3000 655 3090 cxxxi.
680 3001 806 3088 (lodex
826 3002 1017 3110 signatus
1039 3025 1151 3088 num.
1176 3000 1305 3089 2674.

315 3220 383 3271 ΟΙίιη
396 3219 568 3273 colbertinus
579 3220 655 3281 sitit,
668 3218 769 3272 deinde
782 3220 879 3286 Regius
891 3220 919 3271 G.
934 3220 1008 3271 4516.
1023 3220 1047 3270 2.
1059 3218 1083 3269 t.

315 3319 450 3372 Foliorum
474 3321 530 3379 itii,
552 3323 710 3384 compactus
734 3330 765 3369 ex
787 3317 902 3370 (liversis
929 3315 1071 3369 codicibus
1098 3314 1215 3369 minoris
1242 3317 1364 3382 formae,
1387 3318 1438 3371 sed
1471 3330 1524 3371 nou

281 3416 414 3483 cumdem,
427 3416 543 3470 dirersis
554 3415 722 3483 temporibus
734 3416 849 3468 exemtis
861 3415 931 3467 inter
943 3428 1014 3468 saec.
1029 3417 1049 3466 x
1061 3420 1090 3467 et
1100 3415 1169 3467 lllll.

381 3516 604 3616 Hieronymi
624 3514 749 3601 [liber]
768 3513 817 3590 de
848 3513 1045 3592 nativitate
1071 3520 1224 3591 sanctae
1257 3512 1409 3593 Mariae
1437 3516 1473 3616 (f
1495 3516 1518 3591 l.

430 3638 600 3739 car-ror).

316 3771 435 3827 Omnino
456 3773 525 3825 sicut
537 3772 566 3824 in
588 3771 649 3825 cod.
666 3775 738 3835 istil,
757 3775 781 3823 Ιο
793 3775 893 3836 (supra,
907 3786 933 3837 p.
950 3776 1001 3833 87).
1016 3774 1087 3825 llaec
1107 3785 1170 3837 pars
1189 3770 1334 3839 descripta
1354 3780 1396 3828 est
1413 3775 1523 3828 saeculo

284 3874 351 3925 llll.

479 4298 667 4386 cxuxu.
692 4297 816 4386 clau
837 4298 1026 4408 signatus
1049 4324 1161 4388 num.
1186 4299 1313 4388 acra.
1401 4256 1404 4260 ’

315 4511 384 4564 Olim
398 4513 484 4566 sancti
497 4513 625 4567 Martialis
640 4515 838 4567 lemovicensis
850 4517 892 4573 36,
905 4512 1006 4566 deiude
1018 4515 1118 4580 Regius
1130 4514 1159 4565 C.
1173 4513 1250 4566 4586.
1263 4514 1289 4565 2.

315 4610 452 4664 Foliorum
464 4614 506 4673 96,
521 4614 587 4664 min.
601 4613 820 4678 (annonara),
834 4612 914 4665 lineis
927 4613 1026 4677 plenis,
1040 4616 1165 4666 exaratus
1178 4624 1250 4666 saec.
1267 4614 1309 4664 lii.
