3136 5482
460 330 552 396 nisa.
572 347 655 396 nur.
675 345 791 399 rxnrs.
809 365 856 377 -
871 345 950 406 coo.
969 342 1044 394 asor.
1304 325 1371 392 329

143 517 176 570 io
188 514 264 570 xxxeim
277 528 378 569 aureos
390 516 474 569 octies
492 520 734 583 superposuerunt.
747 519 819 581 Quos
836 514 962 581 protinus
980 525 1080 576 nonus,
1091 510 1182 564 radice
1197 510 1279 564 totius
1298 510 1372 572 mali,

138 616 288 682 rapiditate
302 615 414 677 scilicet,
427 615 525 668 ductus
537 622 564 668 et
581 617 639 668 acie
650 616 785 668 diabolica
804 617 963 677 instructus,
978 613 1076 678 rapuit,
1089 617 1116 664 et
1132 616 1212 676 caput
1224 611 1309 664 sancti
1322 610 1371 663 riri

138 729 196 768 nno
209 716 265 768 ictu
279 716 314 768 ab
327 715 447 767 humeris
461 716 603 781 separavit.
618 717 667 779 Qui
680 716 797 782 glorioso
810 715 943 783 sanguine
965 715 1102 766 laureatus
1114 712 1230 777 septimo
1243 709 1373 763 kalendas
1397 764 1411 775 ,

138 816 291 868 lecembris
310 814 423 867 feliciter
443 814 476 866 ad
497 814 588 867 caelos
608 815 808 882 migravitque
828 821 854 867 et
873 814 1020 866 celebratio
1036 812 1096 877 ejus
1116 810 1204 878 agitur
1229 810 1371 875 prophetia

138 920 228 966 tutem
241 916 375 980 ejusque
388 920 448 979 post
466 917 582 966 mortem
594 927 673 966 suam
685 927 780 980 pacem
798 914 933 966 Ecclesiae
951 912 1009 964 ficri
1028 912 1105 974 dixit,
1120 915 1187 962 nutu
1199 909 1293 962 divino
1316 923 1371 961 non

138 1027 219 1082 ongo
227 1014 374 1067 subsecuta
382 1019 430 1066 est.
440 1017 505 1067 Nam
514 1012 710 1067 decedentibus
720 1015 887 1081 impiissimis
898 1012 1116 1079 imperatoribus,
1124 1011 1289 1063 bioclctiano
1298 1009 1372 1062 vide·

138 1115 200 1166 icet
213 1118 240 1166 et
252 1113 425 1182 Maximiano,
439 1114 634 1166 Constantinus
644 1113 782 1179 piissimus
795 1113 981 1167 monarchiam
991 1112 1073 1165 totius
1087 1112 1191 1176 imperii
1204 1113 1258 1163 ileo
1267 1111 1372 1163 favente

138 1213 270 1279 suscepit,
285 1213 336 1264 sub
349 1214 427 1279 cujus
439 1213 553 1279 imperio
567 1227 618 1279 pax
631 1211 754 1266 ecclesiis
765 1212 871 1265 reddita
884 1218 933 1277 est,
947 1211 982 1264 ad
996 1210 1102 1264 laudern
1122 1217 1149 1263 ct
1160 1211 1273 1278 gloriam
1286 1211 1372 1262 nomi-

138 1314 182 1364 nis
193 1313 306 1374 christi,
320 1313 367 1378 qui
380 1324 443 1364 cnm
461 1314 538 1365 Patre
559 1316 587 1363 et
598 1312 699 1378 spiritu
721 1317 814 1364 sancto
834 1311 900 1363 uiuit
912 1317 939 1363 el
960 1315 1055 1378 regnat
1068 1313 1138 1363 heus
1150 1309 1301 1375 peremnia
1313 1322 1371 1361 sae·

138 1411 200 1464 :ula
214 1412 397 1464 saeculorum.
412 1411 507 1463 lmen.

388 1872 475 1961 001.
500 1872 626 1960 Codex
649 1873 840 1982 signatus
861 1895 972 1958 num.
998 1870 1119 1958 3801.

170 2127 237 2180 bhm
250 2127 391 2181 philiberti
403 2128 437 2180 de
450 2126 475 2180 la
488 2130 560 2181 liare
572 2130 630 2193 tto,
644 2127 743 2180 deinde
756 2126 854 2192 Regius
866 2129 893 2179 (l.
907 2126 983 2178 scot.
997 2129 1021 2177 1.

177 2228 311 2282 loliorum
324 2230 380 2288 tao,
394 2227 466 2280 med.
480 2228 699 2292 (0¹¹¹‚295X0fflh
713 2225 849 2279 columnis
862 2225 943 2291 binis,
959 2230 1085 2278 exaratus
1098 2237 1169 2278 saec.
1183 2228 1237 2278 llil.

244 2326 280 2402 1ο
300 2326 435 2404 Sermo
454 2326 589 2403 domni
609 2324 757 2404 Odonis
775 2324 927 2402 abbatis
945 2324 994 2401 de
1008 2331 1140 2403 sancto
1154 2331 1263 2425 patre
1286 2348 1372 2403 nos·

288 2461 349 2529 tro
367 2450 577 2529 Benedicto
595 2450 671 2551 (fol.
696 2449 807 2541 ihil.

180 2582 316 2637 113111.
334 2584 432 2649 Cluen,
447 2598 474 2649 p.
491 2585 592 2635 151111.

237 2681 275 2757 2⁰
293 2681 425 2759 Passio
455 2682 577 2760 sancti
598 2681 755 2781 Benigni
777 2684 791 2710 *
811 2682 1024 2760 sacerdotis
1042 2682 1183 2761 Christi
1207 2692 1245 2767 et
1268 2706 1367 2759 mar·
1428 2703 1510 2756 mox

290 2805 639 2905 propotu-mn.
1407 2779 1536 2889 titt*

178 2938 226 2991 lto.
238 2953 289 3006 ope
302 2940 383 3005 hujus
395 2938 456 2992 cod.
469 2940 533 2993 Act.
547 2939 604 3003 Stil,
618 2939 652 2991 ad
666 2939 693 2991 d.
710 2942 721 2991 l
741 2943 818 3002 Nou..
833 2946 897 2993 tom.
912 2944 932 3003 l,
946 2956 972 3006 p.
987 2941 1088 2992 ibit-62.

242 3037 278 3113 3⁰
296 3037 381 3115 Vita
399 3037 520 3115 sancti
553 3036 726 3137 Gregorii
746 3038 979 3137 Lingonicae
1005 3038 1170 3118 ciuitatis
1197 3039 1369 3140 episcopi

289 3162 365 3261 (fol.
387 3161 551 3262 xor-sa).

180 3293 291 3348 Auctore
303 3296 433 3362 Gregorio
447 3295 610 3359 turonensi,
625 3295 668 3348 ed.
684 3295 762 3360 ibid„
774 3295 809 3346 ad
823 3294 850 3347 d.
864 3298 963 3358 llam,
977 3301 1041 3348 tom.
1056 3297 1076 3357 l,
1091 3310 1116 3361 p.
1133 3297 1233 3348 ills-ott.
1246 3297 1297 3348 Sed
1311 3302 1371 3363 post

138 3389 256 3446 urinam
269 3395 389 3460 phrasim
402 3407 479 3448 num.
492 3398 508 3446 l
520 3395 560 3456 (...
573 3393 735 3461 effulperct
746 3392 888 3459 eremita)
901 3394 1061 3460 interposita
1075 3400 1139 3448 sunt
1156 3408 1226 3461 quae
1244 3396 1369 3460 leguntur

138 3478 225 3544 Risi.
237 3495 359 3557 Fratre..
376 3493 423 3546 lib.
436 3505 473 3558 ιιι,
487 3506 546 3559 cap.
561 3493 734 3573 153deinde,
756 3499 904 3559 posthum.
926 3496 952 3558 6,
965 3493 1088 3560 ejusdem
1102 3494 1163 3546 libri
1185 3508 1244 3560 cap.
1270 3496 1318 3557 193
1343 3509 1375 3547 ac

143 3579 265 3655 landem,
277 3599 340 3645 ante
361 3606 436 3645 num.
454 3594 492 3657 16,
506 3606 575 3659 quae
595 3593 696 3645 laudati
719 3593 810 3659 operis
831 3593 877 3645 lib.
891 3605 917 3656 u,
930 3606 990 3660 cap.
1009 3596 1026 3646 5
1046 3600 1191 3646 narrantur
1212 3595 1246 3647 de
1266 3594 1371 3647 Tetrico

148 3674 309 3756 ¹⁴hiponensi
322 3693 448 3758 episcopo
459 3692 469 3760 (
474 3692 706 3746 consenescente
717 3691 803 3746 beato
820 3691 988 3758 Tetrico...).

242 3790 280 3865 t⁰
300 3789 382 3868 Vita
400 3790 522 3868 sancti
541 3789 729 3867 Marcialis
747 3790 920 3894 episcopi
939 3790 1015 3888 (iol.
1038 3789 1203 3881 32l-2illl.

188 3922 229 3975 td.
240 3936 283 3990 ap.
298 3923 418 3985 Surium,
432 3923 466 3975 ad
478 3923 553 3976 dxxc
564 3925 648 3977 lunii.

242 4023 281 4099 5⁰
299 4021 382 4100 Vita
401 4022 522 4100 sancti
542 4021 676 4100 Goaris
694 4021 770 4123 (fol.
792 4021 959 4121 ill-53ll.

180 4157 224 4210 td.
237 4158 302 4212 Act.
316 4155 372 4224 SS.,
385 4157 418 4209 ad
439 4155 572 4217 dolui..
587 4161 652 4208 tom.
675 4158 707 4211 ll.
727 4170 754 4221 p.
777 4159 878 4218 tobel,
899 4157 993 4209 multis
1006 4158 1170 4210 lectionibus
1191 4159 1368 4212 variantibus.

149 4259 242 4327 puibus
253 4258 360 4311 collatis
373 4260 480 4308 constat
492 4260 593 4307 textum
606 4255 635 4306 in
647 4254 741 4307 codice
753 4254 920 4320 descriptum
934 4261 1072 4321 praestare
1085 4256 1167 4309 edito.

237 4355 278 4432 6ο
309 4353 441 4433 Passio
472 4353 593 4431 sancti
626 4353 727 4431 Petri
763 4351 1015 4430 Alexandriae
1051 4353 1159 4431 urbis
1194 4354 1368 4456 episcopi

288 4478 366 4577 (iol.
384 4475 548 4576 bill-bill.

160 4619 317 4682 [resumpta
331 4626 363 4666 cx
376 4613 449 4665 lictis
462 4610 656 4678 prolixioribus
669 4612 749 4665 cditis
760 4625 803 4679 ap.
818 4613 938 4677 Surium,
952 4611 986 4664 ad
999 4611 1026 4663 d.
1040 4613 1073 4667 ab
1084 4615 1149 4666 Nou.
