3136 5482
510 2283 720 2339 BENEVOLO
737 2278 907 2339 LECTORI

117 2982 307 3048 Catatoaum
319 2979 400 3033 hunc
412 2978 601 3047 confecimus
613 2979 721 3033 eadem
732 2980 856 3033 ratione
873 2980 903 3032 et
920 2977 1059 3033 methodo
1071 2992 1166 3046 quam
1179 2981 1213 3033 in
1229 2981 1318 3036 Cata·

84 3083 153 3147 loeo
165 3081 311 3135 codicum
330 3078 645 3147 haaioaraphicorum
657 3080 915 3134 Bruxellensium
930 3079 1100 3133 admodum
1111 3079 1171 3132 sihi
1185 3081 1324 3148 probari

85 3183 177 3237 rwhis
192 3182 418 3250 si'qnificorunt
437 3195 500 3234 non
507 3183 607 3250 pauci
626 3181 691 3236 oiri
700 3181 820 3235 eruditi
829 3199 838 3248 ‚·
850 3181 915 3234 nisi
934 3181 1024 3248 quod,
1038 3182 1207 3235 eorundem
1224 3183 1324 3237 consi·

88 3282 145 3336 tiis
162 3283 401 3350 acquiescentes,
417 3283 505 3350 ionae
523 3282 646 3336 breuius
666 3295 747 3349 quae
765 3282 953 3349 deportem,
969 3283 999 3335 si
1022 3281 1068 3335 ita
1093 3281 1178 3349 toqui
1198 3280 1251 3351 fas
1269 3286 1324 3350 est,

87 3383 292 3437 niateriatem
312 3383 453 3437 codicum
474 3385 616 3450 spectant
636 3382 851 3446 tractavimus,
864 3383 1000 3437 contenti
1019 3380 1087 3450 fere
1098 3380 1251 3450 sotiorum
1272 3385 1321 3438 vet

82 3484 287 3552 patrinorum
297 3494 465 3536 numerum
475 3485 573 3550 atque,
584 3481 826 3549 amptitudinem
837 3485 867 3535 et
878 3494 937 3549 quo
948 3481 1070 3550 sinenti
1080 3494 1156 3537 aeoo
1168 3482 1319 3551 descripti

92 3582 221 3651 fuerint
233 3581 398 3636 iudicasse.

130 3681 342 3748 Praecipuum
353 3693 465 3735 curam
477 3681 512 3734 in
528 3694 562 3736 eo
569 3682 736 3749 posuimus
748 3684 781 3734 ut
803 3694 955 3749 quosnam
962 3694 1059 3750 peaes
1071 3681 1146 3736 otim
1167 3693 1326 3735 servaren-

93 3786 153 3836 tur
164 3780 285 3836 codices
304 3781 412 3835 sedulo
423 3783 615 3834 notaremus.
628 3781 697 3835 Huc
716 3781 853 3834 muttum
873 3781 1020 3847 nosjuvit
1039 3779 1159 3835 enimin
1181 3781 1328 3835 tractatio

92 3895 194 3950 quam
210 3880 327 3947 paucis
347 3879 459 3934 abhinc
479 3880 574 3933 annis
593 3880 693 3933 edidit
716 3879 914 3934 doctissimus
934 3881 984 3933 vir
1006 3879 1179 3946 Leopoidus
1202 3879 1327 3947 Detishn

93 3977 311 4035 Bthtiothecae
320 3978 486 4033 Nationati
497 3979 710 4048 praepositas,
724 3979 779 4034 hoc
791 3980 884 4034 titulo
896 3979 1082 4048 inscriptam
1092 3982 1148 4034 :Le
1159 3978 1329 4033 inhinettlcs

93 4079 266 4133 manuscrits
279 4078 313 4130 dc
324 4078 350 4130 la
363 4079 551 4146 Bibliothecae
571 4079 734 4153 (tmperiple)
746 4080 888 4133 Nationale
902 4079 998 4145 (Paris,
1017 4080 1135 4142 1868-81,
1145 4083 1162 4131 3
1173 4077 1226 4132 vol.
1240 4079 1269 4131 in
1280 4080 1328 4144 4⁰).

94 4177 277 4234 Perutitem
288 4177 383 4229 etiam
393 4177 481 4232 nohis
492 4191 620 4245 operam
632 4178 761 4232 navam't
772 4178 914 4246 eyreaius
931 4170 981 4231 vir
993 4178 1148 4232 Henricus
1165 4178 1281 4242 omont,
1295 4176 1329 4230 in

90 4280 208 4335 eadem
221 4275 412 4332 Bibliotheca
424 4277 730 4332 rice-oiotiothecarii
737 4277 836 4346 officio
848 4276 1059 4347 senoensem
1070 4279 1099 4330 et
1110 4261 1253 4344 sinuatos
1264 4276 1330 4343 ipen

89 4378 218 4435 codices
230 4390 251 4429 a
263 4375 350 4430 nobis
362 4377 533 4445 descriptos
545 4377 699 4445 inspicere
709 4380 739 4431 et
755 4380 871 4431 veteres
882 4378 1041 4445 cataloaos
1053 4374 1157 4429 adhuc
1169 4375 1203 4427 in
1215 4374 1327 4429 Biblio-

89 4479 185 4533 theca
197 4477 340 4529 servatos
359 4477 486 4544 saepius
501 4477 684 4544 pernotuere
695 4475 782 4530 haud
802 4479 992 4544 aspernatus
1004 4477 1059 4543 est,
1072 4487 1131 4542 quo
1151 4473 1325 4528 securiores

88 4578 124 4632 in
137 4577 201 4630 hac
210 4576 310 4643 parte
321 4574 436 4628 taooris
447 4575 549 4629 nostri
554 4575 724 4644 procedere
737 4575 851 4630 liceret.
864 4575 919 4630 His
932 4575 1038 4642 itaque
1049 4573 1200 4627 sesosidiis
1209 4571 1322 4639 adiuti,
