3136 5482
165 335 232 401 400
508 354 633 406 carun.
654 356 755 406 cooo.
777 355 950 407 stoicon.
969 356 1050 407 aar.

163 527 240 587 pater
256 522 343 588 ipsius
365 527 392 575 et
412 529 499 576 mater
520 526 633 579 Romam
655 525 770 593 protecti
790 533 892 592 essent,
906 527 978 581 siout
998 526 1026 578 in
1047 524 1237 591 superioribus
1254 529 1381 591 gestorum

163 621 222 687 elus
234 621 340 686 scriptis
352 621 414 675 illos
426 634 508 690 agere
527 624 672 678 retulimus
684 625 862 692 disposuisse,
876 630 904 678 et
921 626 1058 677 incertum
1071 627 1145 676 esset
1156 621 1254 677 incolis
1274 621 1382 690 lingulis

163 718 268 772 mensis
288 721 358 787 pagi,
372 721 419 774 ubi
441 722 510 788 ejus,
528 727 559 775 ut
579 722 683 777 dictum
703 730 753 790 est,
776 725 895 790 primurn
914 723 967 776 luit
987 721 1202 776 sacratissimum
1223 720 1382 774 reconditum

162 831 271 884 corpus,
284 820 362 886 cujus
374 821 463 874 meriti
476 822 519 875 rel
531 824 683 877 sanctitatis
696 829 769 877 esset
785 823 961 878 beatissimus
971 821 1151 886 lastinianus,
1165 820 1257 873 minus
1272 820 1380 887 eiquam

162 918 292 974 decuerat
312 920 420 974 debitus
432 923 521 977 bonor
541 928 568 976 et
585 925 738 978 reverentia
749 924 931 977 exhibebatur
951 923 986 975 ab
998 920 1158 976 hominibus
1180 920 1299 989 regionis
1317 919 1403 974 illicet

163 1018 279 1086 aliisque
290 1019 454 1074 confinibus.
467 1022 566 1076 volens
579 1036 642 1077 vero
655 1026 727 1077 Deus
739 1023 774 1077 ad
786 1022 897 1077 laudem
909 1021 1029 1075 nominis
1047 1020 1088 1074 sui
1103 1018 1279 1088 magnificare
1290 1032 1377 1074 nonen

164 1121 233 1187 ejus,
247 1123 336 1188 coepit
356 1123 463 1189 populls
476 1124 664 1179 demonstrare
682 1125 763 1192 quale
776 1125 801 1179 ei
813 1123 932 1179 odicium
954 1123 1067 1177 honoris
1078 1121 1222 1175 deberent.
1236 1123 1376 1188 coeperunt

163 1219 237 1271 enirn
258 1225 392 1274 nocturno
404 1226 527 1288 tempore
538 1222 673 1289 plurimae
686 1222 814 1276 lucernae
823 1234 955 1276 emensae
967 1219 1052 1275 videri
1064 1219 1099 1274 ab
1111 1219 1251 1287 aliquibus
1262 1217 1374 1272 ildeltbns

163 1315 234 1369 circa
245 1319 444 1387 sarcophagum
462 1321 521 1386 ejus
533 1321 698 1387 saepiusque
717 1321 823 1389 aplaga
835 1319 961 1373 orientali
979 1330 1078 1386 magna
1098 1316 1202 1370 ibidem
1222 1315 1374 1371 descendere

163 1414 271 1468 claritas
284 1417 396 1470 luminis
416 1418 578 1486 sonitusque
596 1418 769 1473 dulcissimae
781 1419 933 1472 cantilenae
953 1417 1052 1472 audiri.
1065 1415 1142 1481 Quod
1154 1429 1218 1470 eum
1231 1416 1266 1470 ab
1287 1417 1326 1469 bis
1336 1415 1374 1482 qui
1387 1414 1407 1466 tt

163 1515 292 1570 ridebant
313 1519 442 1584 paulatim
466 1519 574 1586 populis
597 1517 792 1585 diffamaretur,
812 1522 963 1584 coeperunt
986 1515 1154 1583 pedetentim
1181 1515 1238 1570 illic
1259 1514 1372 1570 accedere

164 1615 264 1669 infirmi
275 1617 456 1684 celeriterque
469 1618 541 1671 vires
555 1619 678 1684 recipere
695 1622 803 1684 optatae
815 1617 949 1670 sanitatis.
961 1616 1132 1683 lamiamque
1151 1613 1306 1681 hujusmodi
1316 1615 1372 1667 lan

164 1717 266 1783 passim
278 1716 462 1783 adcrescente,
476 1717 645 1771 usitaverunt
656 1717 819 1784 populorum
836 1717 933 1770 turbae
953 1715 988 1769 ad
1009 1714 1165 1781 sepulcrum
1184 1715 1244 1780 ejus
1258 1713 1369 1782 gregatim

162 1817 292 1869 accedere
304 1828 336 1870 ac
348 1824 409 1870 vota
422 1829 471 1870 sua
492 1816 531 1868 illi
544 1814 643 1870 ollerre
663 1818 874 1883 animarumque
887 1823 913 1869 et
933 1827 1080 1882 corporum
1101 1814 1219 1868 salutem
1231 1812 1370 1880 suppliciter
1418 1798 1420 1875 ,

163 1915 197 1968 ab
213 1927 245 1968 eo
257 1914 414 1983 efflagitare.
427 1914 471 1968 Sic
482 1914 603 1982 denique
624 1916 729 1969 bomini
750 1915 897 1968 clementia
917 1914 1081 1980 disponente
1102 1913 1205 1967 laetum
1226 1916 1266 1967 est
1284 1911 1369 1977 ubique
1381 1886 1420 1971 ll}

163 2027 265 2069 nomen
277 2015 337 2081 ejus
348 2015 456 2068 celebre
469 2019 496 2068 et
507 2014 680 2069 benedicitur
691 2028 741 2081 per
752 2028 817 2068 eum
829 2027 930 2068 nomen
944 2012 1062 2078 bomini,
1075 2013 1124 2080 qui
1136 2017 1179 2066 est
1190 2024 1297 2078 semper
1307 2010 1369 2063 mira·
1418 1980 1420 2087 Ξ

165 2114 229 2167 bilis
241 2115 269 2166 in
282 2115 382 2168 sanctis
395 2113 463 2167 suis.
1417 2090 1420 2191 ff

199 2213 231 2268 2.
245 2215 318 2266 lnter
330 2213 449 2280 reliquas
468 2213 597 2265 virtutum
610 2226 676 2279 opes
688 2213 755 2266 illud
769 2213 850 2267 etiam
862 2211 996 2266 mentioni
1008 2211 1259 2266 commendandum
1274 2204 1373 2264 omittit

172 2311 245 2377 quod
258 2312 286 2363 in
299 2311 420 2377 ejusdem
442 2311 512 2364 beati
536 2311 616 2377 hujus
637 2311 803 2364 contessoris
815 2310 948 2364 coenobio
967 2309 1130 2362 mirabiliter
1141 2314 1232 2363 actum
1244 2306 1373 2374 depreben-

171 2409 246 2463 ditur
257 2410 372 2463 testibus
391 2409 489 2462 iisdem
510 2411 539 2462 in
550 2411 630 2476 cuius
641 2411 795 2475 praesentia
814 2408 874 2463 lieri
886 2409 1009 2477 contigit.
1022 2408 1127 2461 annuis
1147 2408 1222 2462 enim
1242 2395 1403 2461 mmsibud
1418 2458 1420 2473 Ι

171 2508 231 2562 dies
249 2509 446 2576 illeingruerat
466 2509 512 2575 qui
533 2508 749 2562 sollemniterab
762 2508 891 2563 omnibus
908 2507 1007 2562 incolis
1027 2506 1203 2562 venerandus
1214 2503 1374 2560 eratleriatr
1418 2522 1420 2531 ·

170 2609 245 2662 tibus
257 2609 339 2678 igitur
351 2609 393 2662 bis
404 2609 551 2675 universis,
562 2609 591 2661 in
603 2609 719 2675 pistrino
731 2608 847 2662 lratrum
860 2613 918 2661 erat
926 2606 1062 2675 quaedam
1072 2606 1166 2674 puella
1174 2604 1267 2675 [quae]
1275 2604 1372 2658 moun

172 2709 262 2762 cribro
284 2708 425 2777 purgabat,
448 2721 519 2775 quae
539 2709 648 2774 saepius
667 2706 763 2777 [quod]
784 2708 840 2761 otio
851 2712 960 2761 vacaret
981 2706 1094 2772 monita,
1116 2705 1298 2772 importunius
1317 2698 1374 2768 open'

173 2806 325 2861 insistebat.
338 2807 439 2860 llalens
453 2807 582 2859 nimirum
596 2806 726 2860 bominus
738 2805 943 2860 evidentissimo
959 2805 1037 2873 siquo
1052 2804 1200 2859 colendam
1214 2802 1318 2873 gloriosi
1332 2810 1375 2852 aaa·

172 2905 284 2958 ctissimi
297 2907 347 2960 viri
359 2906 569 2959 sollemnitatem
581 2905 709 2958 omnibus
719 2904 873 2970 ostendere,
884 2904 1004 2958 eundem
1012 2903 1145 2969 cribrum,
1157 2903 1186 2956 in
1196 2916 1250 2971 quo
1258 2888 1404 2955 mdmn'fl

174 3007 315 3072 purgabat,
328 3006 452 3072 utrisque
472 3005 599 3058 manibus
620 3006 727 3058 astricte
739 3004 816 3056 inlidi
838 3004 970 3069 permisit,
984 3008 1011 3056 et
1031 3003 1071 3055 sic
1089 3002 1153 3068 jura
1174 3001 1309 3069 potestatis
1326 3005 1373 3050 siae

173 3104 290 3157 mirabili
302 3105 402 3159 indicio
412 3110 535 3171 patenter
547 3104 689 3158 intimavit.
700 3106 757 3168 Quo
767 3104 835 3167 viso,
846 3115 943 3156 omnes
952 3101 1101 3156 formidare
1111 3113 1263 3168 omnesque
1271 3104 1372 3153 reatuum

172 3217 284 3257 suorum
296 3204 440 3258 commissa
451 3205 501 3257 sibi
524 3209 660 3271 reputare,
673 3217 705 3256 ac
726 3216 821 3257 omnes
833 3202 954 3256 attonitis
974 3200 1143 3254 clamoribus
1165 3200 1283 3253 divinam
1303 3202 1374 3264 poten

172 3303 237 3356 tiam
249 3309 398 3370 coeperunt
409 3304 576 3356 unanimiter
592 3303 760 3369 praedicare.
773 3301 880 3355 Destitit
898 3302 988 3354 lorum
1005 3299 1116 3366 publica
1129 3296 1294 3367 negotiatio]
1308 3296 1375 3349 lucro

172 3417 288 3471 rumque
300 3404 417 3471 negotia,
430 3404 623 3470 lucrorumque
636 3404 744 3469 penitus
756 3403 910 3467 immemor,
924 3413 974 3467 pro
986 3411 1085 3468 magno
1098 3402 1218 3466 quaestu
1229 3397 1300 3451 ducit
1311 3395 1372 3460 buius
1385 3385 1406 3439 ll

172 3503 284 3561 visionis
295 3504 419 3569 gratiam.
431 3503 552 3569 benique
565 3503 683 3555 vallante
703 3502 867 3568 populorum
879 3500 1095 3566 circumquaque
1107 3511 1244 3552 concursu
1255 3495 1288 3550 ad
1304 3501 1378 3546 mona·

173 3602 286 3654 sterium
298 3601 386 3653 letalis
403 3601 492 3666 puella
505 3600 678 3666 compellitur
690 3604 841 3665 sanctoque
853 3598 960 3666 pignori
973 3597 1137 3651 venerabilis
1155 3594 1316 3650 contessoris
1330 3602 1376 3654 sup·

173 3699 280 3765 pliciter
297 3699 443 3752 adsistitur.
458 3699 526 3763 Quid
546 3699 644 3765 plura?
656 3699 802 3752 orantibus
815 3698 918 3765 quippe
938 3696 1085 3761 uniuersis,
1099 3695 1193 3749 divina
1213 3694 1295 3746 virtus
1313 3697 1376 3754 super

173 3799 246 3850 illam
260 3799 387 3851 miseram
404 3799 517 3852 caelitus
530 3799 659 3863 illabitur,
672 3798 872 3863 haerentesque
889 3796 999 3850 vasculo
1012 3808 1111 3849 manus
1132 3794 1242 3848 resoluit
1258 3790 1378 3858 protinosl

173 3897 222 3950 sed
242 3912 276 3951 ne
288 3898 376 3951 lallacl
389 3898 546 3950 simulatum
559 3896 688 3963 figmento
700 3896 729 3948 id
741 3901 894 3963 putaretur,
905 3901 1021 3962 utraque
1039 3894 1130 3961 pabna
1148 3900 1211 3947 cute
1229 3893 1319 3946 abacta
1329 3873 1408 3940 ειιειὸ5

174 4010 270 4051 eruore
280 3998 418 4050 decoriata
431 3997 574 4062 reperitur.
587 3997 630 4049 Sic
644 3998 733 4050 omnis
747 3998 945 4051 monachorum
959 3999 1062 4060 coetus,
1073 3993 1259 4062 evangelicum
1270 3993 1376 4058 hymnum

173 4095 399 4160 vespertinalibus
411 4094 479 4147 votis
492 4094 641 4160 alternans,
655 4095 732 4147 novis
745 4094 1006 4161 supervenientibus
1019 4093 1165 4159 incoeptos
1178 4089 1279 4145 destitit
1287 4085 1377 4156 jubilos.

174 4194 365 4261 angelicosque
391 4193 510 4246 vicissim
537 4199 689 4247 concentus
711 4193 835 4247 omnium
865 4194 1003 4247 bonorum
1032 4192 1192 4260 largitorem
1211 4180 1377 4245 conlaudando

178 4292 339 4357 frequentat,
361 4291 548 4344 exultantibus
560 4291 659 4344 animis
672 4293 751 4357 [ejus]
771 4291 921 4359 ingeminat
933 4291 1029 4344 laudes
1041 4291 1088 4358 qui
1108 4288 1271 4356 multiplices
1283 4285 1379 4338 meretur

178 4390 367 4442 sollemnitatis
379 4390 503 4443 obtinere
516 4391 645 4443 bonores.
1387 4366 1409 4421 ω

210 4486 242 4540 8.
255 4490 319 4553 Quis
330 4502 394 4558 ergo
405 4490 543 4555 popularis
555 4502 713 4555 concursus,
726 4490 822 4556 quisve
834 4489 947 4542 laudum
957 4492 1122 4555 concentus,
1136 4487 1199 4554 quis
1210 4490 1297 4540 tantae
1307 4481 1378 4534 laeua

179 4586 238 4639 diae
257 4589 394 4652 praeditus
409 4592 438 4640 ut
460 4588 550 4655 lingua
564 4592 723 4641 recensente
737 4587 824 4641 valeat
846 4587 981 4653 explicare
1003 4584 1163 4640 finetenus?
1174 4584 1266 4639 omnis
1284 4581 1378 4641 ΜΦ*
