3156 5452
277 374 279 376 ·
345 373 442 424 ana.
460 371 544 423 usa.
563 370 681 421 rums.
699 389 744 401 -
760 370 915 421 urrann.
934 369 982 418 ho
998 369 1075 420 oon.
1095 369 1170 419 ares.
1310 331 1377 419 289

144 547 323 613 adornasti,
338 547 427 614 Deus,
440 544 491 599 cui
502 544 609 599 omnia
623 545 776 598 elementa
792 544 982 623 deserviunt,
1000 543 1137 611 supplici
1142 554 1236 611 prece
1250 542 1377 610 deposco

141 648 179 700 ut
188 645 349 719 mundius
360 645 536 699 orationem
544 643 629 699 servi
641 643 698 713 tui,
709 645 739 697 et
748 643 919 697 visibiliter
927 642 1071 697 ostendas
1082 642 1272 696 invisibilem
1285 642 1378 695 ilium

142 747 318 814 serpentem
330 743 496 811 diabolum,
509 743 564 809 qui
584 744 720 797 latenter
740 741 875 796 humano
895 741 1005 809 peneri
1026 741 1209 809 insidiatur,
1222 743 1252 794 et
1272 753 1378 808 copno·

144 847 236 899 scant
248 856 354 898 omnes
367 845 470 911 pentes
481 841 556 908 quia
568 854 630 894 non
639 844 685 896 est
696 841 834 910 contusio
845 841 1044 909 sperantibus
1056 840 1091 894 in
1102 845 1140 894 te.
1151 843 1272 908 cumque
1284 841 1379 894 heatus

147 943 277 1011 Tryphon
289 943 442 995 orationem
454 940 625 1006 complesset,
633 940 775 994 confestim
788 939 914 994 diabolus
927 939 1053 1005 apparuit
1064 940 1093 993 in
1106 939 1197 1006 specie
1209 939 1285 992 canis
1297 939 1378 1007 nigri,

146 1042 262 1096 audam
276 1039 404 1094 habentis
423 1040 570 1094 demissam
591 1040 730 1094 deorsum.
753 1042 810 1104 Quo
829 1038 898 1103 viso,
911 1040 1023 1093 territus
1043 1041 1192 1106 imperator
1206 1040 1379 1111 orahatsan·

147 1145 216 1194 oum
223 1139 400 1208 Tryphonem
409 1144 440 1191 ιιι
449 1140 484 1192 ab
493 1139 554 1206 ejus
563 1142 713 1204 conspectu
718 1134 915 1204 Juheretiilum
923 1136 1126 1191 discedereoui
1135 1144 1243 1192 sanctus
1251 1137 1379 1206 Tryphon

148 1237 312 1308 respondit:
326 1238 387 1306 Epo
399 1236 604 1306 petitionibus
615 1216 679 1291 tuis
691 1238 751 1290 Deo
769 1237 890 1291 valente
899 1237 1007 1303 parui,
1026 1239 1062 1289 ut
1074 1237 1193 1292 diaboii
1210 1236 1379 1304 deformem

148 1342 173 1392 et
183 1338 335 1393 rabidam
348 1349 542 1405 eopnosceres
551 1337 692 1405 speeiem,
701 1338 730 1389 et
743 1335 869 1390 Domini
880 1350 943 1390 non
953 1337 1119 1404 ipnorares
1132 1335 1380 1391 uirtutemNam

146 1438 195 1506 pu·
207 1436 330 1491 diaboli
341 1437 532 1491 uoluntatem
552 1436 672 1503 fecerit,
695 1448 764 1490 cum
784 1436 889 1490 eodem
902 1435 1005 1503 ionem
1017 1438 1205 1504 perpetuum
1219 1433 1377 1503 aebennae

146 1534 332 1601 sustinebit3
354 1535 410 1602 qui
429 1548 502 1589 vero
518 1538 690 1603 praecepta
709 1534 766 1588 Dei
780 1536 965 1599 servaverit,
989 1535 1023 1588 in
1044 1537 1174 1589 aeterna
1186 1533 1380 1588 beatitudine

147 1648 214 1690 cum
225 1634 346 1689 sanctis
358 1634 557 1702 anpelissine
568 1633 633 1702 fine
644 1633 800 1702 pandebit.
814 1635 847 1686 ht
858 1635 896 1687 ait
908 1640 1019 1689 sanctus
1031 1635 1158 1710 Tryphon
1169 1632 1202 1687 ad
1215 1632 1356 1688 diabolum
1368 1648 1375 1685 :

147 1734 182 1788 ln
194 1734 323 1789 nomine
343 1733 454 1788 Patria
474 1736 504 1787 et
515 1733 594 1788 Filii
609 1735 639 1786 et
652 1733 790 1801 Spiritus
801 1734 915 1805 sancti,
933 1733 1055 1788 discede
1065 1746 1087 1788 a
1097 1736 1260 1801 conspectu
1272 1734 1378 1786 nostro

148 1834 303 1902 temler,
316 1835 347 1888 et
359 1833 393 1886 in
405 1833 528 1888 deserta
540 1835 570 1887 et
582 1832 678 1886 arida
690 1833 757 1888 loca
769 1832 910 1900 consiste,
923 1832 1017 1888 donec
1029 1836 1059 1887 te
1071 1845 1140 1887 cnm
1152 1832 1216 1886 tuis
1228 1831 1383 1900 complici·

148 1931 203 1987 bus
222 1931 307 2000 ionis
328 1934 489 1986 turtureus
505 1934 631 1986 exurat.
649 1934 770 1999 cumque
788 1938 899 1987 sanctus
920 1932 1047 1999 Tryphon
1064 1932 1131 1985 haec
1149 1930 1271 1999 dixisset,
1290 1930 1380 1984 statim

148 2030 273 2087 diabolus
284 2044 347 2084 cum
366 2031 471 2085 ulutatu
483 2018 582 2098 magno
594 2029 727 2084 discessit.
747 2032 822 2096 Quod
835 2031 931 2085 videns
949 2032 1096 2096 imperator
1114 2035 1140 2084 et
1154 2030 1243 2084 omnis
1262 2028 1380 2096 populus

148 2129 193 2196 qui
205 2129 311 2196 aderat,
325 2143 387 2184 cum
400 2129 497 2183 timore
509 2135 536 2182 et
554 2129 654 2197 gaudio
675 2142 774 2197 magno
786 2127 1006 2198 glorificaverunt
1023 2131 1119 2195 heum,
1134 2127 1257 2181 dicentes
1276 2142 1283 2179 :
1310 2127 1381 2181 Vere

148 2230 337 2296 maanusest
360 2229 438 2282 Deus
458 2227 541 2282 beuti
565 2227 747 2296 tryphonis,
759 2228 815 2294 qui
833 2230 924 2282 tantu
942 2226 1052 2281 tribuit
1071 2226 1268 2296 sperantibus
1291 2226 1325 2277 in
1336 2238 1379 2278 se.

150 2328 211 2381 lost
220 2328 289 2382 haec
300 2341 365 2382 vero
385 2329 486 2381 iterum
496 2332 575 2381 nocte
592 2328 627 2381 ab
639 2328 742 2396 angelis
758 2332 859 2397 raptus,
873 2328 949 2381 venit
959 2325 994 2380 ad
1006 2325 1227 2385 sansadocumen
1239 2325 1377 2379 civitatem

148 2439 233 2489 suam,
247 2427 276 2479 in
289 2439 343 2494 qua
356 2426 455 2480 multas
466 2427 579 2480 virtutes
591 2440 640 2493 per
651 2440 715 2480 eum
727 2427 859 2481 Dominus
878 2427 1066 2480 demonstrare
1084 2426 1273 2494 dignatusest,
1286 2424 1375 2478 donec

152 2523 286 2591 passionis
299 2531 408 2592 tempus
420 2524 539 2579 advenit.

182 2624 232 2679 18.
251 2627 356 2679 htortuo
378 2625 469 2692 itaque
490 2624 627 2679 Gordiano
648 2629 760 2678 Caesare
782 2638 855 2679 anno
868 2626 995 2679 vicesimo
1008 2625 1115 2692 quinto,
1130 2625 1271 2691 imperavit
1281 2623 1378 2687 Philip·

152 2737 217 2790 pus3
230 2724 278 2791 qui
290 2737 353 2778 cum
366 2725 394 2776 in
407 2724 510 2790 praelio
523 2725 617 2778 luisset
640 2726 784 2786 extinctus,
807 2725 938 2777 successit
955 2726 1014 2792 ejus
1033 2725 1147 2791 imperio
1163 2724 1259 2777 Decius
1272 2726 1378 2791 Caesar,

152 2826 190 2878 vis
200 2823 417 2878 crudelissimus.
433 2825 481 2877 iiic
493 2825 592 2879 multos
604 2827 705 2878 Itomae
715 2838 763 2891 per
775 2824 882 2878 diversa
894 2825 1025 2891 supplicia
1038 2825 1171 2878 cruciatos
1180 2823 1214 2877 ad
1225 2823 1380 2892 negandum

140 2949 142 2964 ι
155 2925 237 2977 baum
249 2923 381 2990 compulit
392 2925 428 2977 oh
440 2923 572 2976 sacrificia
586 2924 731 2979 idolorum.
745 2927 776 2977 ht
786 2937 843 2977 non
855 2929 1001 2979 contentus
1011 2925 1111 2978 Romae
1120 2930 1226 2977 tantum
1239 2924 1379 2992 sacrilegia

153 3035 296 3088 exercere,
316 3036 366 3090 per
386 3023 481 3076 orbem
502 3028 637 3076 terrarum
658 3023 806 3090 sacrilegas
828 3022 1015 3077 institutiones
1038 3024 1144 3090 omisit,
1163 3030 1193 3076 ut
1214 3024 1381 3090 quicumque

154 3124 235 3175 licum
248 3135 281 3175 ac
292 3123 439 3175 Dominum
451 3126 575 3176 nostrum
586 3125 679 3175 iesum
692 3123 829 3175 Christum
854 3135 956 3190 negare
972 3122 1137 3191 noluissent,
1155 3122 1269 3176 diuersis
1282 3123 1384 3175 crucia·

154 3222 224 3275 tihus
236 3221 408 3288 punirentur.
422 3220 606 3274 ludicesvero
627 3223 751 3276 omnium
773 3223 927 3290 regionum,
949 3223 1130 3288 suscipientes
1148 3227 1321 3288 praeceptum
1333 3222 1383 3273 im·
1455 3285 1460 3296 .

154 3321 297 3387 pontons,
311 3326 435 3387 prompte
448 3319 600 3387 implebant
611 3334 682 3388 quae
695 3321 735 3374 eis
752 3327 898 3388 praecepta
919 3321 1037 3375 fucrant
1052 3323 1135 3374 Erant
1147 3327 1236 3374 autem
1250 3322 1304 3375 iilis
1316 3326 1382 3375 tem-

153 3420 265 3486 poribus
278 3419 556 3486 praefectipraetorio
576 3420 696 3473 Orientis
717 3422 863 3485 Gracchus,
885 3421 1061 3485 Claudianus,
1075 3421 1236 3488 Aquilinus;
1254 3421 1383 3487 praelecti

154 3531 218 3572 sero
229 3516 383 3572 Occidentis
395 3518 543 3583 intensius,
556 3520 708 3584 Petronius,
722 3521 830 3572 Gratus.
851 3520 913 3572 Erat
930 3525 1022 3572 autem
1040 3520 1142 3573 homae
1155 3518 1252 3573 consul
1262 3520 1309 3585 qui
1319 3531 1382 3572 con-

155 3614 314 3670 testationes
327 3616 399 3669 Decii
412 3629 462 3683 per
474 3629 569 3670 omnes
584 3617 705 3671 civitates
717 3623 744 3670 et
756 3616 913 3682 provincias
926 3618 1118 3670 destinaverat.

186 3717 237 3769 14.
250 3718 317 3769 cum
331 3716 396 3769 haec
409 3717 445 3768 ita
458 3721 614 3783 agerentur,
628 3716 761 3783 perlatum
775 3717 863 3770 estad
876 3717 1041 3783 praelectum
1054 3716 1181 3782 Orientis,
1194 3715 1383 3770 fidelissimum

155 3814 200 3869 hei
210 3815 343 3868 ramulum
356 3817 529 3882 tryphonem
543 3816 571 3867 in
581 3816 782 3869 sansadocume
796 3829 971 3869 commanere
982 3832 988 3868 :
1000 3817 1173 3883 nequeenim
1183 3817 1265 3869 celari
1278 3819 1384 3882 poterat

152 3914 237 3982 gratia
250 3914 307 3977 bei,
321 3928 391 3980 quae
404 3927 452 3980 per
464 3915 565 3967 multas
577 3916 730 3981 provincias
750 3916 874 3982 piurimis
895 3915 975 3968 annis
995 3920 1118 3981 patuerat
1130 3916 1286 3968 ostensione
1300 3917 1382 3969 virtu·

153 4016 221 4066 tum.
235 4012 286 4074 Qui
299 4013 425 4078 protinus
438 4025 453 4065 a
465 4013 597 4066 militibus
609 4021 651 4066 cst
661 4016 875 4079 comprehensus
886 4018 937 4066 eta
947 4016 1085 4067 Frontone
1094 4015 1215 4080 quodam
1228 4014 1382 4080 praeposito

154 4111 226 4178 pacis
247 4112 454 4177 apameorum3
475 4111 522 4177 qui
541 4111 656 4178 ligantes
681 4125 744 4165 eum
771 4111 908 4165 duxerunt
933 4112 966 4165 ad
988 4112 1152 4178 praetectum
1174 4111 1330 4178 Aquilinum
1353 4111 1382 4164 in

153 4211 299 4263 Nicaenam
312 4210 458 4263 civitatem.
470 4214 590 4276 Cumque
602 4211 699 4264 ductus
712 4212 814 4277 luisset,
828 4211 981 4278 praefectus
994 4212 1022 4263 in
1036 4212 1153 4276 puhlicis
1165 4215 1222 4264 erat
1239 4213 1383 4265 necessita·

156 4309 227 4362 tibus
239 4315 396 4375 occupatus
407 4309 464 4362 Alia
473 4315 564 4363 autem
573 4309 619 4362 die
630 4310 744 4363 relatum
757 4317 797 4364 est
806 4311 942 4378 praesecto
952 4312 1180 4377 comprehensum
1190 4324 1249 4364 esse
1258 4317 1382 4363 sanctum

156 4404 345 4474 Tryphonem,
364 4409 410 4475 qui
420 4410 502 4474 iussit
514 4422 576 4461 eum
591 4410 746 4462 intromitti.
761 4414 883 4476 Cumque
904 4410 1076 4463 introductus
1098 4409 1204 4474 luisset,
1226 4410 1385 4463 scriniarius

158 4504 233 4559 oflicii
243 4508 327 4560 dixit:
343 4507 641 4575 Praeposituspaeis
657 4509 875 4575 apameorum,
892 4523 912 4562 a
924 4508 1149 4562 Sonsadocume
1160 4508 1293 4575 ueniens,
1316 4487 1385 4575 Try·

151 4604 283 4670 phanau
293 4605 445 4659 exhibuit.
458 4606 624 4659 Claudianus
633 4621 707 4675 vero,
725 4608 867 4674 Aquilinus
887 4613 915 4660 et
925 4608 1106 4672 Pompeianus
1118 4607 1246 4674 praelecti
1262 4612 1383 4661 astantes

192 4715 281 4757 cursu
303 4716 388 4757 esais.
408 4717 434 4757 τ.
454 4717 471 4757 ι.
1323 4709 1354 4760 ib
