3136 5482
183 315 246 382 160
518 334 643 387 canan.
664 332 765 382 cono.
786 331 959 381 uneroon.
979 329 1058 379 nar.

179 504 348 568 objectorum
361 507 389 556 et
401 502 564 569 injuriarum
577 507 652 557 tanto
674 501 809 556 sacerdoti
826 503 912 568 potuit
933 502 1015 563 obici,
1028 500 1076 555 sed
1091 504 1185 567 erepto
1204 498 1311 553 homini
1324 496 1412 550 reddi-

179 607 263 668 toque
274 602 324 654 sibi
338 603 443 668 copiam
456 603 589 656 libertatis
603 607 630 656 et
641 603 692 656 iter
704 601 833 657 coneedit
852 615 906 669 quo
918 601 999 655 vellet
1020 598 1104 653 eundi
1115 616 1124 666 ;
1137 611 1195 653 non
1208 597 1313 666 aliquid
1325 597 1411 650 laudis

179 714 235 754 non
248 702 382 755 mercedis
394 702 428 755 ab
440 715 473 756 eo
485 703 632 770 recipiens,
647 717 682 755 ne
695 704 772 769 quasi
794 702 907 754 verbum
923 700 970 755 bei
983 700 1054 753 torte
1069 697 1231 753 adulterans
1250 697 1409 751 transferret

178 803 322 868 gratuitam
342 802 401 868 ejus
412 802 602 855 liberalitatem
616 804 643 854 in
657 803 826 868 perniciosae
845 800 983 867 cupidinis
996 799 1155 867 pestiferam
1172 797 1310 861 fraudem,
1324 797 1407 850 sciens

179 902 274 969 utique
285 915 371 970 genus
383 903 534 956 humanum
547 903 580 956 de
598 903 697 970 laqueo
719 903 813 956 mortis
832 902 987 970 gratissima
1003 887 1293 954 Christi'miseratione
1312 897 1427 951 solumi

180 1002 260 1056 modo
272 1003 417 1056 liberatum
430 1008 457 1057 et
469 1003 556 1057 libero
570 1009 599 1057 ut
611 1004 686 1070 prius
707 1004 820 1057 arbitrio
838 1002 971 1056 donatum
985 1019 992 1055 ι
1006 1001 1050 1055 cui
1063 1006 1171 1055 tantum
1185 1004 1336 1067 spontanea
1354 1010 1400 1052 non

179 1106 271 1155 coacta
283 1103 453 1169 complacent
465 1103 655 1171 servitia,dum
666 1116 722 1157 non
732 1104 911 1170 quantitatem
923 1101 1056 1157 reddendi
1070 1101 1122 1155 sibi
1133 1101 1258 1155 muneris
1268 1099 1397 1167 approbat

179 1199 227 1254 sed
245 1199 371 1255 affectum
393 1200 494 1256 mentis
513 1201 697 1271 offerentium,
711 1204 801 1270 qualis
815 1204 851 1256 sit
871 1203 899 1255 in
918 1200 1050 1269 pondere,
1064 1206 1236 1267 compensat,
1248 1199 1340 1253 dicens
1352 1215 1359 1251 ε
1369 1198 1396 1251 ti

179 1301 261 1353 recte
271 1299 384 1366 offeras
395 1305 425 1355 et
436 1315 499 1355 cort
510 1305 592 1355 recte
604 1302 738 1370 divicias,
747 1302 896 1370 peccasti.
911 1303 995 1356 ilecto
1007 1300 1082 1355 enim
1098 1303 1153 1355 lteo
1174 1313 1279 1354 munus
1296 1296 1397 1354 oilertur

180 1412 242 1453 cum
263 1413 318 1455 non
338 1401 417 1455 aliter
436 1401 475 1454 illi
491 1414 573 1469 quam
594 1414 662 1469 pura
683 1403 784 1455 mentis
804 1403 958 1456 intentione
982 1402 1128 1455 exhibetur
1149 1417 1156 1454 :
1179 1400 1302 1468 alioquin
1321 1396 1434 1501 poentlff

179 1498 361 1552 damnationis
374 1501 464 1566 potius
476 1513 559 1567 quam
571 1501 691 1567 acceptio
703 1500 826 1555 muneris
839 1500 902 1554 talia
915 1500 1081 1554 iacientibus
1093 1504 1299 1566 compensatur.
1432 1554 1434 1573 Ι

214 1597 264 1650 ab.
283 1598 360 1661 Quod
393 1599 485 1666 itaque
508 1600 606 1652 christi
637 1599 778 1654 confessor
809 1601 951 1653 orieneius
977 1599 1212 1665 animadvertens,
1241 1595 1391 1664 permaximo
1431 1586 1434 1667 i

182 1701 314 1753 maeroris
325 1697 493 1753 alliciebatur
511 1701 610 1767 taedio,
624 1700 727 1768 diuque
745 1700 847 1754 ideirco
862 1699 1040 1767 apontiiioali
1052 1698 1212 1754 discedebat
1229 1697 1325 1766 oiilclo,
1336 1695 1391 1751 arbi·

44 1814 131 1869 *cop
187 1805 264 1853 trans
275 1799 361 1854 oculis
370 1801 478 1855 divinae
492 1802 640 1868 majestatis
652 1802 699 1855 tali
712 1802 874 1855 executione
883 1800 990 1870 [magis]
1003 1801 1148 1868 displicere
1157 1803 1178 1865 ·,
1188 1813 1272 1868 quam
1280 1798 1394 1867 acceptior

7 1881 341 1967 ¹1⁸D¹i⁰⁰f0¹·velgratus
361 1898 420 1954 fleri
441 1914 540 1968 posse;
563 1903 687 1969 quamuis
707 1902 767 1954 sine
787 1901 900 1969 querela
923 1901 1035 1968 dolique
1058 1899 1154 1954 fraude
1178 1904 1315 1954 constaret
1332 1897 1391 1951 itm

187 1999 278 2052 inesse
299 2005 326 2053 et
343 2001 573 2068 quemadmodum
595 2005 733 2067 oporteret
751 2014 813 2054 sese
833 2000 1103 2067 irreprebensibilem
1123 1998 1158 2052 ad
1179 1997 1276 2053 omnia
1293 1998 1392 2057 durent.

185 2095 269 2149 ctiam
290 2096 372 2150 talem
391 2110 475 2165 agens
496 2100 579 2152 vitam
591 2111 661 2166 quae
682 2100 809 2166 pastorali
822 2112 904 2153 curae
916 2099 997 2166 plene
1009 2099 1076 2152 satis
1088 2110 1227 2166 superque
1247 2096 1391 2155 conveniret,
1431 2124 1434 2151 ι

185 2196 285 2261 quippe
296 2196 342 2262 qui
364 2208 443 2249 verae
466 2196 519 2249 luci
540 2203 643 2264 quanto
664 2198 779 2252 vicinior
799 2197 889 2264 tiebat,
902 2201 979 2251 tanto
999 2210 1091 2252 mores
1113 2202 1142 2250 et
1161 2201 1241 2250 actus
1260 2207 1322 2251 suos
1334 2190 1392 2246 radit
1431 2202 1434 2271 t

128 2284 131 2288 ’
185 2295 297 2360 superni
310 2294 422 2347 luminis
434 2309 550 2364 arguens
563 2298 745 2351 examinabat.
761 2298 880 2366 ideoque
897 2311 953 2352 non
972 2298 1103 2351 idoneum
1121 2295 1192 2351 tanti
1213 2295 1313 2365 gradus
1323 2290 1393 2347 offitit
1432 2282 1434 2347 J

184 2393 360 2459 semetipsum
380 2395 568 2462 percensebat,
582 2395 735 2450 humillimo
756 2396 888 2463 baptistae
907 2397 1041 2450 iohannis
1061 2398 1142 2449 utens
1160 2394 1296 2461 exemplo,
1308 2391 1350 2460 qui
1364 2376 1434 2457 [Μ

186 2491 372 2545 sacerdotibus
384 2496 412 2545 et
424 2492 512 2546 levitis
525 2507 575 2559 per
587 2495 749 2549 Pharisaeos
761 2496 944 2563 interrogatus
956 2499 1047 2548 utrum
1060 2508 1091 2548 se
1102 2494 1241 2548 Christum
1254 2505 1289 2547 an
1301 2488 1393 2559 propit

98 2583 103 2595 '
122 2620 129 2635 ·
186 2595 241 2643 tarn
254 2605 314 2644 esse
325 2593 344 2655 ‘,
358 2605 414 2645 non
426 2593 514 2646 solum
527 2607 557 2647 se
574 2607 629 2648 non
643 2595 789 2663 Christum,
802 2596 992 2648 verumetiam
1005 2607 1057 2647 nec
1073 2593 1189 2663 dignum
1202 2591 1317 2647 asseruit
1326 2583 1392 2643 eorri·

184 2692 256 2758 giam
268 2693 374 2747 solvere
386 2694 445 2760 ejus
458 2694 703 2748 calceamentorum
718 2711 725 2747 ι
738 2700 904 2763 quapropter
915 2698 974 2763 ejus
986 2695 1099 2763 quidem
1112 2695 1270 2748 membrum
1281 2698 1307 2747 et
1314 2698 1393 2758 praeut

182 2806 238 2847 non
250 2793 284 2846 ab
296 2806 327 2847 re
339 2792 398 2847 lieri
410 2795 519 2860 meruit,
533 2797 610 2862 cujus
624 2809 724 2850 nomen
738 2795 871 2850 fallaciter·
885 2809 940 2850 non
953 2797 1101 2863 usurpavit.
1112 2796 1158 2848 Vir
1169 2807 1236 2864 ergo
1248 2794 1341 2848 beatus
1350 2799 1393 2857 qut

179 2890 325 2959 pontilicali
347 2892 479 2960 dignitate
492 2908 520 2947 sc
534 2896 623 2948 rninus
646 2895 760 2963 dignum
780 2895 974 2962 arbitrabatur,
988 2893 1151 2963 condignior
1163 2908 1179 2949 a
1192 2897 1248 2948 beo
1269 2888 1392 2959 praevide·
1405 2874 1434 2933 fl

180 2992 269 3044 batur.
284 2993 352 3044 ilinc
365 3006 483 3060 namque
495 2994 569 3047 sauli
581 2994 737 3049 dictumest
750 3011 757 3046 :
774 2995 847 3048 Cum
858 3008 937 3049 esses
949 2995 1084 3061 abjectus
1090 2996 1121 3048 et
1131 2992 1261 3047 humilis
1271 2993 1304 3045 in
1312 2988 1394 3044 oeulit

178 3091 250 3159 tuis,
263 3096 354 3159 caput
373 3095 402 3145 te
423 3093 458 3147 irc
468 3096 585 3161 popolo
597 3108 664 3150 meo
689 3099 847 3151 constitui.
863 3100 929 3152 ilinc
947 3097 1040 3163 bavid,
1054 3110 1117 3150 eum
1129 3097 1222 3150 nudus
1243 3100 1394 3149 aamercort

180 3192 284 3243 bomini
306 3191 407 3245 saltans
427 3194 595 3259 procederet,
610 3197 737 3248 meruita
752 3199 804 3251 ileo
825 3198 906 3251 Saule
930 3196 1073 3251 interiecto
1091 3195 1261 3265 magnificari
1273 3195 1302 3247 in
1314 3202 1396 3260 regno.

177 3290 333 3344 llumilitate
345 3294 443 3358 loseph
458 3293 583 3347 venditus
596 3294 690 3348 domui
704 3298 775 3364 regis
790 3302 933 3364 terraeque
945 3295 1056 3365 Aegypti
1071 3295 1187 3350 eftectus
1204 3300 1249 3349 est
1262 3294 1396 3354 domiuos;

178 3389 224 3440 ubi
237 3390 318 3442 etiam
331 3393 439 3457 copiose
452 3393 588 3446 frumenta
601 3396 794 3462 sapienterque
807 3396 979 3463 congregarit
988 3401 1015 3448 et
1027 3407 1042 3447 a
1056 3394 1135 3448 lamis
1148 3393 1242 3459 inopia
1255 3405 1311 3446 uon
1320 3376 1434 3443 solum&

178 3490 330 3556 Aegyptios,
350 3504 443 3544 terum
470 3493 551 3545 etiam
573 3492 734 3547 innumeros
755 3495 877 3561 gentium
898 3495 967 3548 alios
988 3494 1137 3560 prudenter
1157 3491 1295 3545 liberavit.
1315 3491 1401 3544 beatus

179 3589 298 3655 denique
319 3591 470 3658 orientius,
493 3593 622 3657 quoniam
644 3594 778 3660 pastorale
800 3595 922 3662 regimen
945 3594 1084 3659 suscipere
1105 3592 1246 3645 humiliter
1267 3588 1401 3649 mamni.

182 3702 310 3753 sponsam
322 3693 434 3759 superni
448 3695 517 3760 regis
531 3707 586 3747 non
607 3694 763 3748 adulterino
785 3696 928 3762 complexu
949 3694 998 3748 sed
1011 3696 1102 3748 divino
1121 3707 1215 3748 amore
1227 3693 1257 3745 io
1270 3693 1313 3745 sui
1324 3697 1405 3744 eusto-

182 3788 255 3842 diam
268 3803 408 3844 assumere
419 3795 578 3858 promeruit,
594 3799 749 3862 terramque
761 3797 883 3863 Aegypti,
897 3795 1092 3848 occidentalem
1113 3792 1242 3848 videlicet
1262 3793 1406 3860 regionem,

44 3906 52 3924 ·
124 3944 130 3957 ‚
187 3891 307 3944 tenebris
319 3897 347 3944 et
365 3894 497 3945 maeroris
518 3893 671 3960 ignorantia
690 3894 799 3959 plenam
820 3895 925 3948 Christo
947 3899 1029 3962 rege·
1040 3895 1155 3960 jubente
1182 3891 1325 3960 possidere
1336 3880 1434 3955 eique&

134 4007 140 4022 ·
187 3991 238 4043 sub
259 3992 360 4044 tributo
381 3992 483 4058 largitis
503 3992 671 4057 spiritalibus
692 3994 828 4046 alimentis
851 3995 987 4048 redactam
1010 3995 1044 4046 ab
1065 3999 1194 4047 aeternae
1218 3992 1301 4045 tamis
1324 3989 1412 4044 inedia

188 4089 303 4143 ritaliter
323 4089 449 4144 liberare.
463 4094 517 4144 Nee
537 4092 648 4159 quidem
670 4093 816 4158 immerito,
830 4095 961 4160 quoniam
981 4107 1037 4146 non
1058 4093 1112 4144 nisi
1124 4105 1175 4159 per
1191 4093 1295 4145 ostium
1309 4088 1413 4159 regredi

183 4197 298 4244 conatus
310 4197 352 4245 est
363 4193 390 4244 in
405 4192 476 4246 orile
487 4194 588 4256 ouium,
603 4205 659 4246 non
672 4200 769 4261 sponte
784 4195 831 4247 sed
846 4195 949 4262 ingenb
961 4194 1083 4249 devictus
1094 4193 1227 4260 petitione
1241 4192 1413 4259 populorum.

182 4291 258 4356 prius
271 4297 362 4344 tameo
383 4292 434 4344 hoe
454 4293 543 4357 ipsum
564 4307 612 4360 per
632 4306 767 4359 supernae
784 4293 970 4360 dispositionis
983 4293 1240 4346 manifestissimum
1257 4303 1412 4359 agnoscens

181 4389 325 4455 judicium.
335 4393 404 4444 llam
425 4390 469 4444 die
488 4391 618 4458 quadam,
632 4394 735 4459 positus
757 4394 785 4446 in
804 4394 912 4458 itinere,
925 4393 1066 4461 paululum
1081 4392 1258 4445 abomitibus
1271 4388 1434 4457 rastedensi

182 4489 212 4540 in
225 4495 327 4554 partem
340 4491 414 4544 solus
426 4491 538 4543 secessit
551 4507 557 4543 :
577 4492 623 4543 ubi
644 4491 717 4560 virga
738 4506 820 4559 quam
840 4506 921 4546 manu
939 4493 1050 4561 gerebat
1061 4492 1091 4544 in
1104 4491 1184 4544 terris
1197 4489 1298 4557 delixa,
1312 4504 1376 4544 sese
1386 4492 1416 4543 in

180 4588 333 4642 orationem
346 4590 490 4654 prostravit
502 4596 584 4657 atque
594 4592 700 4644 bomini
713 4592 883 4646 voluntatem
896 4605 979 4658 super
991 4591 1019 4644 id
1029 4591 1131 4659 negotii
1140 4589 1262 4657 adquod
1272 4592 1416 4657 petebatur
