3136 5482
261 361 355 410 eren.
374 361 457 412 nar.
478 362 594 414 ranis.
611 381 658 435 .··
672 362 826 414 aeruna.
845 364 892 413 an
909 361 987 413 con.
1005 360 1084 414 saro.
1223 345 1289 411 453

54 533 264 588 vociteratione.
286 537 406 599 Quorum
427 535 548 600 heiulatu
566 539 622 588 tota
642 535 741 587 vicinia
761 540 931 602 experrecta,
952 536 987 589 art
1009 535 1158 589 debentem
1176 534 1289 588 domurn

56 635 153 688 venire
165 635 303 687 festinant.
317 636 389 698 Quos
402 634 475 687 inter
486 635 528 687 eir
539 635 650 701 quidam
663 641 751 688 aetate
763 635 865 703 senior,
880 641 974 688 mente
985 634 1093 700 melior,
1104 632 1189 699 aiiuii,
1200 638 1290 686 ettam

57 734 150 801 magni
164 733 252 785 luctus
264 745 401 799 quaenam
421 745 503 786 causa
525 733 560 785 sit
581 732 727 801 diligenter
745 734 868 800 inquirit.
888 736 944 799 Qua
957 734 1064 802 cognita
1079 733 1222 800 oculisque
1233 745 1291 799 per·

56 835 160 899 specta,
182 831 391 885 vociferantium
411 832 544 885 clamores
564 834 654 899 coepit
675 846 862 900 compescere,
884 833 1013 900 quatinus
1036 846 1051 885 a
1073 832 1174 885 rustico
1195 836 1289 898 posset

23 934 40 987 tt
56 933 183 998 accipere
195 931 332 999 quomodo
344 932 396 984 sibi
407 931 459 984 tale
469 933 600 998 potuisset
608 933 767 1001 contingere
778 950 786 999 ;
797 941 825 986 ct
835 933 946 999 propius
957 931 1091 986 accedens
1102 932 1290 998 rusticumque

54 1032 239 1098 interrogans,
253 1031 290 1083 ait
308 1052 313 1081 :
330 1029 460 1098 infelice,
471 1031 541 1098 quis
552 1031 607 1084 tibi
619 1034 684 1084 tarn
695 1032 802 1086 diram
813 1032 1214 1099 crudelivulnereplapam
1234 1031 1289 1084 im-

52 1129 170 1199 posuit,
182 1128 316 1183 membro
324 1142 388 1197 qua
399 1129 444 1182 sis
455 1129 624 1183 mutilatus
635 1131 778 1199 adempto
787 1135 799 1182 t
808 1131 856 1184 ilie
867 1143 932 1184 vero
941 1131 1040 1184 uirtute
1053 1144 1106 1198 qua
1119 1131 1208 1196 potuit
1221 1131 1288 1184 haec

55 1229 185 1297 inquiens
197 1229 234 1282 ait
248 1245 255 1281 :
268 1228 339 1282 Non
350 1232 395 1282 est
408 1228 483 1283 haee
496 1228 618 1283 brachii
629 1230 690 1283 mei
701 1230 860 1297 separatio
873 1229 1033 1284 hominum
1043 1230 1174 1285 inimica
1181 1228 1287 1297 factio,

54 1341 165 1382 oerum
187 1326 226 1381 ab
248 1327 452 1395 omnipotenti
474 1328 635 1382 altissimo
667 1329 823 1397 candiana
845 1328 927 1397 sacti
953 1328 1130 1383 retributio.
1159 1329 1288 1382 Iustum

10 1429 42 1482 ib
56 1427 172 1496 quippe
182 1430 253 1481 erat
263 1429 299 1480 ut
311 1428 368 1481 illo
390 1428 567 1481 minoratus
590 1440 734 1481 cernerer
747 1427 880 1481 membra
891 1440 950 1495 quo
961 1430 1106 1482 sancium
1119 1426 1176 1481 Dei
1187 1425 1289 1492 famu·

58 1528 125 1581 lum
139 1539 200 1594 per
216 1527 430 1593 memetipsum
439 1525 632 1581 minoratum
644 1539 783 1597 apnosco.
797 1527 881 1580 Haec
892 1529 938 1581 cst
953 1526 1084 1595 superni
1099 1526 1286 1593 dispensata·

55 1627 101 1680 ris
120 1626 198 1680 talio
216 1626 416 1694 aequissima,
435 1625 473 1680 ab
491 1627 547 1679 illo
567 1628 725 1694 quondam
747 1626 958 1680 Hebraeorum
978 1626 1104 1681 auclore
1123 1628 1225 1679 mente
1240 1625 1286 1694 su·

55 1725 157 1779 manti
164 1725 400 1792 dictaminum
411 1723 560 1792 [actinon
568 1727 676 1779 reatus
684 1725 809 1779 modurn
818 1725 853 1777 in
862 1726 971 1778 memet
983 1723 1110 1778 directa.
1122 1725 1197 1778 Tunc
1207 1738 1282 1790 prae-

56 1824 126 1877 iatus
143 1823 237 1877 senior
249 1824 380 1877 rusticum
390 1824 558 1890 compellens
570 1824 607 1876 ait
620 1839 627 1874 ι
644 1823 722 1882 Quid
735 1821 807 1876 huic
818 1822 923 1876 simile
934 1821 1074 1890 cuipiam
1086 1822 1237 1890 intulisti,
1250 1825 1287 1876 ui

10 1923 43 1977 ib
56 1922 90 1978 ob
100 1924 134 1977 id
142 1926 328 1978 exenterare
340 1924 458 1978 taliorte
468 1923 568 1978 simili
577 1925 590 1978 t
600 1952 634 1962 -
646 1924 748 1991 Caper,
762 1924 851 1991 inquit
863 1924 919 1988 ilie,
930 1921 1030 1990 fateri
1038 1923 1120 1991 quoa
1131 1925 1210 1978 velle
1221 1922 1286 1992 suit
1395 1920 1402 1937 “

55 2021 213 2078 merendi.
225 2023 382 2091 Scriptum
393 2026 439 2077 est
450 2022 533 2078 enim
546 2040 580 2078 :a
600 2023 692 2078 Nihil
710 2025 852 2090 opertum
871 2023 953 2090 quali
971 2036 1034 2076 non
1050 2022 1242 2077 revelabitur
1255 2025 1285 2076 et

55 2122 212 2177 occultrnn
223 2123 305 2190 quoa
323 2133 387 2176 non
407 2122 533 2176 scietur.
546 2139 563 2170 n
580 2122 671 2176 Nosti
690 2120 842 2175 deicolam
861 2120 955 2174 illurn
966 2120 1092 2175 nomine
1108 2122 1283 2189 Raraunum,

54 2219 103 2276 hic
113 2221 275 2276 nobiscum
293 2220 611 2290 irreprehensibiliter
622 2223 850 2276 conversatum.
868 2219 927 2275 Hic
939 2221 1048 2275 carnis
1060 2221 1187 2275 vinculo
1199 2221 1285 2276 abso·

55 2320 157 2374 lutum
168 2322 256 2376 caelo
267 2334 361 2374 suum
372 2320 512 2374 reddidit
523 2321 682 2388 spiritum.
697 2321 829 2387 Cumqm
840 2319 982 2374 besterna
996 2320 1048 2372 die
1058 2319 1102 2373 aa
1112 2320 1180 2386 epus
1187 2321 1284 2374 venas·

10 2418 41 2471 Ι)
53 2432 115 2474 san
125 2421 312 2487 oratorium,
325 2419 435 2473 inveni
454 2419 546 2474 illum
557 2418 748 2488 defunctum.
767 2419 804 2472 m
822 2432 861 2472 ne
878 2420 1001 2486 longius
1010 2418 1210 2488 protraham,
1224 2419 1285 2473 heu

53 2530 100 2572 me
119 2519 280 2588 miserum,
301 2517 464 2573 brachium
484 2519 550 2584 eius
570 2518 716 2571 deeclrum
736 2516 774 2570 ab
792 2516 920 2571 humero
941 2516 1077 2585 sejunxi,
1098 2518 1285 2586 domumque

54 2619 210 2672 revertens
220 2629 322 2670 meam
334 2618 342 2636 ⁸
354 2628 474 2670 mecum
494 2615 628 2669 adduxi.
651 2618 773 2682 cumque
795 2615 887 2669 senior
906 2616 1036 2668 arustico
1049 2616 1111 2668 talia
1123 2616 1280 2681 accepisset,
1334 2615 1344 2636 ·

54 2717 95 2770 bis
105 2718 198 2771 verbis
210 2717 286 2770 ilium
299 2717 433 2770 allocutus
446 2722 487 2768 est
501 2733 507 2769 :
520 2715 590 2770 Heu
601 2715 706 2779 miser,
720 2717 853 2783 apparet
860 2716 976 2783 praem
987 2715 1079 2770 dubia
1094 2718 1123 2769 te
1134 2715 1283 2784 insipien-

54 2819 100 2872 ter
109 2816 209 2886 egisse
220 2819 249 2870 et
260 2816 377 2871 idcirco
388 2814 502 2883 absque
513 2815 584 2868 ulla
595 2814 747 2869 dilatione
758 2813 839 2869 hanc
851 2814 1022 2869 vindiciam
1034 2814 1068 2867 in
1081 2817 1110 2869 te
1121 2815 1280 2869 accidisse.

10 2913 40 2968 Β
55 2916 206 2976 Quocirca
218 2929 319 2970 unum
331 2914 387 2968 tibi
398 2917 497 2968 restat
508 2913 658 2984 effupium
671 2927 710 2967 ne
722 2916 804 2968 tatus
816 2913 963 2968 moeniae
975 2914 1010 2966 in
1019 2914 1192 2982 interitum,
1206 2915 1281 2969 Cun-

52 3015 229 3084 ctipotentis
240 3013 425 3081 quantocius
436 3025 571 3068 exorare
581 3012 830 3067 misericordiam
843 3015 877 3066 ul
889 3013 937 3066 lui
944 3015 1053 3068 reatus
1065 3013 1104 3067 ab
1116 3013 1172 3068 illo
1182 3026 1282 3068 conse·

53 3113 218 3182 quipassis
230 3112 469 3180 indulgentiam.
482 3112 536 3165 Est
547 3112 631 3164 enim
645 3111 698 3164 ille
715 3111 895 3165 misericors
906 3112 1101 3180 etpropitius
1112 3115 1208 3180 alque
1219 3113 1282 3166 tuis

48 3211 276 3281 propitiabitur
293 3209 524 3277 iniquitatibus.
537 3210 632 3276 Surge
643 3221 714 3276 erpa
726 3211 755 3262 et
768 3209 853 3273 justi
864 3210 930 3262 oiri
940 3210 1111 3264 membrum
1123 3212 1167 3266 ad
1181 3213 1282 3267 locum

54 3313 137 3367 uncie
147 3311 290 3366 detulisti
301 3310 416 3378 absque
431 3311 500 3364 ulta
509 3309 663 3362 dilatione
675 3311 810 3376 reporta.
830 3311 929 3363 Tuum
946 3323 1018 3364 vero
1030 3310 1195 3366 brachium
1203 3314 1279 3366 stro·

10 3408 39 3462 Β
49 3411 125 3481 phio
137 3424 299 3465 annexum
310 3412 374 3465 loco
386 3423 442 3464 suo
461 3408 686 3464 collocabimus.
711 3409 748 3462 Et
767 3421 824 3461 nos
837 3411 937 3463 tecum
954 3409 997 3462 aa
1005 3423 1101 3477 usque
1111 3411 1215 3465 sancti
1225 3413 1282 3465 cel·

53 3511 118 3566 lam
128 3511 228 3565 Deum
238 3509 384 3576 rogaturi
395 3508 518 3571 ibimus,
529 3510 565 3562 ut
577 3507 611 3560 in
621 3509 650 3560 te
656 3505 758 3574 faciat
767 3506 1027 3576 misericordiam,
1037 3507 1184 3577 nobisque
1192 3510 1284 3565 donet

49 3612 249 3678 pcccatorum
268 3609 401 3663 reniam.
413 3611 535 3675 cumque
554 3606 727 3674 supradictus
748 3605 867 3661 ruricola
887 3608 921 3660 ad
942 3608 1039 3661 celiam
1060 3611 1146 3661 sancti
1159 3610 1284 3676 plurimis

52 3709 246 3764 comitantibus
260 3709 435 3775 pervenisset,
446 3707 609 3760 sanctissimi
622 3707 728 3759 Ronani
741 3706 883 3761 brachium
894 3707 931 3759 ibi
942 3709 1053 3774 ponitur
1064 3707 1139 3762 unde
1147 3710 1285 3763 abscisum

53 3809 136 3863 inisse
153 3808 315 3874 dinoscitur,
329 3813 356 3861 et
372 3807 445 3861 dicto
457 3807 537 3860 citius
549 3808 656 3860 unitum
669 3805 698 3857 iit
710 3806 785 3859 carni
797 3807 920 3873 reliquae
937 3806 1078 3861 divinitus.
1098 3812 1174 3863 Tunc
1192 3812 1283 3864 cuncti

10 3900 36 3956 B
52 3909 217 3964 humotenus
228 3909 355 3976 prostrati
367 3920 493 3975 corpora,
506 3906 705 3973 omnipotentis
717 3910 831 3959 exorant
842 3904 978 3975 suffragia,
989 3914 1018 3961 ut
1030 3921 1084 3976 qua
1102 3911 1153 3962 scit
1173 3910 1283 3965 famulis

53 4008 203 4062 auxilietur
222 4020 284 4074 ope.
306 4009 412 4061 interea
422 4006 487 4061 dum
497 4006 629 4060 orationis
640 4003 763 4058 tenditur
772 4005 921 4071 proliritas,
935 4009 1186 4062 somnusrusticum
1195 4012 1284 4079 oppri-

53 4109 141 4162 mitet
153 4108 230 4160 illum
243 4107 385 4175 paululum
397 4107 517 4162 dormire
538 4105 679 4172 compulit.
698 4107 774 4157 Tunc
788 4104 873 4171 ipsius
891 4106 1033 4160 brachium
1048 4107 1107 4162 loco
1120 4122 1170 4163 suo
1184 4109 1220 4164 ita
1234 4111 1284 4164 suit

52 4208 230 4273 conjunctum
239 4212 270 4260 ut
279 4207 374 4262 nutlo'
386 4207 455 4260 risui
468 4213 540 4260 esset
551 4207 689 4273 cognitum
701 4218 756 4273 quo
777 4206 805 4258 in
828 4205 888 4261 loco
901 4205 998 4260 suisset
1010 4213 1091 4262 antea
1103 4208 1280 4277 disjunctum.
1342 4214 1352 4234 ·
1386 4209 1392 4223 ’

51 4307 154 4360 omira
166 4306 213 4358 bei
226 4312 289 4375 erga
301 4306 426 4360 homines
438 4305 592 4358 clementia.
606 4305 655 4368 Qui
670 4309 752 4358 terret
764 4306 859 4372 parcit,
873 4306 919 4373 qui
938 4307 1056 4372 percutit
1074 4308 1133 4376 ipse
1145 4310 1280 4366 medetur.

10 4403 36 4458 h
49 4405 232 4472 surgentibus
243 4406 352 4458 tandem
364 4404 470 4457 cunctis
481 4405 516 4457 ab
526 4404 649 4457 oratione
662 4403 783 4470 quicum
797 4404 897 4458 rustico
916 4404 1106 4458 adoratorium
1120 4410 1206 4461 sancti
1220 4423 1283 4463 con·

45 4508 194 4569 venerant,
208 4503 266 4568 ipse
284 4503 373 4556 somni
386 4502 566 4568 oppressione
587 4501 719 4569 levigatus
739 4507 790 4554 est.
810 4501 859 4565 Qui
879 4501 984 4554 nulium
997 4503 1120 4558 dolorem
1139 4506 1168 4559 in
1181 4512 1284 4562 somate

43 4603 184 4665 sentiens,
198 4601 248 4655 sed
261 4615 323 4655 cum
335 4600 511 4669 surgentibus
523 4613 649 4668 surgens,
672 4599 713 4651 nis
735 4599 941 4654 circumstantes
952 4600 1087 4657 allocutus
1099 4611 1150 4672 est,
1167 4604 1283 4660 dicensi
