3136 5482
179 325 246 391 360
395 322 400 328 ’
523 343 648 395 caran.
668 344 1063 398 cooo.naoroon.1.ar.

179 516 269 564 autem
281 524 344 564 curn
357 512 475 566 lacrimis
488 526 538 579 pro
550 527 584 566 co
596 514 741 567 bominum
754 527 849 582 rogare
861 515 1020 582 sospitent
1035 515 1137 570 iterum
1149 515 1245 570 beatus
1259 518 1374 573 linarias

179 610 246 663 dixit
259 626 265 662 :
280 612 408 666 Domine
419 612 465 666 mi
470 615 574 681 pater,
587 613 617 666 si
627 612 711 681 [non]
717 627 848 682 possam
869 614 1026 669 sustinere
1040 617 1206 684 tormenta,
1219 618 1373 686 conrecibio

181 711 350 765 mercedem
370 711 404 764 in
423 713 518 766 caeto.
532 713 582 766 cui
602 713 697 766 beatus
717 716 809 767 iustus
830 714 972 780 respondit
989 714 1134 769 :satine
1154 717 1163 735 '
1180 718 1211 769 et
1223 719 1318 784 porta,
1329 717 1370 784 tii,

182 811 344 878 tormenta,
358 810 434 878 qaia
446 811 597 864 Dominae
607 815 713 865 noster
724 812 815 866 Jesns
835 811 985 882 cbristus,
998 813 1075 867 dnm
1086 816 1166 868 esset
1177 814 1212 868 in
1222 827 1314 883 eante,
1319 829 1370 884 pm·

177 923 232 964 sus
247 913 360 978 estpro
371 910 478 978 nobis,·
489 913 520 964 et
530 924 587 965 rios
593 913 762 980 patiamur
776 925 848 967 cnm
860 913 926 967 iilo.
939 912 1030 966 Nibii
1039 912 1124 967 enim
1135 916 1182 968 est
1192 914 1390 980 mandasmei

177 1012 295 1082 fitiote,·
307 1014 469 1079 tamquam
484 1013 594 1081 patuis
608 1014 773 1080 paulatim
791 1013 996 1082 corisnmitnr,
1009 1016 1039 1068 et
1057 1013 1146 1077 nabis
1164 1014 1297 1069 omnim
1313 1027 1369 1069 mors

176 1110 373 1179 nepoposiro
385 1114 431 1164 est
443 1130 451 1166 .·
464 1114 582 1178 oportet
593 1112 676 1165 enim
688 1112 817 1180 impleri
827 1112 912 1165 ittnot
924 1112 1006 1179 quod
1016 1111 1137 1166 dictam
1152 1115 1200 1167 est
1207 1113 1293 1181 patri
1305 1111 1368 1166 boni·

177 1224 263 1265 num.
271 1211 373 1275 Quibus
386 1212 452 1264 baec
464 1211 650 1278 loquentibus,
661 1225 712 1266 vox
723 1212 758 1264 de
770 1211 847 1264 caelo
859 1212 928 1264 iacta
938 1216 979 1264 est
988 1210 1022 1263 ad
1032 1223 1089 1277 eas,
1098 1210 1211 1266 dicens:
1225 1212 1258 1266 Ut
1267 1211 1368 1280 onitin

177 1311 284 1365 bitatis
295 1313 325 1364 et
336 1322 400 1364 non
411 1310 541 1364 creditis
552 1312 681 1365 Domino
693 1313 753 1366 Deo
765 1311 1066 1379 oestrotqnipotens
1076 1313 1124 1365 est
1134 1311 1275 1366 miserm
1283 1310 1368 1366 minet

177 1411 318 1478 eripe[re]
331 1423 382 1464 vos
394 1411 432 1463 eie
444 1423 542 1464 mann
564 1411 695 1477 tyranni
700 1411 872 1479 praesidis,
885 1411 961 1479 qnia
981 1412 1064 1465 Deus
1075 1411 1242 1466 miserator
1250 1414 1278 1466 et
1286 1408 1368 1465 miei·
1377 1406 1396 1458 it

178 1523 248 1566 cors
259 1512 315 1578 est,
329 1510 384 1578 qni
400 1510 530 1578 respicit
541 1523 637 1578 saper
648 1523 753 1565 servos
772 1522 846 1565 snos
865 1513 894 1564 et
916 1524 1012 1579 snper
1023 1523 1130 1566 omnes
1142 1510 1278 1566 timenter
1286 1523 1320 1565 ae.
1332 1508 1367 1561 ior

178 1612 285 1664 annm
304 1609 473 1677 relinquite
489 1611 652 1664 saeculnm
671 1612 701 1662 et
718 1609 819 1663 venite
838 1609 882 1663 ad
897 1621 996 1678 repna
1013 1610 1174 1664 caetorum
1184 1627 1194 1677 ,·
1206 1604 1368 1665 ascendite

178 1709 311 1778 accipite
321 1721 454 1763 coronas
466 1707 671 1776 confessionis
681 1711 803 1763 vestrae
814 1727 824 1764 .·
836 1721 913 1777 opas
924 1721 978 1764 vos
989 1707 1080 1763 babet
1090 1709 1197 1776 Pater,
1210 1707 1368 1764 cenoman

178 1808 277 1862 sinim
288 1808 417 1861 occultet.
431 1809 485 1860 Vox
497 1806 608 1874 quidem
620 1806 799 1874 audiebatur3
812 1808 859 1874 qui
882 1812 973 1861 autera
994 1808 1160 1876 loquebatur
1178 1821 1235 1862 non
1251 1804 1367 1874 apparebit

178 1911 254 1961 Tunc
266 1906 354 1959 sancti
366 1911 499 1973 martyres
512 1906 653 1960 audientes
665 1907 812 1960 dixerunt:
826 1906 1044 1962 Bcnedieimus
1062 1909 1099 1974 te,
1114 1908 1198 1962 Deus
1207 1904 1340 1962 tormen
1349 1901 1367 1955 ii
1377 1898 1395 1950 13

179 2007 359 2060 Deiaisaac
370 2009 400 2060 et
411 2007 493 2059 Dens
504 2005 596 2060 Jacob
608 2009 637 2060 et
650 2006 730 2060 Deris
741 2006 792 2059 aii
798 2004 1027 2074 prophetaram
1041 2009 1071 2061 et
1079 2004 1367 2075 oiipatriercbarm

167 2106 234 2173 'qni
253 2118 317 2160 non
336 2105 533 2172 dereliquisti
553 2118 619 2173 nos,
632 2105 686 2159 sed
697 2105 862 2161 custodisti
873 2106 1001 2160 animas
1011 2109 1139 2161 nostras
1150 2106 1287 2175 usquein
1297 2105 1368 2174 fiiri

181 2206 283 2270 Quibus
296 2206 362 2258 haee
375 2206 525 2271 orantibus,
541 2206 664 2258 caminus
684 2207 751 2259 hora
771 2211 906 2260 transacta
919 2207 1054 2260 extinctus
1072 2211 1123 2273 est,
1145 2213 1174 2261 et
1193 2207 1278 2261 amab
1295 2205 1369 2259 aun

182 2306 303 2360 evanuit.
316 2309 347 2359 Et
363 2320 414 2360 vox
434 2307 533 2360 iterum
553 2306 588 2359 de
599 2306 674 2360 eaelo
688 2307 756 2359 tacta
776 2306 811 2360 ad
832 2318 889 2375 eos,
903 2306 999 2359 dicens
1011 2321 1018 2358 :
1032 2306 1109 2361 Eece
1124 2308 1305 2375 apertianrtt
1316 2298 1370 2358 obiit

183 2405 274 2474 caeti,
287 2408 316 2459 et
328 2405 464 2474 introite,
482 2405 587 2459 sancti
605 2405 669 2471 Dei,
682 2407 711 2458 et
732 2403 947 2459 babitaculum
958 2405 1086 2472 patris;
1098 2391 1399 2474 relinquiteoorprss

180 2508 284 2559 vestra
303 2508 416 2573 terrae,
435 2505 511 2573 qnia
525 2505 564 2559 cie
584 2507 671 2558 terra
682 2506 860 2574 suricinii
879 2507 985 2559 autem
1004 2505 1044 2559 de
1062 2508 1150 2559 terra
1171 2509 1219 2560 eat
1237 2505 1269 2559 in
1286 2507 1370 2559 errat

181 2603 277 2671 vadit,
290 2606 320 2657 et
332 2604 412 2671 quot
424 2604 463 2657 eie
479 2605 565 2658 caeto
577 2606 623 2658 est
635 2605 677 2658 aa
696 2605 819 2659 caeinm
840 2603 906 2658 ibit.
919 2605 1052 2658 Praeses
1069 2607 1177 2660 annm
1195 2596 1372 2672 ἰννωιπωὰν

179 2703 325 2770 preditnr
334 2704 436 2771 iontem
448 2707 620 2772 aeternnm,
634 2704 669 2758 in
682 2706 782 2759 tecam
795 2704 909 2772 abyssi,
922 2704 978 2771 oei
988 2704 1020 2758 ei
1025 2707 1246 2773 praeparabis
1256 2706 1305 2759 eet
1351 2710 1356 2721 ·

153 2820 163 2843 ·
216 2804 248 2856 5.
261 2806 337 2857 Tunc
356 2804 445 2856 omnis
465 2803 584 2870 populus
603 2804 704 2872 gratias
722 2804 776 2872 egit
796 2807 860 2870 beo,
873 2804 989 2857 dicens:
1008 2802 1101 2857 iiiiii
1119 2806 1167 2859 est
1186 2804 1245 2874 sai,
1263 2796 1373 2858 enitet

182 2903 265 2958 iovis
277 2902 431 2957 Herculis.
444 2902 533 2957 Scins
544 2915 616 2957 vere
626 2917 759 2970 mapnns
776 2903 926 2957 Dominus
943 2905 1049 2958 noster
1060 2903 1143 2957 Dens
1154 2887 1406 2958 christianam!

182 3008 258 3057 Tune
270 3015 379 3068 praeses
391 3002 521 3055 contusus
534 3008 583 3067 est,
596 3003 728 3056 etvidens
740 3016 769 3055 se
782 3016 860 3055 reum
873 3003 901 3055 in
914 3003 1052 3068 omnibus,
1065 3002 1135 3056 dixit
1148 3018 1156 3056 ε
1173 3003 1219 3056 Hi
1233 3014 1328 3058 omnes
1340 2992 1377 3051 ati

183 3101 269 3167 mapi
279 3103 354 3154 sant
371 3104 428 3154 ant
438 3101 586 3170 malefici,
599 3099 696 3168 qnia]
707 3113 771 3154 non
782 3100 933 3166 coniinpit
944 3112 995 3154 eos
1007 3100 1099 3168 ionis,
1117 3103 1176 3155 ant
1187 3103 1268 3156 certe
1277 3102 1380 3167 mpii}
1439 3166 1442 3193 Ι

182 3203 229 3253 est
239 3201 320 3254 Dens
336 3199 592 3254 christianornm.
606 3203 638 3252 Et
646 3200 727 3267 jussit
738 3213 785 3253 eos
797 3213 907 3267 praeses
918 3206 948 3254 ut
960 3201 1117 3254 eicerentur
1128 3201 1165 3255 de
1177 3203 1293 3257 camino.
1305 3203 1385 3254 unu
1439 3210 1442 3223 ¹

183 3300 355 3365 aperuissent
366 3300 513 3367 caminum,
527 3300 692 3352 invenerunt
712 3298 840 3368 trigidum
861 3300 931 3353 sicut
942 3299 1082 3366 Ninivem3
1096 3306 1125 3354 et
1141 3313 1200 3355 nou
1220 3294 1389 3357 conaminatii

184 3400 291 3452 flamma
303 3399 463 3452 vestimenta
476 3412 572 3451 eorum
585 3412 675 3465 neque
687 3398 815 3465 capillum
828 3399 924 3465 eapitis
935 3412 1032 3452 eorum
1044 3401 1169 3468 contigit,
1184 3402 1235 3456 sed
1246 3403 1323 3456 amba
1333 3391 1427 3469 quast

183 3501 212 3551 in
230 3511 286 3551 uno
298 3499 367 3550 lecto
386 3499 422 3551 iia
440 3503 517 3551 erant
538 3498 626 3563 positi,
640 3503 666 3552 et
687 3498 882 3552 circumvoluta
902 3503 981 3551 erant
1001 3511 1119 3565 corpora
1139 3498 1399 3556 sanctorunomnis

188 3601 277 3650 autem
290 3597 408 3663 populus
422 3597 487 3648 baec
500 3596 595 3649 ridens
608 3597 696 3662 coepit
715 3596 1066 3663 [bene1dicereborninurn
1079 3605 1108 3651 et
1119 3599 1243 3655 conditis
1254 3601 1405 3656 aromatibus

184 3693 352 3762 sepelierunt
371 3708 420 3747 eos
440 3695 467 3746 in
490 3694 567 3747 novis
588 3694 729 3761 sepulcris.
746 3695 877 3748 bominus
898 3700 989 3749 autem
1010 3698 1134 3764 suscepit
1155 3704 1294 3770 martyres
1313 3700 1409 3756 suasio

183 3808 270 3861 pace:
286 3795 329 3847 eui
343 3800 383 3848 est
396 3797 484 3849 bonor
495 3799 523 3848 et
533 3796 628 3863 gioria,
638 3796 723 3849 virtus
735 3802 761 3849 et
773 3801 902 3862 potestas,
913 3812 975 3851 curn
989 3801 1066 3853 Patre
1085 3805 1113 3854 et
1126 3801 1239 3868 spiritu
1255 3811 1351 3860 saneto
1361 3804 1415 3858 iiiii

183 3899 210 3948 ei
222 3901 317 3962 regnat
329 3896 357 3947 in
370 3894 477 3948 saccula
491 3895 672 3948 saeculorum.
685 3897 781 3948 Amen.

424 4318 527 4405 cai.
550 4316 674 4407 Codex
695 4321 885 4430 signatus
905 4349 1018 4413 num.
1044 4324 1175 4420 3815.

214 4527 283 4579 Oiirn
296 4522 554 4597 colbertinum,
568 4532 669 4586 deinde
681 4536 780 4601 Regius
792 4537 820 4587 C.
835 4538 910 4590 itii.
925 4539 950 4590 2.

187 4656 190 4661 -
213 4627 350 4681 Foliorum
366 4632 422 4695 185,
435 4632 498 4696 maj.
512 4633 715 4703 (immitit),
732 4636 867 4693 columnis
879 4639 962 4706 binis,
976 4646 1104 4697 exaratus
1117 4656 1198 4704 saec.
1214 4652 1284 4704 xiv.
