3136 5482
351 333 444 382 BIBL.
461 332 545 384 Nau.
566 333 680 384 PARIS.
700 352 745 365 -·
761 334 916 385 berullo.
935 335 983 384 Ab
1000 333 1078 383 cob.
1097 331 1168 383 2717.

354 502 401 555 En
414 505 471 556 tua
481 502 543 556 rite
549 505 639 571 palei
650 503 745 556 nimis
757 503 950 570 accipientia,
960 516 1103 570 praeses,

357 601 416 660 Qui
427 603 502 654 dum
515 602 679 655 tantillum
691 602 770 655 milii
778 604 925 670 temporis
936 603 1037 670 affore
1047 615 1175 657 cursum

356 700 479 763 Certum,
492 713 555 753 nou
567 698 705 766 iiu'mrcrn,
719 701 773 752 sed
783 703 812 753 ei
826 700 915 754 utilis
926 701 969 752 cccl
980 700 1168 766 sapiendum

351 798 420 851 Nou
430 798 548 864 uidear,
561 798 688 865 quaeris
699 812 855 865 <picaenum
862 798 1036 865 prudentia
1049 800 1140 850 inicio

359 897 479 951 Venerit
490 912 507 951 e
518 899 613 964 eccela,
623 899 705 951 alniis
717 898 792 952 linea
804 899 988 953 decremento
997 900 1115 966 parelio.

352 999 454 1063 Impius
465 997 567 1049 auditis
580 1001 645 1050 tunc
658 1010 768 1064 praeses
782 999 857 1051 bisce
870 998 972 1062 relatis,

351 1097 412 1147 llox
424 1095 597 1148 dementatus
611 1095 751 1162 nimioque
763 1095 856 1148 iurorc
868 1096 999 1161 repletus,

352 1196 438 1247 lussit
455 1209 519 1247 eum
531 1195 622 1262 flagris
635 1195 711 1248 caedi
723 1195 901 1248 vehementer
913 1196 1029 1248 acerbis.

258 1297 350 1348 vlu.
386 1295 405 1345 0
418 1294 508 1347 rabies
520 1293 633 1347 infanda
646 1294 702 1360 lupi
714 1294 862 1360 feritasque
875 1293 981 1360 tyranni
994 1296 1000 1343 t

352 1396 405 1446 Cur
417 1393 650 1458 concambium,
664 1397 718 1446 mm
729 1393 804 1460 parvi
816 1395 947 1460 temporis
964 1398 1053 1446 ortum

351 1495 381 1544 ln
394 1507 424 1545 se
436 1497 598 1561 gestantem,
611 1499 667 1546 tam
680 1493 792 1560 paruula
804 1491 928 1544 membra
939 1497 1089 1558 gerentem,

348 1592 591 1661 llppllcuitllagris‚
605 1594 649 1646 cui
664 1593 768 1661 virgula
782 1600 821 1645 sat
837 1592 907 1645 soret
919 1594 994 1643 unat

352 1696 425 1757 Quae
437 1694 526 1746 subito
539 1699 666 1746 tenerum
678 1705 777 1759 corpus
795 1693 873 1745 daret
881 1691 1062 1749 illaceratum,

351 1790 440 1843 Gratia
451 1790 577 1844 caelestis
591 1792 642 1844 nisi
652 1792 776 1845 consonet
788 1791 955 1847 auxiliatrix,

353 1893 481 1943 llactatae
493 1891 584 1944 carnis
596 1893 697 1957 pariter
711 1892 786 1945 lieret
798 1891 957 1958 reparatrix.

352 1992 472 2056 Namque
485 1989 635 2058 flagellatus
647 1990 713 2044 dum
726 1993 871 2057 respiraret
883 1991 1008 2055 anhelus,

351 2090 382 2140 ln
395 2089 498 2142 caelum
511 2102 611 2155 parvos
623 2089 717 2143 oculos
730 2103 883 2157 parvosque
894 2090 1011 2143 lacertos

351 2188 488 2255 Tendens,
502 2189 560 2256 ipse
572 2203 652 2243 suum
664 2190 736 2243 uires
748 2191 877 2255 poscebat
889 2189 992 2255 asylum

351 2289 498 2356 Christum,
509 2303 563 2356 quo
578 2303 625 2356 pro
638 2303 667 2343 se
679 2304 728 2343 rex
741 2305 859 2358 pugnam
872 2298 991 2343 sumeret
1002 2290 1057 2342 illc.

349 2391 417 2439 Tum
429 2390 586 2455 Reparatoli
599 2391 709 2457 proprio
720 2390 788 2442 dans
801 2391 883 2442 corde
895 2389 989 2442 libenti

346 2492 449 2555 Grates,
460 2493 486 2541 et
498 2489 610 2542 laudum
622 2504 723 2543 munus
735 2467 871 2543 clamabat
883 2489 917 2542 ad
930 2489 1029 2555 ipsum.

348 2588 462 2655 Christe,
472 2588 522 2641 tibi
535 2589 642 2654 laudes,
656 2591 722 2643 dare
734 2604 784 2643 nos
796 2589 968 2642 contlictibus
981 2588 1079 2650 audes,

350 2689 493 2742 llssocians
505 2688 577 2742 vitae
588 2694 722 2756 quotquot
735 2694 854 2756 perstant
866 2688 915 2742 tibi
929 2690 990 2742 rite.

347 2789 462 2853 Spiritus
474 2802 510 2841 en
523 2795 616 2843 noster
629 2794 664 2853 te,
678 2803 736 2852 rex,
750 2788 890 2842 benedicit
902 2793 1018 2841 oranter

350 2889 499 2963 Nostraque
512 2888 578 2941 dant
591 2889 701 2942 laudem
714 2888 763 2941 tibi
776 2889 878 2940 viscera
891 2889 1094 2950 convenienter,

351 2988 483 3040 virtutum
495 2988 616 3051 domine,
632 2989 680 3055 qui
689 3002 739 3054 pro
752 2993 778 3040 te
791 2988 863 3040 bella
875 2988 981 3055 gerenti

350 3086 460 3140 lnilrmo
471 3088 567 3140 tribuis
581 3089 689 3140 virtutis
701 3088 771 3141 dona
784 3087 912 3140 salubris.

351 3187 451 3239 lctibus
462 3193 491 3239 at
503 3187 569 3239 diris
579 3188 713 3241 insultans
726 3193 808 3254 alque
822 3187 945 3255 flagellis,

349 3287 449 3338 bicitur
461 3286 521 3352 ipse
534 3300 601 3353 puer
613 3289 681 3340 baec
690 3288 774 3339 uerba
786 3299 885 3339 sonare
899 3287 1057 3351 frequenter
1071 3301 1077 3335 :

354 3383 482 3438 Verbera
494 3385 603 3439 crebra
615 3388 697 3453 daie,
711 3385 814 3452 fateor
825 3397 874 3437 mc
885 3383 1098 3437 christicolam
1110 3397 1182 3436 osse.

348 3481 423 3545 Quod
436 3481 502 3536 (lum
516 3497 582 3537 uoce
594 3486 636 3550 pla
652 3498 730 3537 sacer
743 3486 832 3537 inians
843 3485 1033 3552 ingeminaret.

347 3582 421 3633 vires
434 3583 525 3634 carnis
537 3584 561 3636 ei
575 3584 720 3648 reparabat
730 3584 816 3650 gratia
831 3582 929 3634 curisti
945 3599 950 3633 :

346 3682 472 3745 Corporis
484 3688 511 3735 et
523 3682 613 3736 cordis
626 3697 690 3735 nam
708 3683 876 3748 suspiciebat
890 3681 992 3735 ocellis.

233 3781 343 3833 vnn.
380 3783 446 3833 llcce
459 3781 529 3834 redit
542 3783 625 3834 menti
639 3782 780 3848 cujusdam
795 3781 886 3834 sabula
901 3782 962 3832 lami

346 3877 423 3942 Quod
436 3880 521 3932 fertur
532 3886 637 3947 gestum
651 3881 796 3934 luctamine
809 3882 1025 3935 monomachiae.

348 3976 498 4031 Extiterunt
511 3981 607 4046 priscis
618 3982 741 4033 Antbeus
754 3987 781 4033 el
794 3981 924 4033 llercules
938 3982 1028 4032 aunis.

347 4079 422 4129 Seria
435 4079 578 4132 coullictus
591 4080 653 4132 iniit
664 4084 822 4134 constanter
835 4086 970 4147 uterque3

347 4177 472 4231 cestibus
484 4182 512 4231 et
521 4177 622 4246 pugnis
634 4179 663 4231 lit
675 4181 709 4232 ab
719 4181 761 4232 bis
775 4181 894 4233 immane
911 4179 1042 4234 duellum.

348 4278 437 4343 lnque
449 4274 536 4329 vicem
549 4291 609 4332 sese
623 4278 756 4332 luctantes
768 4280 920 4345 arripuere.

347 4376 478 4430 llcrcules
489 4378 587 4430 llntbei
596 4380 653 4444 jam
666 4381 752 4432 ferme
763 4381 788 4432 ui
802 4385 945 4446 superatur
960 4395 966 4430 ;

346 4478 470 4542 Namque
482 4480 541 4529 etat
552 4476 653 4530 auxilio
665 4483 751 4529 mater
764 4478 934 4531 berecintbia
948 4485 1023 4538 nalo,

344 4577 378 4627 ut
390 4587 451 4627 sese
465 4578 553 4628 terrac
566 4580 742 4640 prosternens
755 4577 876 4629 llntlieus
889 4577 946 4642 ipso
