3156 5452
312 302 403 351 eren.
422 301 505 351 una.
525 299 639 349 rums.
659 318 704 329 -
720 275 872 347 apruno.
892 299 938 348 an
955 299 1033 348 con.
1053 296 1128 348 sau.
1270 286 1336 350 423

106 486 156 541 pro
169 473 324 540 hujusmodi
339 474 418 541 lacto,
429 471 541 539 grandis
553 470 691 523 altercatio
703 474 760 522 orta
774 474 815 522 cst
832 482 880 535 per
892 470 1013 537 singulos
1026 483 1058 523 ae
1075 469 1219 524 dissensio.
1233 470 1286 523 Scri
1305 475 1338 523 ut

106 575 191 625 tinem
205 573 282 624 malis
295 573 393 625 talibus
411 573 584 636 imponerent
596 578 623 624 et
634 583 716 635 super
737 571 788 623 boe
801 570 907 622 borriini
930 570 1157 637 misericordiam,
1170 571 1337 623 voluntatem

104 678 188 739 atque
207 672 350 724 consilium
376 671 573 737 perquirerent,
596 669 753 721 triduanum
773 669 909 735 jejunium
933 669 1037 722 ciuibus
1058 675 1140 735 atque
1160 670 1336 735 suburbaniS,

106 771 216 825 clericis
229 775 256 822 et
268 769 352 833 laicis,
362 769 510 835 majoribus
523 774 604 834 atque
617 767 723 833 pusillis
735 768 999 834 spumantemque
1008 768 1067 821 dies
1079 770 1168 835 prima
1179 775 1205 821 et
1218 769 1338 820 secunda

70 875 89 927 b
106 873 137 924 in
149 870 314 923 abstinentia
327 869 421 934 positis
433 868 586 920 transierat.
599 868 688 920 Tertia
702 880 765 920 vcro
778 867 872 918 statuti
881 867 978 934 jejunii
991 867 1037 921 die
1048 869 1138 920 omnis
1157 868 1248 934 populi
1271 868 1336 920 mul·

106 968 197 1023 titudo
209 968 351 1021 ecclesiam
365 968 473 1020 intravit
487 973 514 1019 ct
525 966 664 1020 communi
683 967 828 1020 deuotione
842 965 948 1020 bomini
960 967 1142 1033 implorabant
1154 967 1336 1029 elementiam,

107 1075 140 1125 ut
151 1070 191 1123 eis
203 1067 334 1121 divinitus
347 1066 538 1121 ostenderetur
556 1067 617 1133 quis
639 1067 719 1133 butus
738 1067 849 1120 bonoris
862 1065 950 1120 cilicio
968 1067 1003 1119 ad
1020 1066 1153 1134 regendas
1166 1067 1337 1120 subditorum

106 1168 215 1221 animas
227 1166 328 1235 dignus
342 1167 521 1219 inveniretur.
534 1168 657 1232 cumque
671 1165 698 1217 in
712 1167 762 1218 bac
775 1169 909 1218 restarent
920 1172 947 1219 et
959 1166 1036 1231 plebs
1048 1165 1248 1232 deprecationis
1259 1179 1340 1219 voces

106 1268 143 1323 ad
162 1269 306 1321 bominum
319 1265 481 1332 effunderet,
494 1267 603 1320 advenit
624 1268 720 1320 beatus
733 1266 873 1331 rlrnulius,
887 1267 1036 1319 exorcistae
1055 1267 1143 1319 adbuc
1156 1266 1339 1319 ministerium

54 1371 88 1423 lit
104 1380 216 1436 gerens,
226 1371 254 1418 et
273 1367 388 1419 latenter
400 1380 429 1418 se
446 1380 508 1420 eum
530 1365 590 1418 aliis
601 1366 636 1418 ad
657 1365 789 1419 orationis
810 1364 930 1417 studium
949 1368 1083 1431 prostrato
1096 1364 1172 1417 omni
1184 1377 1299 1429 corpore
1311 1365 1340 1417 in

109 1472 213 1520 terram
225 1466 348 1533 projecit.
362 1470 418 1530 Qua
430 1467 563 1532 completa
584 1465 649 1519 dum
663 1464 769 1532 regredi
791 1469 945 1528 conaretur,
958 1462 1034 1517 alluit
1052 1464 1076 1517 ei
1094 1464 1207 1532 angelus
1220 1464 1337 1529 bomini,

108 1565 159 1633 qui
173 1567 270 1618 iterum
284 1566 312 1617 in
326 1566 469 1619 ecelesiam
483 1565 560 1618 illum
582 1564 737 1618 intromisit.
751 1565 891 1618 Patciartis
904 1577 1014 1631 quoque
1028 1577 1061 1616 ac
1077 1563 1204 1617 reseratis
1222 1564 1335 1625 loribus,

109 1670 236 1718 sanetum
249 1665 357 1717 beatum
373 1666 461 1717 virum
481 1665 510 1717 in
532 1669 669 1717 conventu
681 1664 804 1718 omnium
825 1665 1013 1730 episcoporum
1027 1664 1120 1716 statuit
1136 1669 1162 1716 et
1174 1663 1263 1716 taliter
1281 1676 1339 1715 ora-

110 1763 195 1816 tionis
207 1776 272 1815 suae
285 1762 395 1816 modum
408 1764 542 1828 percurrit
556 1779 562 1814 :
579 1763 666 1830 Ouid,
681 1763 817 1830 inquiens,
831 1763 914 1815 inter
926 1775 978 1817 aas
995 1762 1244 1829 conquerimini?
1260 1761 1339 1821 Ouid

60 1866 94 1919 lt
110 1875 217 1915 moras
237 1861 347 1930 facitis
368 1863 405 1915 rte
424 1862 563 1929 eligendo
579 1863 731 1930 pontifice
751 1862 987 1916 permoramur
1003 1861 1169 1915 obaudivit
1181 1861 1339 1915 orationes

109 1964 230 2016 uestras
241 1962 468 2029 clamoremque
474 1963 595 2029 papati,
609 1965 639 2015 et
652 1975 741 2028 quem
754 1962 896 2027 fidelibus
908 1962 974 2015 sais
982 1961 1157 2030 praeferat,
1171 1960 1339 2015 seeundum

109 2073 164 2115 eor
176 2074 265 2113 suam
273 2063 433 2127 pastorem
447 2061 574 2128 invenit,
588 2061 729 2127 vobisque
747 2073 817 2113 earm
834 2073 894 2127 per
911 2073 968 2127 me,
981 2060 1036 2127 qai
1055 2059 1168 2113 assisto
1188 2059 1227 2127 ei,
1241 2058 1339 2113 eonsi-

108 2161 187 2226 goat
207 2162 236 2213 et
258 2159 455 2212 transmittit.
479 2160 540 2212 Iste
559 2164 603 2213 est
623 2159 811 2214 oercerabitis
837 2159 1000 2227 Arriuifur,
1021 2159 1155 2226 ignotus,
1176 2158 1232 2226 qui
1252 2159 1336 2211 sotus

110 2259 196 2311 inter
212 2271 264 2311 vos
276 2261 367 2324 aptas
388 2259 550 2312 inuenitur
571 2259 733 2313 lucrandis
754 2258 927 2313 animabus.
942 2259 1031 2312 Harae
1051 2258 1155 2324 itaque
1175 2256 1248 2311 urbi
1265 2256 1339 2310 buia

58 2359 93 2411 ab
104 2359 277 2425 patronam
290 2357 396 2424 eligite
414 2369 451 2410 ee
465 2359 581 2424 populo
602 2357 755 2410 divinitas
767 2357 923 2410 admoniti
942 2359 1091 2410 rectorem
1099 2356 1274 2424 praeficite.
1290 2356 1337 2408 llis

109 2456 190 2509 dictis
201 2457 277 2509 eaelo
289 2461 414 2523 receptus
429 2463 478 2510 est.
491 2458 597 2519 batilli,
611 2457 646 2511 de
658 2471 775 2523 superna
789 2458 955 2510 revelatione
968 2457 1116 2523 plurimum
1127 2456 1223 2525 gavisi,
1237 2455 1338 2508 altiori·

109 2557 162 2609 bus
173 2570 236 2608 eum
250 2557 387 2609 subselliis
399 2557 555 2610 extulerunt
566 2561 593 2609 et
605 2571 660 2611 non
675 2556 841 2610 mediocrem
854 2558 926 2609 inter
941 2570 970 2611 se
983 2559 1072 2611 locum
1085 2562 1180 2609 tenere
1192 2556 1338 2609 dederunt.

109 2656 228 2710 Proinde
251 2670 340 2710 sermo
354 2658 460 2711 babitus
478 2664 519 2711 est
531 2658 564 2710 ad
578 2658 709 2726 populum
721 2659 742 2709 si
762 2671 825 2709 eum
843 2657 945 2710 vellent
959 2658 1060 2711 babere
1072 2662 1154 2723 atque
1168 2657 1269 2725 eligere
1282 2656 1336 2722 epi·

109 2768 233 2822 scopum.
252 2757 300 2820 Qui
321 2768 418 2809 omnes
429 2756 648 2809 exclamaverunt
660 2758 781 2810 (lirinum
798 2771 855 2810 non
875 2770 955 2823 posse
967 2757 1065 2809 mutari
1077 2756 1223 2809 eonsilium
1240 2761 1338 2808 etune

57 2856 92 2909 25
108 2866 176 2908 uoce
196 2853 326 2907 dixerunt
348 2867 411 2907 eum
435 2855 485 2907 sibi
509 2855 638 2920 praeferri
661 2855 782 2922 dignum.
804 2855 880 2920 Quod
902 2855 997 2909 beatus
1020 2854 1151 2908 arnulfus
1172 2852 1338 2907 omnimodis

109 2954 244 3006 renuitae
256 2954 383 3007 semulto
395 2954 480 3020 magis
493 2953 634 3021 indignum
655 2954 702 3006 tali
724 2956 828 3008 bonore
839 2955 1008 3022 exclamarit,
1021 2958 1052 3007 ut
1071 2956 1155 3008 aliurn
1167 2955 1217 3007 sibi
1231 2959 1334 3020 patrem

110 3051 245 3119 eligerent
256 3054 372 3117 monuit,
383 3053 512 3119 (quodque
527 3053 589 3105 talia
603 3067 752 3120 numquam
766 3060 950 3120 praesumeret
962 3054 1050 3120 palam
1065 3054 1240 3108 innotuit.llli
1250 3058 1337 3107 atten-

110 3150 165 3203 tius
177 3150 339 3204 insistebant
350 3156 377 3204 et
388 3151 513 3205 benedici
534 3165 596 3205 eum
610 3152 698 3206 modis
717 3155 844 3206 omnibus
857 3153 1051 3222 efflagitabant.
1065 3154 1167 3208 inritus
1179 3167 1242 3222 ergo
1255 3158 1337 3220 atque

110 3254 221 3304 coaetus
233 3251 349 3317 capitur,
363 3252 467 3318 rapitur
479 3256 506 3303 et
519 3252 642 3317 trabitur,
653 3259 681 3304 et
690 3254 929 3319 praecurrentibus
940 3254 974 3306 ab
987 3254 1118 3307 exorcista
1131 3251 1264 3320 usquead
1278 3266 1337 3319 pre·

60 3352 94 3405 w
113 3349 267 3415 sbpteratus
279 3347 398 3402 odicium
411 3350 587 3404 ecclesiastici
600 3350 704 3403 ordinis
716 3352 855 3419 gradibus,
868 3353 929 3406 urbi
942 3359 1120 3405 consecratur
1132 3352 1287 3419 episcopus.

145 3449 195 3500 1⁷.
209 3449 353 3501 ordinatus
374 3449 474 3515 itaque,
496 3450 607 3502 sedulus
627 3450 726 3503 (lirinis
748 3464 841 3504 euram
862 3451 1036 3528 impendebat
1057 3452 1163 3517 oribus,
1184 3456 1216 3503 ut
1235 3452 1339 3504 nullam

113 3548 201 3601 lerino
213 3546 295 3600 dente
307 3548 477 3614 disperderet
489 3548 624 3600 inimicus.
638 3552 667 3601 ln
680 3548 779 3603 divinis
792 3551 871 3616 plane
883 3551 1002 3604 cultibus
1015 3550 1092 3616 plebs
1113 3551 1261 3603 christiana
1282 3563 1339 3603 cre

111 3648 206 3701 scebat
217 3661 248 3700 ac
261 3649 311 3701 sub
325 3653 399 3700 tanto
412 3647 539 3714 pontifice
552 3649 718 3701 credulitatis
731 3663 796 3703 suae
808 3651 960 3718 augmentis
972 3650 1106 3718 gaudebat
1119 3657 1199 3717 atque
1216 3650 1339 3717 prolicie-

111 3748 168 3800 bat.
179 3750 229 3800 Per
241 3747 363 3815 singulos
375 3748 433 3800 dies
444 3746 487 3799 vir
506 3746 670 3800 venerabilis
691 3748 819 3801 ecelesias
831 3754 856 3802 et
868 3750 1082 3817 circumquaque
1099 3750 1200 3816 positas
1213 3750 1339 3817 frequen·

55 3849 92 3903 ³5
109 3847 185 3899 tabat
197 3847 362 3913 parrochias,
377 3860 407 3898 arc
420 3860 529 3899 ornnem
549 3859 619 3913 quae
638 3847 716 3913 culpa
739 3848 909 3902 sacerdotum
922 3848 1058 3901 acciderat
1076 3849 1272 3916 neglegentiam
1291 3849 1339 3902 eli·

111 3944 244 3998 minabat.
257 3948 316 3998 Non
336 3958 412 4010 auro,
427 3958 483 3997 non
503 3952 695 4012 argemonen
717 3947 777 3999 aliis
799 3947 925 4013 pretiosis
943 3948 1113 4000 ornamentis
1125 3960 1235 4014 operam
1249 3947 1338 4009 dabat,

111 4044 161 4098 sed
173 4046 244 4097 cirea
258 4044 403 4096 lucrandas
415 4046 529 4105 animas,
543 4044 617 4110 quod
631 4046 735 4098 Christo
758 4047 846 4099 rarius
866 4051 914 4103 est,
930 4047 1051 4099 intentus
1070 4048 1191 4100 vacabat.
1205 4050 1256 4100 Pro
1275 4052 1339 4099 tem·

111 4143 197 4211 porali
210 4144 315 4197 bonore
328 4144 430 4197 nullam
443 4145 622 4210 pretiosarum
634 4146 749 4198 vestium
763 4146 875 4198 dederat
887 4147 1100 4212 superfluitatem
1114 4147 1142 4199 in
1155 4160 1278 4212 eorporc,
1293 4149 1340 4201 scd

109 4250 142 4298 ut
154 4244 239 4310 prius.
253 4243 280 4294 id
293 4248 334 4296 est
346 4244 475 4308 incultus,
489 4244 619 4296 membris
639 4245 798 4298 scrvaliatur
819 4247 936 4298 babitus.
950 4246 1049 4298 Eadem
1070 4247 1245 4311 permanebat
1263 4247 1290 4297 in
1307 4260 1340 4300 eo

50 4349 92 4403 40
111 4343 262 4408 humilitas,
276 4344 437 4410 benignitas,
449 4344 630 4396 mansuetudo
643 4356 674 4395 ac
686 4344 828 4404 modestia,
842 4345 937 4397 eadem
950 4345 978 4396 in
991 4346 1125 4397 sermonis
1141 4346 1252 4397 lenitate
1265 4358 1342 4397 reve-

111 4444 211 4497 rentia.
225 4444 317 4494 Tristis
329 4449 388 4495 erat
408 4444 436 4494 in
458 4445 533 4495 vultu
551 4444 681 4496 severitas
701 4449 782 4509 atrpre
805 4445 832 4495 in
853 4445 943 4497 uerbis
961 4444 1037 4495 tides.
1051 4446 1077 4495 Si
1091 4450 1200 4496 rentum
1214 4446 1279 4495 mibi
1293 4446 1342 4497 lin·

109 4556 229 4612 guarum
242 4555 321 4595 roces
342 4555 430 4594 sermo
453 4544 558 4595 terreus
576 4548 706 4608 moveret,
721 4556 881 4608 numquam,
895 4544 973 4595 beate
992 4544 1111 4608 praesul,
1125 4543 1268 4609 praeconia
1282 4551 1343 4598 tuae
