3136 5482
233 352 326 402 nlnn.
345 354 429 403 nar.
448 354 561 403 rums.
582 376 627 385 -
642 355 795 404 sennua.
814 356 861 404 sn
878 354 956 405 con.
974 351 1049 403 sans.
1191 338 1256 402 447

15 519 147 587 lionam
157 521 321 589 fumipans
332 536 395 577 non
407 524 584 592 eastinpnet
600 541 626 592 n,
640 537 702 579 non
716 525 868 579 clamavit
881 538 977 592 neque
988 523 1146 578 contendit
1160 523 1258 590 salsis

14 618 211 673 criminibus
229 624 259 676 et
279 622 455 690 opprobriis
474 623 535 678 sibi
555 624 667 692 illatis,
681 623 873 678 humilitatis
885 627 914 678 et
921 622 1097 691 patientiae
1108 634 1258 690 monum

17 718 112 774 nobis
130 720 284 788 praebens
304 725 492 793 eaemplum,
507 724 602 779 totins
622 725 803 779 sanctitatis
824 724 938 791 foruna,
961 723 1109 778 bonorum
1130 733 1259 791 operum

18 819 197 886 speculam,
207 821 299 887 patri
310 820 416 889 factus
427 825 474 876 est
486 822 646 877 oboediens
658 836 756 891 usque
767 823 811 877 ad
822 826 961 878 mortem.
976 823 1058 876 llnde
1069 822 1148 876 certi
1154 821 1184 874 si
1192 821 1260 886 eius

20 930 197 985 sequamur
208 919 361 974 imitando
373 921 546 990 vanitatum,
559 925 686 976 nostrae
696 921 873 977 humilitati
889 925 918 975 et
930 920 1139 977 oboedientiae
1151 919 1261 988 indefi-
1284 974 1288 985 ,

23 1016 113 1071 ciens
120 1020 482 1076 mancrcincaeteslibus
491 1022 892 1090 emolumentum,quoenec
902 1022 1012 1076 oculus
1021 1020 1163 1075 oiditrtee
1169 1019 1261 1073 auris

24 1118 152 1171 audivit
170 1121 279 1174 necin
297 1134 352 1176 cor
367 1120 502 1176 bominis
523 1122 673 1176 ascendit.
692 1123 787 1176 Nerio
809 1123 892 1175 valet
912 1120 1055 1188 sufficere
1075 1121 1118 1174 ad
1141 1120 1261 1186 laquem

25 1217 104 1271 dum
124 1224 245 1286 pilenta
265 1235 337 1276 cum
356 1223 516 1277 caelicolis
535 1224 706 1276 sanantur
727 1221 814 1276 nobis
831 1220 881 1289 [si]
897 1219 1038 1274 ecbibita
1060 1219 1161 1289 suerit
1181 1217 1262 1272 oboe-

27 1319 160 1374 dientia.
174 1323 217 1375 De
227 1336 289 1389 qna
301 1323 432 1390 qnidam
445 1325 583 1377 laudans
594 1325 640 1378 sic
652 1324 699 1379 ait
712 1343 720 1378 :
732 1341 749 1373 c
767 1324 877 1378 Melior
897 1325 943 1378 est
955 1321 1146 1378 oboedientia
1168 1332 1262 1388 pilam

9 1429 12 1465 t
27 1419 183 1474 oicdmae.
200 1422 297 1481 Quasi
303 1426 470 1490 peccatum
481 1423 646 1478 ariolandi
656 1426 701 1477 est
712 1435 891 1491 repupnare
901 1425 931 1476 et
942 1423 1037 1489 quasi
1053 1423 1155 1477 scelus
1167 1422 1263 1476 idola·

29 1518 114 1573 triae
124 1521 209 1574 nolle
219 1521 428 1589 adquiescere.
447 1540 462 1571 u
476 1523 521 1575 llis
533 1528 560 1576 et
572 1523 631 1576 aliis
644 1522 817 1576 sanctissimo
831 1525 943 1576 Ronano
952 1523 1041 1589 palam
1057 1536 1119 1591 rege
1129 1526 1138 1545 ·
1149 1522 1260 1588 suisque
1321 1524 1331 1547 ·
1366 1524 1372 1536 '

30 1618 188 1686 propalatis,
214 1625 316 1674 tantam
339 1622 454 1689 gratiam
478 1623 628 1676 confessori
654 1626 730 1676 suo·
753 1635 845 1676 coram
870 1623 1025 1676 bominibus
1046 1622 1161 1691 virginis
1185 1620 1259 1675 iilius

30 1719 121 1772 attulit
133 1724 163 1771 ut
174 1731 271 1773 omnes
291 1734 354 1773 eum
378 1735 432 1775 uno
453 1734 501 1775 ore
512 1721 656 1775 laudarent
667 1727 695 1775 et
706 1736 802 1776 verum
815 1723 861 1775 bei
875 1722 1006 1776 famulum
1025 1722 1175 1775 certissime
1186 1720 1259 1773 dice·

32 1824 103 1871 rent.
118 1821 216 1871 Verum
229 1820 272 1872 nis
284 1821 378 1874 Keban
391 1820 489 1875 mulier
499 1821 695 1875 scelestissima
713 1834 769 1876 non
788 1821 923 1887 concedit,
937 1821 984 1875 sed
996 1821 1071 1875 uelut
1082 1821 1212 1874 frenetica
1232 1819 1260 1872 in

9 1917 15 1965 t
30 1916 152 1971 medium
165 1919 249 1983 venit,
263 1926 444 1988 sanctumque
457 1921 545 1974 vimm
559 1920 690 1975 conviciis
708 1922 842 1976 lacessivit
855 1928 881 1977 et
898 1923 970 1976 tiliae
989 1934 1054 1975 suae
1076 1922 1264 1975 devoratorem

33 2016 127 2071 dicere
147 2031 203 2070 non
224 2019 342 2072 erubuit.
356 2022 431 2073 Tunc
451 2026 562 2074 sanctus
583 2024 712 2076 Ronanus
733 2022 767 2074 ab
780 2022 835 2075 imo
847 2021 939 2076 cordis
951 2022 1036 2075 altum
1051 2021 1162 2074 trahens
1180 2019 1267 2084 suspi-

34 2117 106 2170 rium
119 2122 147 2170 et
159 2114 297 2184 imperans
310 2133 392 2173 manu
405 2120 555 2187 silentium,
563 2121 600 2173 ait
609 2121 642 2175 ad
655 2122 797 2175 mulierem
812 2138 818 2174 :
833 2123 892 2177 Deo
904 2120 1156 2176 absconditorum
1168 2117 1268 2186 capni-

35 2218 97 2270 tori
124 2219 155 2271 et
173 2230 281 2272 eorum
301 2219 413 2287 quibus
439 2222 508 2274 vult
534 2222 712 2287 revelatam,
735 2222 790 2289 qui
811 2235 872 2289 per
894 2220 1024 2275 unicum
1047 2219 1153 2289 filium
1175 2232 1269 2271 suum

34 2316 217 2372 absoortdita
229 2319 423 2387 sapientibus
430 2321 580 2388 parvulis
592 2321 660 2374 suis
671 2322 832 2390 revelavit,
845 2320 959 2389 quique
976 2323 1119 2375 nostrum
1125 2317 1270 2386 patriar·

10 2416 18 2463 t
34 2412 128 2471 cbam
137 2428 159 2469 a
170 2415 327 2484 fratribus
340 2420 500 2474 venditum
512 2420 551 2474 ab
572 2420 762 2488 impudentis
783 2418 922 2488 sentinae
941 2419 1059 2485 objectu
1078 2415 1223 2472 liberavit
1242 2417 1271 2469 et

36 2514 151 2586 mara
163 2517 223 2571 sibi
233 2520 393 2586 revelavit,
408 2520 470 2588 ipsi
479 2518 603 2586 pratias
614 2533 681 2588 apo,
695 2520 751 2587 qni
762 2518 841 2572 mibi
846 2519 986 2586 parvulo
998 2531 1055 2572 suo
1067 2530 1104 2571 ea
1120 2517 1270 2584 dipnatus

37 2620 83 2671 est
93 2620 236 2672 revelare
254 2633 335 2686 qaae
349 2621 488 2687 malipne
507 2619 707 2687 composuisti
727 2620 895 2672 aduersum
908 2631 965 2672 me.
984 2618 1028 2671 Tu
1039 2614 1119 2671 mibi
1136 2614 1270 2683 imponis

37 2716 143 2784 pilium
155 2720 243 2771 utam
254 2719 415 2773 deuorare.
429 2721 489 2786 Epo
500 2722 606 2773 autem
619 2719 688 2773 dico
702 2721 731 2772 te
743 2718 835 2772 illam
848 2719 883 2770 in
900 2730 977 2771 arca
999 2715 1173 2771 occuluisse
1183 2727 1223 2767 ne
1234 2712 1272 2766 ab

38 2814 215 2870 bominibus
235 2819 403 2888 uideretur,
424 2822 460 2872 ut
479 2820 641 2874 mendacio
657 2822 708 2873 tuo
729 2817 861 2887 facilius
879 2817 1068 2870 crederetur.
1088 2814 1179 2868 Nunc
1200 2824 1273 2866 vero

10 2912 19 2961 i
35 2916 184 2971 domium
195 2921 301 2973 noster
311 2919 485 2985 reajttbcat
497 2932 537 2973 esc
550 2918 600 2973 bis
611 2917 829 2972 assistentibus
841 2915 992 2983 quosdam
1004 2913 1065 2967 sibi
1085 2912 1273 2981 familiaris·

33 3018 140 3084 Amos,
153 3018 188 3071 in
207 3030 282 3071 ocra
302 3017 453 3085 relipione
470 3018 680 3085 fidelissimos,
698 3015 732 3069 in
747 3016 874 3070 domum
897 3018 985 3068 taam
998 3014 1054 3081 ire,
1067 3015 1097 3066 et
1114 3011 1273 3065 invenient

35 3116 193 3185 infantem
205 3118 239 3169 iu
250 3130 328 3172 arca
336 3118 475 3185 positam
488 3130 552 3172 amn
571 3117 685 3181 aivam,
698 3116 752 3169 sed
764 3119 838 3170 tuae
860 3114 1060 3184 infelicitatis
1072 3114 1146 3167 astu
1152 3123 1273 3179 perem-

30 3219 134 3284 ptam.
147 3218 188 3268 rit
208 3217 349 3271 confestim
371 3216 554 3283 plurimomm
575 3228 726 3268 concursus
743 3213 777 3267 ad
793 3214 918 3268 mulieris
931 3213 1041 3267 domum
1056 3228 1063 3263 ι
1077 3223 1194 3277 quorum
1207 3220 1272 3263 oon·

35 3316 115 3370 tirum
136 3328 192 3369 non
213 3315 377 3383 dedignatus
397 3319 438 3369 est
458 3329 507 3368 rex
528 3315 604 3382 sequi
626 3313 779 3381 vestigium.
793 3314 903 3366 interim
928 3311 993 3376 fllia,
1006 3312 1090 3364 immo
1103 3310 1228 3371 cadaver,
1243 3308 1271 3359 in

11 3417 19 3461 t
38 3428 101 3468 arca
114 3415 259 3481 reperitur,
272 3416 345 3470 toras
357 3416 482 3479 trabitur,
495 3421 523 3467 et
535 3427 550 3467 a
563 3414 669 3467 cunctis
682 3414 728 3480 qul
742 3412 857 3466 aderant
869 3414 975 3464 mortua
987 3406 1165 3474 conspicitur.

41 3627 222 3701 Quomodo
236 3624 296 3683 vir
311 3626 458 3684 sanctus
472 3638 516 3684 ne
531 3629 659 3687 nonan
673 3619 901 3691 lapidaretur
921 3614 1115 3688 prontnutt,
1132 3616 1169 3675 et
1191 3627 1274 3685 quo·

83 3726 187 3784 modo
201 3727 328 3796 posteo
341 3723 428 3784 facti
442 3723 500 3783 sul
513 3723 630 3795 ipsam
651 3722 840 3796 paenituit,
859 3723 895 3782 et
915 3719 1035 3778 virum
1050 3719 1214 3778 saneim
1234 3717 1276 3775 ut

84 3825 198 3885 illlum
211 3839 315 3885 suam
337 3823 686 3897 mansuetorum,
702 3824 739 3883 et
760 3823 886 3882 saneto
907 3821 1036 3880 orante
1053 3814 1273 3887 imponant.

73 4020 105 4075 8.
118 4021 244 4074 Exoritur
262 4021 352 4073 statim
373 4033 498 4074 murmur
517 4020 545 4071 in
566 4019 667 4085 populo
688 4016 834 4070 mirificum
852 4029 887 4069 ex
899 4013 1089 4067 ammiratione
1106 4011 1226 4078 plurium
1238 4010 1273 4063 ad

11 4114 90 4175 bboc
101 4120 289 4188 spectaculum
303 4120 537 4173 concurrentium.
553 4122 638 4171 Fuere
659 4117 769 4183 plurimi
792 4116 839 4182 qui
860 4114 1033 4179 falsiloquam
1051 4111 1195 4163 mulierem
1208 4110 1274 4175 lapi·

41 4220 105 4275 dare
117 4221 275 4281 voluerunt,
291 4225 401 4286 propter
421 4219 495 4285 quod
517 4219 545 4271 in
559 4224 683 4270 sanctum
704 4216 750 4267 bei
764 4220 819 4267 tam
832 4213 976 4266 infandum
991 4211 1070 4263 tinxit
1088 4208 1278 4275 opprobrium.

40 4322 162 4385 Quomm
181 4320 307 4373 manibus
326 4320 382 4386 jam
407 4317 557 4383 lapidileris
585 4322 695 4369 sanctus
727 4314 773 4367 bei
801 4313 919 4366 iamulus
943 4315 1037 4364 cautes
1060 4306 1198 4370 excussit,
1224 4319 1280 4359 non

39 4421 139 4473 sirium
152 4420 251 4472 mbore
263 4432 357 4471 verum
370 4418 519 4471 verborum
532 4416 710 4475 allocutione,
724 4414 834 4466 illorum
850 4410 1020 4464 iracundiam
1041 4408 1084 4460 his
1097 4405 1189 4460 serbis
1207 4419 1280 4459 com·

37 4520 164 4587 pescuit:
184 4517 295 4586 Nolite,
315 4516 446 4586 fratres,
468 4515 566 4571 notite
585 4516 730 4568 salictam
750 4512 806 4565 bei
825 4513 920 4577 lepem
937 4507 1125 4576 profanare,
1148 4505 1204 4572 qttl'
1215 4517 1277 4571 per

12 4619 116 4689 tlepls
142 4619 274 4672 latorem
288 4615 450 4685 probibuit
472 4627 509 4667 ne
532 4612 734 4667 nomicidium
754 4610 852 4677 fieret.
875 4607 1026 4662 Dominus
1050 4606 1153 4659 noster
1175 4603 1266 4656 lesus
