3136 5482
167 316 208 381 16
512 331 636 381 carco.
656 331 758 381 cono.
776 331 950 382 uaeroon.
971 332 1050 382 cic.

159 507 201 556 est
212 507 315 566 autem,
327 507 358 555 ut
370 501 471 555 multos
483 499 621 554 vivificare
634 499 778 566 valuisset3
796 499 956 563 resurrexit,
968 505 999 551 ut
1014 500 1106 566 plures
1119 500 1297 553 resuscitaret
1311 499 1347 553 de
1364 506 1401 554 te

1 608 51 661 oa.
63 608 147 662 unda.
167 600 281 669 [nerrls
292 601 327 655 ad
336 600 569 667 lueem3aseendit
577 598 700 667 denique
707 599 850 653 incaelum
860 598 1151 667 unde·deseeuderat,
1158 606 1189 654 ut
1198 600 1300 654 multos
1307 613 1399 654 seeum

163 701 198 755 de
207 701 310 755 infimis
318 706 345 755 et
351 701 461 755 caducis
474 707 557 766 atque
567 699 732 752 transitoriis
740 699 870 752 exaltaret
878 699 911 751 ad
920 701 1195 765 supernaeaelorum.
1205 699 1401 766 beineepsdis·

23 806 110 860 ‘cort
167 800 272 866 cipulos
282 797 553 865 inflammaritgratia
562 796 678 862 Spiritus
688 796 785 862 saneti,
795 797 866 848 inter
875 809 944 862 quos
954 797 1137 849 certissimum
1147 803 1190 850 est
1198 798 1400 863 praesentiam'

1 872 149 927 'mmmm‘
167 900 239 953 beati
252 898 381 952 Martialis
392 896 508 964 aposloli
529 895 643 949 minime
654 895 793 962 defuisse;
807 898 854 963 qui
866 897 959 950 docuit
976 910 1023 950 eos
1034 897 1158 950 omnium
1179 911 1281 965 genera
1299 898 1402 966 lingua·

164 1013 224 1053 rum
236 1017 243 1064 ;
257 999 304 1066 qui
316 997 434 1065 dispersi
455 1009 503 1062 per
515 997 672 1049 universum
687 994 822 1049 mundum
840 996 939 1048 Christi
958 997 1128 1065 evangellum
1150 997 1281 1051 omnibus
1293 1009 1402 1050 annun·

16 1107 24 1124 ⁸
42 1103 106 1157 eod.
164 1099 280 1152 tiabant.
291 1097 367 1150 llulti
380 1108 509 1163 namque,
519 1107 614 1148 eorum
626 1097 635 1114 ·
647 1094 772 1148 doctrina
784 1094 893 1159 imbuti,
903 1101 1012 1150 terrena
1026 1096 1106 1148 nibili
1116 1096 1279 1163 pendentes,
1293 1096 1401 1151 sidereo

4 1182 129 1288 fflffd
166 1196 256 1262 adepti
269 1202 335 1249 sunt
346 1207 437 1262 regna.
452 1196 489 1246 lie
500 1206 618 1260 quorum
631 1192 746 1259 collegio
759 1192 855 1246 fuisset
866 1195 877 1214 ·
889 1193 986 1246 beatus
998 1192 1136 1246 valeriena
1150 1206 1231 1246 nemo
1244 1194 1327 1246 debet
1345 1207 1400 1246 am·

17 1305 24 1321 '
40 1301 106 1355 eod.
164 1297 257 1364 bigere
269 1308 325 1348 non
338 1294 488 1359 temporis·
501 1296 643 1357 vetustate,
656 1292 704 1344 sed
716 1291 856 1358 religionis
869 1291 1011 1360 dignitate.

7 1367 117 1434 'meris‘
195 1395 305 1449 Lectio
317 1396 423 1447 nn.-
434 1392 611 1446 l'cnerandus
621 1391 705 1460 igitur
714 1393 855 1447 confessor
867 1393 975 1446 bomini
987 1391 1125 1446 lutericus
1135 1406 1169 1445 ex
1178 1394 1307 1460 ingenuis
1315 1393 1400 1447 cbris-

161 1494 378 1560 tianissimisque
389 1498 465 1545 satus
478 1491 648 1558 parentibus,
662 1491 804 1557 nobilique
821 1497 936 1545 stemate
947 1493 1098 1559 processit;
1112 1493 1159 1545 sed
1178 1491 1238 1558 ipsc
1251 1491 1306 1545 ilde
1319 1491 1399 1547 nobi·

160 1594 222 1660 lior,
244 1593 364 1646 almitate
384 1590 492 1653 clarior,
511 1589 628 1655 puritate
648 1591 747 1642 mentis
769 1589 939 1656 spendidior,
962 1591 1083 1657 corporis
1103 1591 1251 1657 pudicitate
1272 1591 1397 1653 nitidior,

160 1693 282 1748 castitate
295 1690 435 1758 integrior,
449 1687 562 1742 caritate
574 1687 686 1755 largior,
696 1687 843 1742 dilectione
855 1689 900 1741 [lei
913 1696 941 1741 et
953 1690 1067 1755 proximi
1081 1689 1249 1758 flagrantior,
1260 1691 1291 1743 in
1301 1696 1399 1745 saneto

158 1792 336 1845 meditamine
349 1789 505 1852 studiosior,
518 1788 633 1841 sidereis
648 1789 740 1856 regnis
752 1788 858 1842 aridior
869 1795 1024 1856 cunctoque
1042 1790 1176 1843 catbolieo
1190 1791 1321 1858 dogmate
1333 1804 1397 1858 per·

12 1892 98 1948 ‘cod
159 1887 298 1943 lucidior·
315 1886 417 1940 extitit.
431 1887 471 1938 Ab
490 1884 558 1951 ipsis
580 1885 681 1938 etenim
703 1886 849 1938 cunabulis
869 1888 923 1939 ileo
945 1886 1052 1952 plaeere
1074 1886 1247 1939 incessanter
1268 1888 1395 1953 cupiens,
1413 1891 1431 1940 ll

0 1956 139 2012 rumim·
160 1989 281 2055 dumque
294 1983 461 2039 sanctissimi
478 1983 553 2037 illius
564 1991 640 2037 artus
653 1985 770 2050 amplius
790 1976 981 2049 adolevissent,
995 1985 1082 2052 magis
1095 1986 1237 2054 magisque
1252 1987 1303 2039 Dei
1314 1987 1392 2040 obse·

158 2085 224 2154 quio
236 2087 370 2138 instanter
382 2083 521 2152 flagrabat.
534 2086 554 2135 Α
568 2083 665 2148 puerili
679 2096 800 2150 namque
812 2089 901 2137 aetate
912 2090 1031 2137 mentem
1043 2085 1165 2152 gestabat
1174 2085 1301 2152 senilem,
1312 2099 1392 2138 mun·

0 2200 149 2259 „pompa
162 2184 228 2237 dum
241 2182 332 2248 coepit
349 2186 535 2244 contemnere,
549 2166 676 2247 pompam
695 2183 702 2199 ⁸
721 2180 801 2233 istius
813 2181 913 2232 saeculi
926 2194 1064 2250 spernam,
1077 2188 1175 2235 cuneta
1187 2181 1291 2236 caduca
1309 2189 1391 2250 atque

159 2282 315 2337 transitoria
327 2294 466 2346 respuere,
479 2286 610 2347 perpetua
623 2285 743 2346 captare,
753 2279 918 2332 caelestibus
931 2279 1047 2333 inhiare.
1061 2282 1092 2333 ln
1104 2280 1194 2334 laicali
1213 2280 1348 2349 denique,
1360 2288 1391 2335 ut

159 2385 255 2448 fertur,
269 2382 365 2435 babitu
377 2383 554 2444 constitutus,
567 2380 756 2435 monachicam
774 2387 857 2447 atquc
875 2379 1044 2433 eremiticam
1057 2380 1134 2434 omni
1153 2383 1299 2434 conamine
1310 2382 1390 2435 duce·
1404 2391 1431 2442 m

8 2506 88 2550 corr,
102 2506 142 2548 ex
158 2484 204 2537 bat
215 2484 308 2546 citam,
321 2481 469 2548 practicam
483 2493 611 2548 namque,
622 2481 678 2546 jam
697 2480 934 2546 contemplativam
947 2480 966 2532 ⁶.
979 2466 1076 2533 'fetum
1089 2481 1161 2534 enim
1174 2494 1234 2534 sese
1247 2480 1277 2533 in
1296 2487 1390 2535 sancta

4 2566 121 2694 wlff·
160 2581 335 2634 meditatione
356 2586 438 2645 atque
457 2577 623 2631 abstinentia
643 2579 704 2631 sine
725 2579 927 2632 intermissione
946 2578 975 2632 in
997 2579 1049 2632 lioc
1061 2579 1170 2633 sacculo
1183 2581 1349 2644 macerabat,
1363 2585 1391 2632 ut

103 2665 110 2679 ⁹
159 2685 311 2733 mereretur
328 2685 393 2731 ante
414 2677 534 2730 tribunal
552 2677 618 2743 justi
635 2676 737 2743 judicis
757 2677 949 2744 triumphalem
969 2684 1109 2744 receptare
1129 2692 1269 2731 coronam.
1284 2681 1390 2732 interea

159 2780 246 2832 factus
264 2781 306 2831 est
324 2790 340 2829 a
362 2776 476 2830 bomine
497 2776 608 2828 lucerna
629 2777 656 2828 in
676 2776 785 2830 excelso
806 2775 905 2842 posita,
925 2776 1025 2830 ceteris
1046 2776 1157 2831 luciflua
1181 2777 1391 2847 inextinguibili

159 2875 263 2928 lumine
274 2892 282 2941 ;
295 2875 434 2941 satagebat
453 2871 600 2926 dominicis
612 2873 817 2940 salutiferisque
830 2873 981 2941 praeceptis
997 2876 1127 2941 populum
1146 2874 1294 2942 instruere,
1306 2888 1391 2942 prava
1408 2885 1431 2936 z

159 2976 262 3044 fugere,
275 2972 397 3041 pessima
414 2970 544 3032 devitare,
558 2970 698 3026 discordes
715 2972 750 3026 ad
762 2973 938 3026 concordiam
957 2986 1094 3037 revocare,
1107 2973 1279 3028 debitoribus
1296 2974 1392 3029 debita

159 3074 309 3140 remittere,
324 3086 372 3140 pro
385 3070 507 3124 inimicis
519 3083 608 3136 orare,
622 3084 714 3138 pacem
727 3085 790 3125 eum
802 3071 932 3126 omnibus
944 3074 1055 3137 babere,
1069 3073 1160 3126 aliena
1173 3087 1229 3126 non
1246 3075 1392 3140 concupis·

160 3186 230 3239 cere,
246 3173 355 3239 propria
376 3171 541 3239 pauperibus
562 3169 713 3236 impertire,
726 3171 863 3224 caelorum
877 3171 996 3225 eulmina
1017 3178 1072 3226 tota
1091 3173 1241 3225 attentione
1258 3172 1394 3240 omnique

160 3272 295 3326 desiderio
313 3271 516 3336 concupiscere,
530 3268 592 3321 sine
605 3268 812 3322 intermissione
824 3281 889 3323 vero
898 3269 1002 3338 jugiter
1013 3271 1128 3325 docebat
1140 3284 1262 3324 exorare.

189 3369 300 3423 Lectio
310 3372 350 3422 V.
363 3397 396 3406 -
407 3368 483 3430 Quod
504 3381 568 3421 vero
590 3368 718 3421 monebat
730 3380 778 3421 ore
798 3369 929 3432 exterius,
943 3369 1038 3436 procul
1057 3368 1142 3423 dubio
1160 3369 1242 3423 eorde
1254 3382 1396 3439 opereque
1413 3381 1431 3431 ³

157 3470 314 3537 perficiebat
337 3469 461 3521 interius
475 3470 512 3520 lta
533 3480 596 3520 vero
615 3473 688 3519 totus
707 3466 817 3520 deditus
837 3468 1017 3534 omnipotenti
1041 3472 1103 3534 lieo,
1117 3469 1226 3523 eluebat
1245 3470 1394 3537 sapientia,

153 3570 275 3634 pollebat
287 3569 398 3632 virtute,
411 3565 531 3620 assiduis
554 3565 674 3633 fulgebat
686 3566 834 3620 miraculis.
847 3568 945 3634 Sicque
965 3569 1131 3622 almissimus
1152 3570 1291 3623 l'alerious
1313 3572 1392 3624 omni

154 3664 226 3724 vitae‘
241 3683 308 3723 suae
322 3675 444 3736 tempore
462 3667 554 3720 floruit
571 3668 727 3720 roboratus.
740 3668 860 3721 Tandem
874 3669 949 3722 febre
961 3676 1113 3736 correptus,
1128 3676 1213 3724 totum
1227 3684 1287 3723 sese
1305 3672 1394 3725 domi-

150 3768 205 3821 niei
223 3769 347 3836 corporis
359 3775 386 3820 et
397 3765 538 3834 sanguinis
551 3764 705 3818 munimine
717 3777 836 3828 armans,
849 3766 990 3832 psallendo
1008 3768 1081 3820 inter
1093 3769 1266 3822 sacerdotum
1288 3782 1392 3823 manus

112 3914 114 3918 ,
149 3870 203 3923 ileo
221 3867 448 3935 pretiosissimam
470 3863 589 3918 reddidit
602 3864 732 3916 animam.
745 3866 822 3916 Tunc
836 3867 1039 3919 lemovicenses
1055 3867 1211 3920 sacerdotes
1224 3867 1389 3933 lionorifree,
1415 3875 1431 3923 b

149 3975 179 4021 ut
200 3969 313 4034 dignum
334 3971 403 4033 erat,
421 3963 625 4017 sanctissimum
647 3962 831 4028 illiuscorpus
851 3965 1009 4030 sepulturae
1031 3966 1204 4019 tradiderunt
1223 3966 1253 4019 in
1274 3968 1392 4022 basilica

150 4068 239 4120 saneti
250 4066 351 4118 loliani
373 4064 509 4131 martyris,
521 4061 569 4115 ubi
582 4063 722 4115 confessor
742 4063 841 4114 Cbristi
859 4064 994 4116 valerieus
1013 4066 1106 4118 multis
1126 4066 1395 4122 innumerabilibus·

150 4179 204 4231 que
217 4165 316 4219 claruit
328 4163 478 4217 miraculis.
492 4161 613 4213 Sulllciat
633 4159 744 4227 quidem
766 4161 844 4213 nobis
856 4162 884 4214 in
904 4163 1041 4229 praesenti
1055 4164 1128 4217 illius
1141 4167 1256 4232 paucula
1269 4179 1393 4222 comme·

5 4270 138 4322 qmqfiil,
159 4275 281 4315 morasse
294 4261 391 4313 merita
403 4262 412 4278 ⁶
426 4260 460 4313 ad
472 4257 643 4312 roborandas
663 4255 784 4310 fidelium
802 4266 917 4312 mentes.
933 4261 983 4324 Qui
1000 4267 1091 4315 autem
1107 4262 1225 4330 flagrans
1237 4264 1284 4316 llei
1296 4277 1395 4320 amore

159 4363 275 4428 ejusque
296 4361 443 4414 dilectione
458 4357 567 4411 studeat
587 4357 645 4422 ejus
658 4363 733 4423 gesta
752 4356 885 4423 lectitare,
899 4358 993 4426 ibique
1010 4360 1092 4414 vitam
1111 4368 1138 4415 et
1155 4375 1244 4416 mores
1256 4367 1396 4434 actusque
1413 4369 1431 4419 i

156 4462 352 4514 miraculorum
374 4460 461 4527 ipsius
482 4458 599 4524 pleniter
610 4457 709 4524 poterit
721 4470 877 4524 agnoscere.
890 4461 943 4513 llos
963 4474 1027 4515 vero
1046 4463 1079 4514 ad
1101 4463 1272 4529 propositum
1297 4466 1396 4520 redea-

158 4573 228 4626 mus,
242 4566 268 4613 et
281 4565 454 4626 tempusque
469 4557 600 4623 templum
614 4555 765 4608 beatissimi
778 4556 892 4611 l'aleriei
905 4557 1060 4613 dedicatum
1073 4567 1122 4628 est,
1137 4561 1253 4616 fideliter
1265 4562 1399 4620 fidelibus
