3136 5482
296 283 364 347 152
641 291 766 344 cnunc.
787 291 887 342 oonn.
907 289 1082 341 nemone.
1102 288 1182 340 unu.

295 467 434 534 inquiens,
456 463 544 518 illius
556 461 591 516 in
608 460 692 531 filios
713 459 865 529 filiorum,
884 457 1000 528 bisqui
1019 459 1149 514 servam
1169 457 1480 540 testamentumque
1499 460 1528 511 et

295 579 444 635 memores
455 566 528 618 sunt
540 561 838 627 mandatorumque
849 560 893 614 od
904 559 1086 627 faciendum
1098 571 1145 614 ea.

328 667 360 719 4.
375 665 495 730 Quadam
507 676 572 730 erpo
594 661 648 727 die,
661 674 724 714 cum
746 674 838 714 seeum
851 660 923 714 idem
943 660 1091 714 virbonus
1111 662 1299 712 commaneret
1319 657 1529 727 gratissimique

298 764 415 833 pectoris
435 776 556 831 superno
578 761 726 827 inspectori
739 760 876 814 victimam
899 760 1008 826 plenius
1028 761 1136 822 libaret,
1150 759 1262 813 eleuatis
1282 758 1373 813 oeulis
1395 760 1531 826 conspicit

297 868 405 919 eminus
425 865 564 932 copiosam
585 863 788 916 multitudinem
810 860 897 927 plebis
917 862 993 914 adse
1010 861 1087 927 juxta
1108 872 1211 913 morem
1224 859 1372 913 venientis.
1387 860 1474 927 cujus
1485 859 1558 913 illes

297 967 443 1020 adventum
465 979 520 1019 non
542 965 691 1028 sustinens,
711 963 844 1016 continuo
867 961 987 1028 spernit;
1010 960 1104 1028 nilque
1124 964 1246 1014 moratus
1267 958 1360 1027 lugam
1384 960 1530 1027 arripiens,

297 1063 445 1117 abscedere
457 1062 547 1128 coepit
567 1067 595 1114 et
616 1059 801 1128 inquietudini
821 1060 989 1113 venientium
1010 1072 1068 1112 non
1088 1057 1209 1126 segniter
1226 1056 1318 1111 locum
1339 1056 1428 1111 dedit.
1449 1059 1531 1125 cujus

300 1162 392 1230 itaque
403 1162 551 1227 discessus,
561 1161 653 1214 divina
672 1161 762 1213 statim
775 1158 944 1226 protectione
955 1157 1091 1223 suffultus,
1102 1157 1297 1224 permaximam
1310 1158 1428 1223 superni
1440 1158 1530 1212 mode·

297 1262 411 1314 raminis
428 1261 592 1314 evidentiam
604 1264 647 1313 est
668 1260 792 1326 adeptus.
804 1261 870 1311 Nam
895 1255 970 1322 rupis
984 1257 1028 1310 cui
1050 1260 1161 1310 sanctus
1182 1254 1328 1324 aufugiens
1348 1255 1432 1323 pedis
1454 1258 1530 1311 vesti·

298 1363 370 1430 pium
385 1363 568 1429 impresserat,
582 1373 643 1412 mox
656 1359 735 1413 valde
748 1359 830 1411 nimis
842 1358 934 1411 divino
947 1361 1015 1411 nutu
1027 1356 1192 1410 discinditur
1208 1361 1236 1410 et
1247 1357 1329 1410 bians
1350 1357 1439 1411 cbaos
1460 1358 1489 1411 in
1500 1370 1530 1411 ea
1555 1393 1556 1397 ,

297 1461 496 1528 permaximum
508 1460 639 1526 aperitur,
654 1459 689 1511 ita
701 1463 731 1512 nt
744 1458 838 1511 nullus
850 1456 1012 1511 transeundi
1024 1456 1115 1512 aditus
1134 1457 1201 1511 inibi
1212 1457 1348 1524 deinceps
1368 1458 1531 1524 reperiatur.

298 1567 373 1617 Tunc
385 1563 459 1616 enim
478 1561 549 1614 inter
569 1559 654 1613 saltus
667 1559 806 1613 condensa
826 1557 869 1610 vir
892 1557 939 1611 bei
959 1558 1049 1611 locum
1071 1556 1185 1623 invenit,
1205 1557 1255 1611 ubi
1274 1556 1420 1624 paulisper
1440 1564 1532 1613 carate

297 1659 387 1726 lapide
399 1662 489 1724 posset
501 1661 607 1709 erectus
619 1656 767 1723 persistere
779 1661 806 1708 ct
818 1656 846 1708 in
859 1655 984 1709 oratione
992 1657 1088 1724 jacens
1100 1656 1291 1722 procumbere,
1303 1660 1385 1722 parte
1402 1658 1486 1712 etiam
1504 1658 1531 1712 in

298 1756 351 1810 alia
364 1755 451 1809 sedile
463 1755 579 1808 formato
600 1754 738 1820 residere;
752 1753 799 1806 ubi
820 1754 994 1819 postmodnm
1008 1767 1102 1821 preces
1123 1759 1150 1808 ct
1174 1755 1267 1808 munia
1284 1754 1378 1808 laudis
1396 1759 1453 1810 lieo
1478 1768 1532 1811 nen

299 1858 443 1909 cunctatur
455 1854 619 1920 persolvere,
633 1854 679 1920 qni
693 1849 722 1905 se
734 1854 768 1906 ab
781 1854 912 1906 oneribus
932 1853 1035 1907 saeculi
1047 1854 1197 1908 clementer
1217 1853 1347 1923 dignatus
1359 1860 1403 1908 est
1415 1855 1532 1911 liberare
1555 1867 1560 1926 j

299 1960 327 2007 ot
339 1953 525 2008 necessarium
539 1952 657 2019 exoptati
671 1952 768 2005 secreti
781 1951 870 2006 locum
884 1953 935 2005 sibi
948 1965 1119 2019 praeparare,
1129 1953 1231 2021 quippe
1240 1967 1304 2007 cum
1313 1954 1400 2007 etiam
1413 1955 1533 2009 solitaria
1550 1944 1553 1949 ’

300 2054 385 2123 magis
397 2054 580 2107 oblectaretur
591 2053 644 2106 vita
657 2065 739 2120 quam
758 2051 912 2118 periculosa
923 2054 1077 2106 mortalium
1096 2053 1172 2107 abuti
1184 2052 1352 2121 frequentia.
1367 2057 1430 2109 lion
1442 2060 1532 2110 tamen

300 2153 450 2220 putandum
462 2152 536 2218 quod
553 2152 671 2217 speciem
689 2164 767 2204 suam
786 2153 814 2203 in
827 2151 887 2204 aliis
904 2150 1037 2218 despectu
1056 2152 1157 2205 mentis
1175 2153 1329 2206 abhorrens
1347 2153 1404 2208 bec
1415 2155 1531 2220 taceret,

300 2256 418 2305 attamen
436 2252 494 2319 lam
515 2264 593 2304 mens
606 2252 664 2318 ejus
684 2263 803 2317 superno
825 2250 936 2317 perflata
959 2251 1108 2317 desiderio,
1121 2251 1201 2305 valde
1222 2253 1347 2319 noxium,
1360 2254 1432 2321 quin
1452 2254 1531 2308 etiarn

302 2351 472 2405 mortiferum
484 2351 622 2414 censebat,
635 2350 657 2401 si
678 2349 744 2416 quid
757 2352 785 2403 in
798 2352 857 2418 ejus
868 2363 949 2404 aures
962 2351 1101 2405 sonuisset
1120 2350 1195 2419 quod
1207 2365 1265 2406 non
1279 2352 1400 2407 latemus
1413 2358 1530 2408 mentem
1554 2410 1557 2415 ,

301 2451 383 2504 etiam
403 2449 559 2516 spiritaliter
580 2448 762 2515 aedificasset,
775 2450 882 2504 dicente
903 2464 952 2517 per
973 2452 1131 2517 propnetam
1154 2452 1268 2505 bomine
1290 2452 1434 2506 neminem
1454 2464 1532 2520 posse

303 2553 393 2619 ignem
406 2555 552 2617 perpetuae
560 2551 703 2617 genennae
715 2550 888 2616 sempiternis
904 2564 967 2604 cum
983 2551 1128 2605 ardoribus
1136 2552 1264 2605 habitans
1283 2565 1420 2620 superare
1428 2557 1532 2621 praeter
1552 2556 1557 2573 ¹

303 2649 391 2714 ipsum
404 2649 480 2703 illum
500 2650 546 2716 qui
565 2648 745 2703 ambulaverit
756 2649 785 2703 in
803 2649 925 2716 justitiis,
940 2649 1102 2717 locutusque
1124 2650 1266 2704 veritatem
1289 2651 1384 2717 fuerit,
1396 2665 1431 2705 ex
1452 2650 1532 2706 eorde

303 2747 490 2801 tantummodo
499 2748 641 2802 avaritiam
651 2761 721 2815 quae
731 2749 851 2815 gignitur
863 2761 898 2802 ex
910 2748 1049 2802 calumnia
1062 2749 1209 2815 proiciens,
1220 2761 1320 2803 manus
1332 2762 1401 2804 snas
1413 2750 1450 2804 ab
1460 2750 1530 2805 omni

301 2847 437 2913 cupidinis
458 2860 573 2901 munere
587 2847 695 2915 penitus
716 2847 877 2901 excusserit.
892 2847 996 2912 Quibus
1017 2861 1080 2916 ergo
1101 2847 1248 2916 diligenter
1270 2848 1371 2904 sedule
1392 2849 1531 2915 insistens,

302 2945 408 2999 occulto
421 2946 466 2998 bei
480 2946 666 2999 moderamine
677 2947 782 3015 geritur
794 2946 866 3013 quod
879 2946 915 2998 ita
928 2947 970 2999 vir
982 2950 1093 3000 sanctus
1107 2946 1135 2999 in
1146 2949 1240 3002 schola
1249 2947 1412 3003 dominicae
1420 2947 1532 3016 discipli

303 3057 353 3097 nee
364 3045 439 3111 prius
450 3045 605 3106 instruitur,
618 3022 736 3111 qumliter
754 3050 814 3110 post
827 3045 996 3111 spiritalibus
1008 3045 1049 3097 nti
1063 3047 1130 3099 sciat
1147 3047 1231 3100 armis
1250 3045 1386 3101 adversus
1403 3047 1531 3117 rugientis
1567 3111 1568 3120 χ

301 3144 405 3197 rabiem
423 3144 602 3211 fremitusque
613 3144 701 3197 leonis
719 3143 799 3198 docte
816 3145 978 3211 persistens,
993 3146 1071 3198 lortls
1088 3147 1229 3213 pugnandi
1250 3146 1368 3201 dextera
1390 3148 1419 3201 in
1440 3159 1531 3213 campe

300 3241 468 3305 certaminis,
482 3243 548 3308 quin
567 3244 648 3295 etiam
667 3242 702 3295 de
719 3256 802 3295 manu
820 3244 924 3296 bestiae
942 3257 1052 3313 gregem
1067 3246 1165 3298 cbristi
1184 3244 1303 3299 viriliter
1320 3246 1433 3300 anferre
1450 3252 1531 3313 atque

299 3340 370 3392 intra
396 3345 472 3406 septa
492 3340 571 3393 ovilis
589 3342 648 3407 eius
669 3346 861 3409 congregatum
890 3343 988 3395 haustu
1015 3343 1126 3411 superni
1148 3344 1264 3411 liquoris
1289 3344 1412 3399 ritaliter
1432 3350 1527 3412 potans

303 3438 430 3492 educare.

334 3536 365 3588 5.
380 3535 456 3589 Unde
477 3537 571 3602 procul
585 3537 668 3590 dubio
680 3538 792 3592 caelitus
802 3546 977 3604 procuratum
989 3546 1031 3594 est
1041 3547 1072 3594 ut
1085 3541 1180 3594 relicto
1192 3552 1259 3594 suae
1272 3540 1446 3607 praelibatae
1456 3540 1527 3595 babi-

300 3636 395 3687 tationi
407 3636 535 3699 haerede,
548 3637 647 3689 savino
660 3637 787 3692 riclelicet
805 3639 902 3692 abbate
925 3641 969 3705 (1),
983 3641 1040 3707 ipse
1052 3641 1182 3707 pastorali
1194 3639 1307 3695 daretur
1319 3642 1460 3709 regimine
1474 3646 1529 3694 tau·

299 3740 357 3787 tum
370 3736 397 3786 in
410 3736 506 3788 inscia
521 3736 662 3802 metropoli
672 3738 750 3790 urbe.
766 3740 814 3802 Qui
825 3739 940 3805 proinde
951 3754 1012 3793 mox
1022 3741 1126 3794 altioris
1135 3741 1237 3808 quippe
1246 3741 1364 3794 bononis
1373 3742 1527 3795 cathedram

301 3832 463 3898 pontillcalis
483 3834 621 3901 dignitatis
640 3835 765 3903 adeptus,
779 3851 834 3891 non
855 3840 975 3893 bumana
992 3840 1087 3907 gloria,
1100 3846 1130 3893 ut
1144 3840 1254 3906 quidam
1273 3840 1402 3907 ejusdem
1415 3840 1526 3905 ordinis,

300 3931 398 3997 elatus,
420 3932 467 3984 sed
488 3932 657 3986 numillimus
681 3939 708 3987 ct
728 3936 884 4001 modestus,
906 3936 1061 4004 priorisque
1082 3939 1266 3991 continentiae
1287 3940 1381 4007 rigore
1402 3952 1454 4007 pru
1474 3939 1530 3992 nist

302 4035 457 4089 contentus,
468 4030 594 4083 studebat
606 4036 708 4085 attente
720 4033 888 4087 meditationi
902 4036 1038 4097 insistere,
1052 4036 1125 4103 quali
1136 4036 1261 4090 videlicet
1277 4043 1421 4104 quantove
1436 4038 1531 4105 potire·

301 4133 345 4181 tur
365 4129 480 4191 bonore,
501 4143 582 4195 quam
603 4132 696 4196 procul
710 4132 793 4186 dubie
811 4148 929 4201 gravem,
946 4141 1112 4203 quantumve
1132 4135 1240 4202 pondus
1252 4137 1424 4204 suscepisset
1435 4137 1466 4190 in
1478 4148 1530 4189 mu·

298 4240 373 4287 nere,
388 4229 490 4281 bonum
503 4228 614 4295 qnidcm
628 4230 761 4298 valdeque
782 4235 967 4288 necessarium
987 4248 1065 4301 opus,
1078 4240 1267 4290 verumtamen
1279 4236 1529 4303 pertimescendum
1567 4257 1568 4264 ,

297 4327 391 4392 utiquc
411 4327 561 4394 gravissimi
580 4330 710 4394 ponderis
729 4344 809 4385 onus.
824 4333 872 4386 llle
894 4348 994 4400 nempe
1012 4340 1128 4400 tantum,
1148 4336 1194 4401 qui
1213 4348 1270 4388 non
1282 4336 1527 4391 contravisibilen
1550 4329 1552 4332 ’

332 4495 366 4558 (l)
383 4497 465 4562 Cujus
481 4498 556 4563 Acta,
575 4511 637 4553 eum
654 4502 857 4555 commentario
876 4503 983 4568 praevio
1000 4500 1094 4556 iacobi
1113 4501 1187 4567 linei,
1205 4500 1309 4555 videsis
1327 4501 1405 4556 add.
1424 4506 1457 4558 18
1470 4506 1533 4569 oet,

299 4583 366 4631 tem.
380 4579 421 4643 lv,
433 4592 459 4644 p.
478 4580 540 4633 1002
553 4595 615 4648 sqq.
