3136 5482
322 335 411 384 nmn.
430 335 513 386 nar.
532 335 648 385 rarus.
667 354 713 366 —
730 334 882 384 nerano.
904 335 951 384 an
968 334 1045 384 oon.
1065 332 1127 383 aros
1144 334 1180 383 n.
1300 318 1363 383 199

223 499 360 568 Incipiunt
371 503 530 558 miracula
540 505 549 524 ·
561 518 585 558 a
595 503 824 570 gloriosissimo
836 503 990 556 Mentieie
1003 503 1181 568 impetrata
1195 505 1246 555 'et
1255 503 1299 555 ab
1411 507 1426 580 Ι·
1439 503 1505 556 cod.

411 603 623 670 omnipotente
634 606 700 657 noo
711 603 905 656 munuum
915 605 1083 669 penaten
1382 570 1544 703 Ῑξᾞζξῗξὼ·

196 699 219 751 a.
228 702 281 756 inm
292 709 447 757 sanctorum
458 707 533 770 gesta
545 703 702 769 recolimus,
716 716 824 769 semper
836 703 955 768 proiecto
965 701 1121 755 invenimus
1133 702 1199 768 quid
1212 702 1252 756 eis
1265 703 1360 758 merito
1373 707 1557 768 ct..peraetc.

174 799 250 856 adicere
258 802 410 857 debeamus.
433 803 513 856 l'lura
534 808 598 857 sunt
618 803 692 856 enim
717 816 812 855 eorum
827 802 956 855 miracula
969 806 996 854 et
1013 802 1198 869 frequentiora
1211 816 1294 870 quam
1306 816 1366 869 pos·

151 897 248 954 isintrel
259 914 273 953 a
283 901 418 954 scribente
438 901 543 969 paginis
556 900 639 953 inseri
659 901 702 953 rei
715 915 730 953 a
744 899 873 955 studiosis
884 900 1039 966 quibusque
1052 901 1269 953 commemorari.
1283 902 1364 955 llobis

172 998 300 1053 auumlicet
319 999 461 1065 imperitis,
483 998 530 1051 illa
550 999 688 1065 compellit
705 1011 797 1062 causa,
810 998 944 1065 quaedam
957 998 991 1051 de
1003 998 1075 1051 bcati
1086 999 1213 1052 Martialis
1226 999 1363 1052 miraculis

172 1096 262 1153 delicia
271 1106 296 1153 et
310 1100 461 1167 posteritati
474 1097 615 1167 mandare,
628 1105 658 1153 ut
669 1100 755 1152 simus
774 1104 801 1152 ei
818 1112 869 1152 nos
885 1099 989 1167 aliquid
1002 1100 1145 1166 intemplo
1158 1101 1204 1153 bei
1217 1099 1364 1154 oiierentes

171 1203 237 1253 cinon
246 1213 422 1268 appareamus
433 1201 462 1253 in
474 1204 623 1268 conspectu
635 1200 741 1253 bomini
754 1201 842 1266 vacui,
857 1204 996 1266 portantes
1014 1213 1084 1266 quos
1097 1212 1243 1265 possumus
1256 1199 1362 1252 Christo

170 1299 264 1353 rmiente
276 1300 439 1368 manipulos.
454 1302 479 1353 ls
491 1301 565 1353 enim
579 1300 770 1353 sanctissimus
789 1300 952 1366 bominique
963 1313 1012 1365 per
1024 1299 1116 1353 omnia
1128 1299 1244 1353 dilectus
1256 1299 1362 1352 liartia·

138 1392 262 1453 ”bunis
273 1399 372 1454 cotidie
385 1404 509 1454 coruscat
522 1400 661 1453 miraculis
678 1399 880 1466 sanitatumque
899 1399 985 1451 titulis
1002 1404 1033 1453 ut
1044 1399 1183 1453 cotidiano
1196 1396 1363 1466 assiduoque

166 1497 278 1553 munim
286 1512 367 1568 egere
379 1499 524 1566 scriptore,
536 1500 614 1566 cujus
627 1500 717 1554 omnis
730 1500 845 1553 intentio
865 1499 892 1551 id
910 1498 1082 1553 solummodo
1095 1499 1164 1552 soret
1176 1512 1293 1566 nequae
1305 1512 1361 1552 cre·

165 1595 328 1653 bcrnmeiiunt
345 1598 430 1653 latere
450 1598 563 1653 sineret.
586 1601 622 1652 lie
643 1599 744 1666 quibus
767 1613 817 1653 nos
831 1612 862 1652 ea
875 1603 981 1653 tantum
994 1598 1179 1665 praelibantes
1190 1611 1261 1666 quae
1273 1601 1361 1655 veraci

164 1693 358 1751 cdriceltum
378 1696 501 1751 virorum
521 1698 714 1764 comperimus,
737 1697 822 1750 multa
844 1697 1114 1762 praetermittimus:
1137 1710 1209 1763 quae
1230 1698 1291 1751 idco
1304 1710 1361 1751 non

165 1791 271 1862 dmum,
285 1796 415 1863 quoniam
428 1796 514 1848 series
524 1807 620 1849 eorum
633 1794 763 1860 nescitur,
777 1799 804 1847 et
815 1808 830 1848 a
843 1795 1007 1862 quibusdam
1020 1796 1097 1862 quasi
1110 1809 1278 1874 supervacua
1288 1795 1360 1862 judi·

138 1888 271 1961 tenentur,
291 1896 339 1962 qui
360 1894 477 1948 aliorum
491 1874 560 1947 iacta
572 1907 606 1947 en
628 1893 781 1961 semetipsis
801 1896 958 1958 metientes,
972 1907 1028 1949 non
1041 1896 1157 1948 credunt
1170 1894 1228 1948 lieri
1241 1909 1322 1962 posse
1334 1900 1361 1949 et

164 1994 240 2048 bbere
249 1995 381 2061 derogant
392 2007 463 2061 quae
476 1994 601 2048 venerari
615 1993 758 2047 deberent.
771 1995 840 2060 Quid
857 1995 931 2048 enim
950 1995 1117 2059 impossibile
1130 1999 1171 2048 cst
1183 1995 1225 2048 liis
1238 1995 1359 2062 quicum

164 2090 200 2145 icc
210 2095 258 2161 jam
270 2100 394 2162 regnant,
408 2107 471 2147 cum
481 2093 611 2160 scriptum
625 2093 661 2146 sit
672 2098 699 2145 et
713 2093 796 2160 ipsius
809 2094 930 2147 veritatis
945 2094 1088 2147 roboretur
1103 2095 1212 2161 eloquio
1226 2109 1232 2146 ε
1249 2093 1360 2147 omnnia

160 2191 294 2255 mnditia
305 2193 446 2248 credenti
453 2192 466 2245 i
481 2193 508 2245 Si
522 2193 588 2246 baec
600 2204 665 2260 ergo
678 2193 807 2247 omnibus
819 2193 866 2258 qui
880 2198 953 2246 recta
966 2191 1019 2246 ilde
1031 2198 1059 2246 et
1070 2194 1227 2260 operatione
1245 2192 1361 2246 credunt

164 2292 296 2348 aliumne
308 2293 512 2360 promittuntur,
525 2292 588 2361 quis
600 2291 726 2346 dubitare
746 2293 844 2358 poterii
863 2292 898 2344 de
916 2293 997 2346 beato
1009 2291 1131 2346 iiartiale
1144 2305 1333 2360 quaecumque
1346 2307 1362 2346 a

138 2380 199 2441 lico
208 2391 323 2445 obtinere
335 2395 383 2445 aut
394 2389 452 2443 vult
463 2394 509 2444 aut
521 2390 615 2457 voluit,
630 2390 706 2443 illum
720 2389 828 2443 edicere
839 2390 982 2456 potuisset
994 2393 1038 2443 Est
1048 2391 1157 2458 quidem
1172 2391 1218 2443 ille
1229 2403 1286 2444 non
1303 2391 1362 2458 qui·

163 2482 208 2541 libri
217 2489 282 2544 lama
294 2491 413 2557 ignotus,
426 2490 473 2543 sed
485 2503 558 2542 unus
570 2503 665 2544 eorum
678 2492 725 2557 qui
737 2502 753 2542 a
766 2491 879 2543 Domino
890 2489 936 2543 lux
946 2496 1010 2543 sunt
1022 2490 1117 2543 mundi
1129 2489 1237 2544 vocitati
1250 2496 1277 2544 et
1297 2503 1359 2543 cum

163 2585 237 2642 lisdem
255 2589 289 2644 ad
310 2590 542 2656 praedicationem
563 2594 590 2643 et
608 2589 834 2643 illuminationem
849 2595 971 2643 nostram
984 2591 1013 2642 in
1027 2590 1158 2644 mundum
1171 2591 1359 2645 transmissus.

162 2681 194 2745 ili
202 2701 254 2742 cum
266 2690 352 2743 muita
363 2689 458 2741 rirens
471 2688 566 2742 iecerit
576 2701 647 2755 quae
658 2689 804 2757 diligenter
817 2688 916 2754 scripta
929 2686 1065 2756 habentur
1078 2693 1104 2742 ct
1116 2703 1222 2742 summa
1235 2703 1362 2743 reveren·

161 2779 257 2853 indigna
269 2791 414 2841 serrantur
426 2786 592 2852 ubicumque
604 2786 735 2840 memoria
747 2787 805 2854 ejus
818 2787 958 2852 recolitur,
971 2787 1045 2841 illius
1058 2787 1217 2842 multimoda
1228 2788 1290 2842 dote
1303 2788 1358 2841 vir·

138 2871 219 2938 'bum
229 2887 343 2956 insignia
356 2887 453 2941 merita
473 2887 634 2954 probantur.
656 2889 715 2939 llon
736 2887 808 2940 enim
823 2893 911 2953 potest
925 2900 1014 2954 neque
1028 2890 1128 2953 poterit
1141 2892 1244 2941 tantum
1263 2888 1357 2941 lumen

144 2978 256 3043 ,mundi
268 3000 276 3040 ε
290 2985 364 3054 quod
379 2988 402 3038 si
414 2987 507 3055 lingua
519 2987 641 3051 tacuerit,
657 3001 712 3041 non
724 2987 812 3040 deerit
824 2988 853 3040 in
866 2988 964 3041 ceteris
973 2988 1107 3041 creaturis
1116 2989 1253 3042 confessio
1266 2990 1356 3042 mani-

158 3076 212 3136 icta.

178 3179 276 3248 iricio
285 3188 314 3251 ⁰).
324 3188 371 3239 Est
380 3183 463 3253 igitur
475 3185 541 3238 illud
553 3200 638 3239 unum
649 3186 773 3240 mirabile
792 3187 875 3251 dictu,
891 3187 1008 3253 qualiter
1020 3187 1140 3255 quodam
1157 3192 1280 3255 tempore
1295 3190 1354 3257 ejus
1368 3199 1556 3322 ‘suoqugpup

155 3285 231 3339 neniis
240 3287 317 3353 plebs
337 3286 539 3340 lemovicensis
560 3287 717 3352 episcopum
739 3287 889 3353 promeruit
909 3287 1041 3352 accipere.
1061 3291 1127 3340 liam
1139 3289 1268 3355 episcopo
1283 3289 1354 3342 iilius
1396 3268 1443 3322 ⁸⁰²¹
1457 3270 1515 3350 Μ.

138 3372 240 3439 'biom
251 3385 392 3454 defuncto,
405 3384 439 3438 ad
452 3386 511 3452 ejus
524 3385 659 3439 tumulum
672 3387 754 3439 veluti
768 3385 802 3438 ad
815 3385 986 3438 salutiferum
1004 3392 1111 3451 portum
1122 3400 1218 3440 omnes
1230 3389 1354 3456 eiusdem
1387 3343 1527 3458 Ἢὲἔω

148 3475 185 3534 loci
195 3483 293 3539 incolae
304 3497 468 3549 conrencrc,
483 3489 625 3551 poscentes
637 3485 1091 3551 superordinationesubstituendi
1102 3487 1353 3552 ejusroluntarium
1384 3461 1532 3550 leprinian-

144 3583 426 3638 cnmlnmetdirinne
445 3585 592 3638 voluntatis
613 3585 752 3638 indicium.
776 3588 827 3638 l’er
848 3585 921 3638 idem
942 3591 1049 3652 tempus
1073 3585 1216 3640 lotharius
1230 3594 1353 3654 praeerat
1387 3535 1525 3661 ,3:354

139 3682 244 3738 iuncis.
255 3684 296 3738 nd
315 3697 399 3751 quem
419 3684 525 3737 mittere
545 3684 711 3751 delegentes,
733 3685 820 3736 risum
840 3686 931 3738 osteis
944 3686 1106 3753 legationem
1120 3685 1195 3739 illam
1208 3688 1349 3742 custodem
1390 3672 1448 3723 ⁸⁰¹·
1461 3674 1517 3752 ὃξη

138 3783 284 3838 urcisini
305 3783 402 3837 tumuli
422 3784 493 3837 beati
515 3784 644 3837 llartialis
666 3783 705 3837 ad·
722 3785 892 3850 praedictum
913 3797 1004 3853 regem
1032 3785 1103 3838 ierre
1125 3799 1181 3839 non
1205 3786 1357 3856 incongrue
1393 3738 1513 3792 ‘mm'

138 3897 216 3939 msc.
235 3883 549 3953 Signiiiccreruntetiam
559 3884 594 3937 de
606 3883 713 3938 duobus
725 3885 847 3951 ejusdem
860 3884 937 3938 urbis
950 3884 1126 3952 presbyteris,
1139 3901 1220 3953 quem
1233 3889 1291 3954 ipsc
1311 3902 1359 3942 rex

138 3982 245 4039 rdinari
254 3983 367 4051 iuberet
379 3997 473 4037 eorum
486 3988 514 4036 et
525 3984 560 4037 ad
571 3983 746 4050 pontidcatus
759 3985 913 4050 promoveri
924 3985 1039 4050 apicem.
1052 3989 1171 4050 Qirorum
1183 3987 1257 4053 prior
1266 3991 1358 4054 Lupus

138 4085 274 4147 ,ecbatum
296 4085 365 4137 aiter
388 4096 451 4137 vero
472 4084 763 4150 compresbyterillius
786 4091 861 4149 erat3
886 4086 1029 4138 reverendi
1048 4086 1195 4140 admodum
1208 4089 1317 4154 utrique
1330 4095 1356 4141 et
1458 4060 1463 4071 ,

138 4181 212 4240 briei
225 4182 317 4252 regiae
330 4180 480 4235 aiiabilitati
492 4187 574 4248 atque
587 4180 674 4236 obicio
685 4184 859 4237 sacerdotali.
874 4185 928 4238 llos
951 4185 1032 4252 igitur
1043 4185 1077 4237 ad
1091 4199 1181 4253 regem
1191 4185 1352 4254 dirigentes,

138 4285 165 4339 si
177 4283 296 4336 interim
307 4294 392 4347 nuper
401 4285 476 4334 tanto
488 4279 598 4348 negotio
612 4282 755 4334 bominum
769 4283 802 4335 ad
821 4283 986 4335 sanctissimi
1000 4284 1128 4336 liartialis
1141 4284 1275 4337 tumulum
1288 4298 1355 4337 una·

138 4383 233 4439 miter
244 4381 405 4446 exorabant,
419 4381 548 4447 quatinus
572 4393 669 4433 eorum
690 4381 784 4447 petitio
797 4382 837 4434 rei
849 4382 986 4435 obtineret
998 4380 1125 4435 ellectum
1137 4388 1164 4434 et
1177 4383 1274 4436 eadem
1288 4385 1355 4437 urbs

141 4496 194 4537 em
215 4484 423 4548 promereretur
444 4479 601 4544 episcopum
622 4479 730 4545 qualem
752 4493 808 4532 non
831 4481 966 4534 humanus
988 4494 1065 4534 error
1077 4481 1127 4534 sed
1138 4482 1196 4547 ipsa
1209 4483 1349 4536 ordinaret

138 4580 261 4650 spositio
282 4579 386 4633 divina.
410 4577 540 4633 Voluntas
559 4585 651 4631 autem
668 4579 792 4633 omnium
805 4592 886 4646 quam
900 4579 1018 4633 manime
1034 4581 1068 4633 de
1081 4582 1156 4646 Lupo
1170 4585 1228 4635 erat
1240 4583 1357 4648 presby-
