3136 5482
507 341 628 391 CATAL.
648 340 749 391 OODD.
769 298 943 391 nenlodtt.
961 341 1042 392 LAT.

357 515 388 564 nt
401 510 518 577 pedihus
530 511 615 563 iiauri
628 514 693 562 sunt
705 523 768 563 curn
781 509 901 563 clamore
914 510 1009 575 voluti,

279 683 281 687 .
357 611 393 663 io
405 609 576 686 obtestantur
588 609 661 676 quod
675 609 779 675 perdita
792 607 972 662 restituantur

358 709 557 774 indemnato,
571 714 646 762 tanto
658 709 791 775 languore
807 710 909 777 iugato.

359 810 402 862 sie
413 814 560 873 exoratur3
574 808 681 874 refugit,
695 821 746 862 nec
759 821 839 874 posse
851 809 983 874 protatur,

359 912 393 963 Se
406 915 585 976 peecatorem,
598 922 628 961 se
641 914 715 961 tanto
729 909 802 962 iasee
814 909 948 963 minorem
959 926 967 975 ;

359 1008 433 1063 turis
445 1009 585 1076 apostolici
598 1008 678 1062 docet
690 1009 757 1062 haee
770 1007 903 1062 miracula
915 1008 979 1061 dici.

360 1114 477 1174 Fratres,
491 1113 635 1163 noscentes
648 1109 776 1162 meritum
787 1109 925 1176 uitamque
936 1108 1070 1173 videntes,

357 1211 515 1274 iunguntur
526 1207 637 1260 demum
650 1207 777 1272 precibus
789 1207 888 1273 pietate
901 1212 1056 1273 parentum.

360 1312 415 1361 line
427 1320 509 1374 prece
520 1312 669 1373 permotus,
682 1307 744 1373 pius
758 1307 808 1360 troo
821 1305 1002 1360 medicamine
1016 1312 1106 1375 notus,

358 1407 436 1461 Fietn
448 1407 586 1474 periimus,
601 1411 690 1460 terrae
703 1406 796 1459 soiitos
808 1407 874 1472 petit
886 1419 961 1459 usus.

366 1507 453 1561 Piomt
465 1511 493 1559 et
504 1511 607 1569 exorat,
620 1503 729 1559 veniam
742 1505 808 1558 dmn
822 1504 930 1559 fletibus
942 1511 1011 1559 orat.

364 1605 530 1670 deponendo
543 1605 651 1670 siniam,
665 1618 747 1672 quam
760 1609 815 1658 toto
828 1608 950 1672 tempore
964 1618 1055 1660 caram

362 1705 432 1758 inni
446 1706 578 1771 portabat,
593 1717 675 1771 qnam
687 1704 727 1758 sie
737 1705 914 1758 uehementer
925 1705 1043 1771 amabat,

362 1804 438 1868 Quod
451 1804 623 1867 sublimatus,
637 1804 711 1870 qnod
723 1807 781 1856 erat
793 1802 872 1856 ierita
887 1808 1003 1872 creatus,

358 1906 418 1956 iiox
431 1916 515 1969 snper
528 1903 660 1956 infantem
675 1903 767 1969 mittit,
781 1903 889 1972 signum
902 1905 990 1957 crucis
1002 1904 1119 1960 addens.

361 2003 403 2054 sic
416 2015 498 2083 prece
510 2001 642 2068 plorantis
655 2002 739 2054 itauri
752 2001 927 2070 lacrimisque
939 2004 1062 2071 mgantis

361 2106 434 2156 ituto
447 2115 537 2157 sermo
550 2102 639 2165 datur,
653 2101 750 2156 claudo
763 2115 873 2169 pressus
885 2108 1038 2169 reparatur.

362 2204 499 2257 Penestae
509 2205 598 2269 justus
610 2205 680 2257 vitae
693 2208 798 2257 remeat
815 2203 986 2257 Benedictus.

363 2305 413 2355 Per
427 2305 549 2355 Maurum
565 2302 641 2355 iactis
654 2302 754 2354 auditis
766 2302 863 2355 ordine
874 2302 959 2370 signis

363 2405 436 2466 Quae
449 2414 504 2455 non
517 2414 599 2468 parva
611 2400 666 2454 dno
677 2414 764 2467 puom
779 2406 896 2467 patrarat
908 2401 937 2453 in
949 2412 1016 2457 nno.

362 2505 448 2567 dunc,
461 2503 539 2568 quasi
552 2515 600 2568 par
612 2507 694 2565 esset,
706 2502 745 2554 sic
757 2501 847 2567 coepit
857 2501 958 2554 habere
969 2499 1104 2570 deinceps

361 2605 419 2655 Non
432 2602 509 2669 quasi
523 2601 698 2667 discipulum,
713 2600 812 2653 iactum
828 2612 876 2666 per
888 2599 965 2666 signa
978 2599 1143 2666 probatum.

249 2703 289 2754 12
301 2704 360 2768 (id).
397 2703 522 2755 Protinus
534 2701 626 2754 andito
640 2701 747 2767 praesul
760 2698 974 2753 dinomannicus
986 2698 1036 2754 ilio

362 2804 475 2856 domine
488 2802 620 2868 praeclari
633 2802 776 2868 sanctique
787 2800 872 2868 patris
885 2798 1038 2857 Benedicti.

365 2904 443 2955 iiittit
455 2903 557 2970 legatos
569 2902 671 2954 eleetos
684 2906 711 2954 et
723 2901 773 2954 sibi
786 2905 886 2969 gratos..

367 3006 399 3056 t't
410 3003 524 3056 veniunt
536 3015 637 3062 eoram,
651 3003 763 3055 veniant
775 3001 809 3054 ad
822 3000 889 3069 qnid
903 3000 1084 3054 manifestant
1095 3020 1104 3067 ;

365 3103 502 3157 pontificis
515 3109 606 3155 votum
621 3102 722 3154 iaciunt
735 3102 787 3154 hoc
798 3100 896 3154 ordino
909 3105 1015 3153 notum.

366 3203 520 3256 emeterius
533 3203 613 3255 annis
628 3215 683 3255 non
697 3214 758 3254 esse
771 3202 864 3254 ierunt
876 3201 1056 3255 cinomannis

361 3303 409 3366 Qui
423 3307 476 3355 tam
490 3303 638 3369 perfectam
653 3307 768 3355 nossent
780 3301 918 3354 deducere
931 3306 1046 3355 sectam.

361 3404 430 3470 Ergo
442 3401 554 3455 modum
569 3401 654 3454 celiae
665 3401 808 3454 dominnm
822 3413 989 3467 componere
1002 3402 1085 3463 velie,

362 3500 437 3553 Unde
449 3501 491 3551 vir
504 3499 548 3552 iiie
562 3500 652 3551 bonus
664 3498 742 3551 fieret
754 3504 831 3565 pater
845 3504 926 3565 atque
939 3503 1084 3564 patronus.

364 3601 464 3667 liirigat
477 3600 602 3656 athletas.
615 3611 732 3665 quorum
745 3598 893 3652 dictamine
906 3604 992 3651 metas

366 3701 480 3750 poneret
492 3697 634 3762 ecciesiae,
647 3702 825 3764 componeret
837 3697 904 3750 atria
918 3696 979 3753 rite.

362 3797 479 3849 Arbitrio
491 3809 608 3863 quorum
618 3798 734 3862 jaciatur
747 3798 819 3849 linea
832 3809 937 3850 morum

364 3895 464 3948 Ordine
477 3901 633 3949 sanctorum
647 3897 732 3961 patris
743 3895 777 3948 ad
790 3897 910 3962 speciem
922 3897 1143 3954 monachornm.

361 3996 443 4047 Haeo
455 3995 609 4047 macedam
621 3995 715 4059 dedii,
729 3995 827 4048 siniret
839 3995 914 4050 itaec
925 3994 1042 4049 emenia
1056 3998 1164 4054 artesii.

362 4095 406 4146 Sic
419 4095 493 4145 missi
507 4095 608 4159 tantur,
624 4094 782 4161 prolataque
794 4108 909 4148 munera
921 4094 1033 4148 dantur.

366 4197 508 4261 Paucaque
520 4194 667 4260 respondet
679 4207 727 4259 pro
739 4200 862 4260 tempore
874 4199 990 4261 votaque
1003 4197 1140 4265 spondet,

367 4298 515 4362 Magnaque
529 4308 583 4347 non
600 4296 665 4346 uitat
678 4300 764 4360 pater,
779 4301 809 4347 ut
823 4297 926 4362 majora
939 4297 1071 4350 remittat.

367 4399 424 4447 Non
436 4400 494 4447 erat
506 4400 533 4447 ut
546 4396 642 4461 major,
656 4407 737 4461 quem
752 4401 841 4460 posset
853 4396 969 4459 mittere,
982 4398 1090 4451 iiauro.

364 4495 496 4555 Quattuor
510 4493 601 4561 cingit,
615 4496 738 4546 Maurum
751 4507 836 4560 super
848 4507 908 4546 esse
920 4495 1019 4563 coegit.

250 4591 290 4643 13
303 4593 365 4657 (ii).
400 4591 616 4656 desiccantem,
631 4591 692 4657 quis
705 4592 798 4644 rhetor
810 4592 904 4658 quisve
916 4597 996 4659 pocta
