3156 5452
278 362 372 412 stuc.
391 360 474 414 aar.
493 360 609 414 rems.
628 383 674 394 -
689 360 842 414 areuna.
861 365 908 413 au
925 363 1004 414 con.
1024 363 1097 414 sart.
1238 350 1302 415 417

67 533 119 601 qui
132 535 167 587 ad
180 547 328 602 supernam
340 536 461 602 pertinet
473 537 609 589 civitatem
622 537 783 603 peregrinus
801 541 842 588 est
864 535 957 590 mundi
968 540 987 601 '‚
1005 542 1084 589 nocte
1097 536 1225 603 quadam,
1239 550 1302 589 cum
1343 542 1353 562 ·
1367 541 1461 660 indboc

1289 637 1302 688 ἰ
1329 622 1394 661 rnun
1415 614 1468 663 οἳ.

68 640 144 687 esset
156 635 185 686 in
205 635 319 694 somnis,
329 649 380 689 vox
398 634 492 688 divina
508 636 656 702 alloquitur
669 649 731 689 eum
745 637 787 689 his
805 636 895 689 verbis
909 651 916 687 :
932 636 965 689 Si
981 636 1051 703 pacis
1062 648 1125 690 non
1136 635 1286 688 renuntia

68 732 214 785 omnibns
225 746 306 801 patae
312 733 461 801 possidet,
474 746 537 788 non
545 737 646 801 potest
658 747 744 788 merca
756 746 820 788 esse
831 734 1017 801 dirctpntns.
1029 736 1061 786 llt
1077 736 1176 788 iterum
1191 748 1199 786 r
1212 735 1245 787 Si
1256 735 1303 787 vir

67 845 135 886 esse
142 831 310 900 perfectus,
324 833 423 900 inquit,
435 834 522 900 vade,
535 834 632 888 aenae
644 834 750 888 onznia
763 847 845 900 qnae
855 833 948 888 habes
960 837 989 887 et
1002 834 1044 887 cta
1052 833 1256 901 pauperibus,
1271 836 1302 887 et

29 929 194 984 §babebis
214 930 395 985 thesaurum
415 931 449 984 in
471 931 564 999 caela,
587 945 624 986 ac
644 932 769 986 veniens
789 944 916 1000 sequere
933 944 990 985 me.
1005 933 1139 995 Quavoce
1151 932 1301 985 delectatus

67 1031 163 1084 statim
175 1045 238 1085 cum
250 1044 357 1084 summa
379 1032 551 1085 testinatione
568 1033 659 1085 Remis
677 1032 711 1085 atl
730 1037 855 1085 sanctum
873 1032 1025 1099 Remigium
1038 1031 1105 1084 abiit
1114 1036 1141 1084 et
1154 1032 1178 1084 ei
1191 1031 1300 1084 divinae

67 1130 214 1198 legationis
225 1143 353 1183 arcanum
369 1129 497 1185 innotuit.
512 1132 594 1197 cujus
607 1130 670 1184 tidei
682 1144 812 1198 sponsam
824 1144 902 1184 suam
914 1130 1031 1184 credens
1041 1136 1068 1184 et
1078 1136 1239 1184 testamento
1252 1144 1299 1183 sua

66 1231 162 1283 omnia
175 1231 345 1298 relinquens
360 1231 486 1284 viaticum
504 1234 511 1252 ·
525 1231 638 1297 accepit.
653 1231 848 1285 benedictione
862 1232 952 1297 itaque
964 1234 1047 1297 petita
1065 1237 1093 1284 et
1109 1233 1231 1294 obtenta,
1245 1244 1296 1284 nec
1327 1235 1334 1253 ·
1347 1236 1424 1299 petiit
1437 1242 1465 1288 et

66 1316 145 1382 mora
157 1329 264 1397 ignotae
276 1332 503 1397 peregrinationis
519 1332 633 1398 arripuit
651 1332 759 1384 itinera.
773 1334 809 1384 ilc
829 1332 948 1398 primum
967 1334 1078 1385 Romam
1097 1333 1222 1391 veniens,
1235 1344 1295 1383 san·
1341 1301 1414 1354 add·
1424 1304 1450 1356 9·

11 1430 47 1482 lo
65 1431 272 1483 ctorum‘l’etri
282 1435 310 1484 et
321 1430 395 1484 Pauli
405 1430 531 1499 sutfragia
542 1433 665 1497 expetiit:
676 1432 723 1485 ubi
733 1432 814 1484 etiam
825 1445 887 1484 cum
898 1432 999 1500 gemitu
1007 1436 1033 1484 ot
1043 1431 1162 1484 lacrimis
1172 1433 1294 1498 aliquan·
1315 1431 1469 1498 ‘apostolo-

64 1528 155 1582 tulum
164 1529 293 1595 temporis
299 1529 468 1597 eregitlnde
481 1531 819 1596 transiens,apostolorum
831 1532 983 1599 patrocinio
996 1536 1134 1598 percepto,
1147 1532 1296 1584 Constanti·
1310 1510 1369 1550 ”¹¹¹¹
1381 1499 1454 1554 aad·
1467 1503 1491 1554 ²·

65 1629 188 1694 nopolim
208 1628 305 1682 urbem
326 1629 436 1682 devenit
456 1643 586 1683 successu
608 1631 728 1684 secundo
752 1647 759 1682 z
782 1632 811 1683 in
832 1645 885 1698 qua
906 1631 975 1684 urbe
995 1644 1058 1684 cum
1080 1631 1295 1696 circumquaque

63 1728 166 1793 positas
178 1728 306 1781 circuiret
316 1728 453 1792 ecclesias,
467 1727 489 1780 si
502 1742 572 1796 quae
584 1729 702 1796 luerunt,
716 1732 761 1796 pio
780 1731 918 1798 religionis
937 1730 1027 1784 studio
1044 1735 1200 1783 sanctorum
1214 1742 1294 1782 reue·

62 1831 139 1881 ratus
151 1832 192 1881 est
204 1829 342 1896 reliquias.
356 1830 494 1883 Postremo
506 1829 622 1895 plurimo
635 1828 785 1883 devotionis
797 1841 898 1896 ponere
910 1827 1101 1895 Hierosolymis
1111 1827 1251 1894 applicuit,
1262 1840 1292 1879 ac

11 1927 44 1979 lb
61 1926 182 1981 salutare
194 1928 282 1981 crucis
291 1927 404 1995 lignum,
415 1929 443 1980 in
453 1941 508 1995 quo
517 1927 654 1981 dominica
667 1927 788 1980 membra
796 1927 903 1979 lucrant
914 1930 1002 1993 aptata
1013 1926 1155 1992 supplicio.
1166 1926 1292 1993 religioso

60 2026 168 2092 excepit
179 2026 279 2081 otllcio.
293 2027 332 2079 tltl
346 2027 501 2094 sepulcrum
514 2040 579 2081 tero
600 2027 707 2081 Domini
725 2040 788 2079 cum
806 2027 936 2087 venisset,
949 2024 1108 2094 genuflexit,
1121 2025 1216 2091 ibique
1230 2023 1290 2078 diu·

59 2124 165 2178 tissime
176 2127 271 2179 oravit.
285 2129 314 2178 ln
328 2139 382 2193 quo
396 2127 454 2180 loco
468 2126 550 2180 linem
569 2126 692 2193 corporis
704 2126 828 2192 accipere
846 2125 994 2191 maluisset,
1009 2126 1032 2176 si
1045 2127 1080 2178 ita
1092 2125 1183 2178 divina
1198 2126 1288 2191 prori-

61 2223 155 2277 dentia
168 2226 316 2278 statuisset.

94 2323 127 2376 5.
148 2324 200 2377 Sed
222 2328 293 2378 beus
313 2327 498 2392 omnipotens,
521 2326 568 2392 qui
590 2325 686 2378 ildeies
708 2337 773 2378 suos
794 2325 931 2391 pressuris
955 2324 1164 2378 tribulationum
1184 2325 1289 2391 probat,

10 2422 43 2474 20
61 2422 149 2476 noluit
160 2424 276 2478 electum
289 2439 369 2478 suum
382 2424 492 2478 silentio
505 2426 610 2493 contegi
630 2437 679 2477 nec
696 2424 838 2477 lucernam
859 2423 950 2478 modio
968 2425 1084 2490 supponi
1097 2430 1145 2476 aut
1155 2424 1289 2477 civitatem

59 2522 88 2573 in
101 2522 174 2576 edito
188 2524 302 2590 positam
316 2525 457 2578 occultari.
468 2524 516 2589 Qui
525 2525 628 2577 scilicet
637 2525 734 2576 beatus
743 2524 874 2576 arnulfus
883 2528 1025 2590 postquam
1033 2523 1061 2575 in
1071 2524 1289 2590 peregrinatione

59 2634 108 2674 sua
120 2621 216 2675 tlecem
230 2627 257 2675 et
268 2629 373 2690 septem
385 2637 474 2677 anuos
487 2623 574 2677 laicali
589 2623 683 2676 habitu
696 2628 783 2676 lectus
801 2624 921 2689 perfecit,
941 2622 1033 2676 tionuo
1051 2636 1101 2688 per
1119 2622 1246 2691 angelum
1260 2629 1289 2677 ut

56 2718 158 2772 retliret
171 2722 345 2786 ammonitus,
363 2724 435 2775 inter
452 2728 542 2775 cetera
558 2723 721 2776 reversionis
740 2735 805 2774 suae
824 2721 960 2787 hospitia·
979 2724 1166 2775 Ravennatum
1188 2723 1285 2775 urbem
1326 2718 1405 2772 'orn
1422 2722 1445 2773 l.

55 2830 105 2871 sua
117 2818 261 2873 illustravit
273 2822 427 2887 praesentia
444 2835 476 2875 ac
493 2822 610 2874 mirabili
625 2835 737 2875 suarum
754 2822 884 2874 virtutum
902 2821 1017 2874 initiavit
1033 2821 1153 2887 potentia
1166 2821 1209 2889 (l).
1228 2820 1289 2888 [b'bi

10 2915 40 2967 2¹5
55 2916 123 2970 (lum
145 2933 195 2984 pro
212 2921 322 2984 riri]um
345 2922 512 2974 recreatione
534 2920 672 2987 paulisper
694 2920 891 2985 demoraretur,
910 2922 982 2983 [cum
1000 2920 1055 2984 die]
1076 2921 1212 2973 dominica
1230 2925 1291 2986 post

56 3019 206 3072 matutinos
214 3019 289 3073 solus
301 3022 456 3084 r[emanens
469 3021 497 3072 iu
510 3018 634 3086 eccle]sia
646 3019 680 3071 acl
694 3020 773 3072 solita
785 3020 939 3072 orationum
954 3020 1081 3072 exercitia
1093 3018 1287 3083 [incumberet]

53 3129 85 3170 ac
97 3116 197 3171 divinis
213 3119 358 3172 interesset
378 3121 501 3181 secretis,
514 3118 657 3185 cujusdam
673 3117 733 3185 [viri
747 3119 848 3182 anilma
860 3131 992 3184 corporeo
1005 3131 1114 3170 carcere
1126 3117 1214 3171 soluta
1227 3122 1286 3170 est:

54 3214 147 3283 (fluam
159 3217 284 3272 diabolus
296 3217 359 3286 silbi
381 3232 428 3286 per
442 3218 614 3285 iniquitatem
637 3218 738 3271 sociam
760 3217 795 3270 ad
816 3217 973 3280 inier[nalia
994 3218 1129 3281 tralbebat
1155 3217 1283 3270 claustra.

54 3316 128 3379 Quae
142 3316 207 3370 llum
224 3316 327 3385 nim[iis
343 3323 489 3384 augeretur
510 3317 671 3385 torlmentis,
686 3318 736 3370 hac
756 3330 821 3370 voce
843 3322 967 3369 sanctum
988 3316 1131 3370 Amulium
1148 3316 1286 3382 [interpel-

10 3415 37 3467 to
53 3414 121 3467 lavit
140 3414 159 3483 r]
184 3415 318 3483 Arnnlfe
337 3420 452 3484 sancte,
474 3415 610 3483 arnulfe
630 3416 686 3469 Dei
703 3417 803 3483 electe,
818 3418 976 3479 r[uccnrre
992 3414 1079 3482 mibi,
1103 3428 1223 3482 quaeso,
1246 3415 1286 3482 et]

50 3515 161 3582 poenis
174 3514 335 3570 hostilium
353 3515 554 3569 inimicorum
566 3515 664 3583 [eripe
684 3528 741 3568 me.
759 3514 1016 3579 Trtbnlaltionunc
1028 3515 1112 3568 eninr
1132 3513 1285 3580 anqustiis

53 3627 103 3667 me
120 3611 255 3682 o[altant
276 3613 432 3681 undique]
446 3613 624 3679 iniqnitatis
639 3611 862 3680 phantasmate
878 3626 926 3665 me
946 3610 1152 3680 [conturbant]
1169 3615 1199 3665 et
1222 3613 1285 3664 tor-

54 3716 159 3781 quent.
172 3713 334 3767 incutiunt
355 3711 489 3778 atialus]
508 3713 665 3765 intentant
687 3713 827 3776 mortem,
842 3711 984 3764 timorem
999 3711 1144 3775 [iniciunt
1165 3715 1195 3764 et
1211 3722 1282 3777 per·

52 3816 213 3881 maantam
234 3813 380 3867 dolorem.
400 3813 521 3876 edinen
539 3824 622 3877 erpa,
640 3814 756 3873 sancte,
777 3813 906 3877 lapsam,
921 3811 1047 3876 adjn[oa
1064 3810 1147 3878 pert]
1164 3815 1278 3880 tnrarn,

10 3917 32 3969 'a
49 3916 80 3967 et
94 3912 188 3964 malis
208 3910 283 3963 aneis
303 3910 386 3976 apud
411 3912 514 3975 Detcnc,
527 3911 580 3963 cni
603 3909 734 3960 intimus
754 3911 879 3974 [castas
894 3909 1039 3975 impetra]
1059 3908 1281 3962 contentane

48 4012 97 4064 ille
111 4012 151 4063 liis
171 4010 279 4063 iletibus
292 4015 454 4071 commotus,
467 4009 597 4073 [lacrimis
619 4009 722 4072 sinlum
745 4009 864 4073 implevit
877 4009 980 4061 obortis
998 4023 1028 4061 ac
1047 4015 1181 4074 prostrato
1195 4011 1280 4073 omlni

47 4110 177 4177 corpore]
190 4111 219 4162 in
232 4115 341 4171 terram,
356 4111 462 4162 llomini
483 4110 612 4161 attentius
632 4109 792 4173 implorabat
813 4107 1029 4173 [inclulglentiam
1045 4125 1050 4159 :
1067 4108 1193 4161 Doricine
1210 4109 1281 4160 Jesn

50 4209 182 4271 Christe,
201 4207 419 4274 iur1uit‚pni[es
439 4207 503 4259 vita
524 4207 711 4274 attinentium,
726 4221 793 4273 spes
813 4207 1018 4272 credentium,
1032 4208 1117 4259 solas
1139 4207 1279 4274 aeterlnn

44 4308 211 4375 omniurn]
224 4307 280 4374 qni
291 4307 423 4360 dimisti:
438 4324 447 4354 l
463 4306 539 4359 Nolo
553 4308 682 4358 montem
689 4309 901 4372 peccatorum,
915 4305 968 4357 red
980 4308 1024 4369 [nt
1038 4306 1148 4371 inopis]
1158 4320 1279 4359 conver-

78 4469 115 4534 (l.
128 4472 200 4531 Quae
211 4474 372 4535 sequuntur,
395 4481 482 4534 usque
502 4467 535 4518 atl
550 4481 624 4519 num.
640 4469 680 4532 li,
695 4468 884 4532 praetermissa
897 4473 960 4520 sunt
973 4468 1000 4518 in
1013 4468 1073 4520 coll.
1086 4471 1148 4521 bati
1163 4487 1170 4536 ς
1184 4472 1232 4523 soll
1251 4479 1277 4524 et

38 4566 73 4619 jn
87 4550 184 4604 codice
196 4553 262 4603 tiabit
275 4551 330 4602 lolii
344 4555 419 4615 parte
438 4550 539 4610 avulsa,
563 4549 695 4602 nonnulla
719 4551 817 4615 passim
839 4551 888 4602 lroc
902 4563 1017 4602 numero
1031 4556 1058 4602 et
1070 4552 1147 4602 initio
1162 4566 1276 4619 sequen·

34 4637 77 4690 tis
92 4646 145 4700 per
156 4634 339 4697 conjecturam
353 4631 506 4698 supplenda
519 4633 637 4684 luerunt.

115 4726 213 4767 aaran
226 4726 312 4767 rarus.
328 4727 352 4766 τ.
367 4727 384 4767 1.
1213 4722 1245 4773 27
