3136 5482
375 299 442 366 200
714 314 840 364 caras.
860 313 962 364 oonn.
982 311 1156 363 unmoon.
1176 311 1256 362 sir.

371 492 431 541 tero
444 502 452 549 ;
465 496 516 537 nec
536 483 692 537 immerito:
714 483 788 536 bunc
808 483 892 549 enim,
914 484 984 536 sicut
1007 484 1036 535 in
1057 482 1237 550 sequentibus
1251 482 1364 550 lucebit,
1376 484 1422 537 llev

374 587 458 641 totius
470 584 557 653 plebis
570 584 828 651 praedestinaverat.
846 584 893 636 llic
904 582 987 652 igitur
1004 584 1054 648 vir,
1068 583 1185 647 mult[is]
1197 582 1347 652 p[recibus]
1359 597 1422 638 snor

375 685 485 751 civium,
507 696 599 751 regern
619 683 696 737 adire
716 683 858 748 testinans,
872 683 990 751 qualiter
1001 687 1065 736 ante
1077 683 1137 749 ejus
1149 682 1343 749 praesentiam,
1356 696 1421 749 pera

375 782 481 836 viamm
502 782 655 848 interstitio,
675 778 876 845 admitteretur,
898 780 1032 846 palatinos
1053 779 1251 839 indesinenter.
1274 792 1349 833 nune
1368 780 1418 833 lios

376 880 537 947 deprecans,
551 880 683 933 rationem
697 878 821 933 invenire
841 891 897 932 non
919 882 1033 945 poterat.
1047 880 1078 931 ln
1098 891 1151 945 qua
1172 877 1331 932 difficultate
1343 878 1422 931 divim

376 980 473 1032 adesse
484 978 594 1046 dignata
606 983 650 1031 est
662 978 758 1045 pietas.
771 979 837 1029 llam
850 982 954 1044 quanto
966 982 1074 1042 spretus
1086 981 1173 1029 estne
1185 978 1382 1044 susciperetur,
1400 982 1422 1029 ta

376 1078 443 1132 dum
455 1077 599 1131 sollicitius
611 1077 759 1143 requisitus
771 1081 812 1129 est
825 1080 855 1129 ut
868 1077 1039 1129 inveniretur
1051 1080 1077 1128 et
1090 1075 1212 1140 cupitum
1226 1074 1384 1129 introeundi
1394 1075 1422 1127 ba

378 1191 448 1231 sum.
461 1179 521 1230 llox
538 1177 622 1243 enirn,
644 1177 691 1229 illo
712 1176 841 1242 precibus
860 1176 967 1228 eaelum
988 1174 1114 1240 pulsante
1134 1179 1161 1228 et
1181 1174 1306 1228 divinum
1327 1174 1422 1242 flagitat

379 1278 520 1345 sanctique
537 1277 666 1330 llartialis
688 1277 853 1330 reclamante
875 1275 1058 1341 clementiam,
1081 1274 1168 1329 filium
1189 1274 1254 1328 dicti
1273 1275 1345 1342 regis
1358 1275 1419 1329 subi

380 1379 464 1431 feltris
484 1377 624 1443 corripuit,
643 1389 696 1430 nec
716 1382 775 1430 erat
795 1389 856 1442 spes
877 1378 948 1429 vitae
968 1375 1034 1439 ulla,
1054 1377 1076 1428 si
1089 1375 1137 1428 diu
1149 1375 1195 1427 tali
1207 1379 1284 1440 peste
1295 1376 1419 1429 cruciare

380 1479 473 1548 regina
486 1477 577 1533 acrius
587 1479 696 1539 ceteris,
708 1482 803 1544 utpote
815 1484 911 1545 mater,
925 1490 1006 1544 quem
1020 1482 1114 1530 tenere
1125 1476 1254 1545 diligebat
1266 1477 1422 1544 ingemiscet

379 1578 443 1632 liter
454 1576 488 1631 ad
501 1583 616 1631 mortem
630 1577 813 1630 invalescente
826 1577 895 1630 febri
911 1577 1060 1644 perurgeri,
1075 1581 1131 1629 toto
1144 1575 1207 1628 nisu
1219 1575 1254 1629 ad
1267 1578 1353 1629 lteunn
1366 1588 1422 1630 con

381 1675 433 1729 sibi
456 1675 548 1728 statuit
563 1675 700 1743 jejunium
721 1675 893 1741 continuare,
915 1675 937 1726 si
958 1673 1098 1741 quomodo
1117 1674 1190 1742 larga
1202 1675 1249 1726 bei
1263 1673 1350 1740 pietas
1362 1674 1422 1740 ejus

381 1779 543 1832 anxietatem
567 1782 594 1832 et
614 1777 669 1832 lilio
681 1777 841 1845 dignaretur
863 1778 994 1845 pristinae
1014 1775 1129 1829 reddere
1141 1775 1279 1843 sospitatis
1295 1777 1422 1843 vigorem.

381 1877 426 1931 die
435 1879 492 1945 jam
511 1877 765 1944 advespemscente,
789 1890 851 1929 cum
872 1878 995 1930 coniecta
1013 1876 1129 1943 jejunio,
1151 1875 1237 1943 magis
1259 1879 1353 1928 autem
1372 1874 1422 1928 dol

382 1976 584 2045 aliquantisque
605 1977 709 2030 laxaret
728 1977 822 2045 quieti,
845 1975 920 2030 videt
935 1978 991 2043 jam
1009 1977 1113 2029 dietum
1126 1975 1316 2041 presbyterum
1328 1988 1413 2040 puero

382 2090 496 2144 samque
507 2090 557 2144 pro
574 2090 607 2130 eo
617 2077 755 2130 celebrare
767 2081 795 2130 et
807 2077 876 2130 sacri
889 2076 1009 2142 corporis
1021 2081 1048 2128 et
1060 2077 1202 2143 sanguinis
1214 2075 1321 2129 bomini
1341 2075 1422 2142 portic

383 2189 505 2243 ponere:
527 2190 580 2242 qua
599 2176 800 2230 benedictionis
822 2176 996 2243 perceptione
1016 2173 1164 2229 admodum
1188 2175 1342 2242 roboratus,
1356 2176 1422 2227 acsi

384 2276 481 2330 inisset
501 2276 677 2342 incommodi,
698 2276 885 2344 gratulabatur
904 2289 1050 2344 exsurgere
1069 2289 1161 2328 sanus.
1184 2276 1332 2329 Excutiens
1354 2288 1422 2329 mem

384 2374 468 2443 regali
490 2374 578 2440 thoro,
596 2374 675 2440 jubet
694 2374 815 2441 perquiri
837 2386 957 2441 quonam
978 2374 1006 2424 in
1028 2374 1088 2427 loco
1108 2372 1151 2426 vir
1170 2373 1216 2426 ille
1233 2374 1422 2440 morabaturq

383 2474 628 2527 percunctantibus
641 2474 772 2527 ministris
793 2474 960 2541 ubicumque
973 2473 1096 2526 locorum
1114 2472 1230 2526 civitatis
1241 2471 1422 2539 vicinitatisqn

383 2573 440 2626 lum
450 2587 585 2640 nusquam
597 2575 747 2641 reperiunt.
764 2576 868 2626 Rursus
885 2573 978 2640 regina
991 2586 1086 2639 preces
1098 2572 1258 2639 ingeminat,
1272 2574 1383 2638 possita
1401 2574 1421 2624 lt

382 2672 476 2726 testari
489 2672 540 2725 sibi
553 2685 636 2739 quem
657 2672 686 2725 in
705 2674 765 2726 visu
786 2671 1031 2725 demonstraverat.
1052 2671 1240 2737 Misericors,
1253 2671 1353 2737 inquit,
1366 2672 1422 2724 Dea

381 2771 450 2824 uiri
460 2771 528 2840 filio
539 2783 605 2826 rocco
617 2770 755 2839 mihique
767 2769 1006 2838 infelicissimae
1018 2770 1159 2838 disponis
1170 2782 1231 2837 per
1247 2770 1344 2824 iatum
1363 2768 1422 2838 san

382 2871 517 2926 ctissime·
536 2872 707 2940 Martialis,
727 2872 858 2935 obsecro,
878 2885 1014 2940 quonam
1027 2871 1267 2938 r'nveniriqueet
1281 2871 1422 2935 tocojam

383 2971 612 3038 differesnobrs
627 2974 813 3039 propatore.
836 2975 911 3026 inter
930 2973 997 3026 baec
1018 2975 1064 3041 qui
1077 2975 1261 3041 quaerebatur
1272 2980 1300 3026 et
1313 2973 1422 3027 anxied

328 3133 331 3139 Ι
385 3076 509 3135 repertus
530 3075 572 3123 est
590 3069 691 3123 divinis
711 3071 842 3124 inservire
863 3073 1024 3138 praeceptis,
1043 3085 1138 3138 preces
1158 3084 1221 3125 oum
1242 3072 1364 3124 lacrimis
1386 3076 1422 3126 be

386 3171 505 3222 oratorio
517 3170 591 3236 quod
604 3175 662 3223 erat
675 3171 775 3237 inipso
789 3170 887 3235 palatio
900 3172 980 3239 regis
1000 3170 1188 3225 Gaudentibus
1200 3173 1317 3232 cunctis,
1331 3172 1422 3226 nuntia

386 3268 518 3334 Accurrit,
536 3273 596 3322 orat
611 3268 813 3336 quamprimum
835 3271 947 3323 missam
963 3270 1103 3324 celebrare
1123 3284 1172 3337 pro
1185 3270 1251 3335 ntro,
1265 3273 1422 3339 agnoscitqn

386 3381 469 3436 quem
488 3369 517 3419 in
537 3366 598 3420 visu
619 3368 732 3421 viderat.
754 3370 901 3435 complens
919 3370 1019 3422 deinde
1040 3371 1109 3423 velle
1130 3370 1200 3438 regis
1222 3375 1248 3423 et
1267 3370 1422 3424 desiderius

388 3479 482 3520 sacrae
493 3466 696 3521 communionis
710 3469 861 3535 portionem
874 3483 959 3535 puero
981 3470 1102 3535 porrexit
1122 3477 1148 3521 et
1161 3468 1302 3523 salutifero
1315 3469 1414 3545 poculo

388 3567 423 3620 ab
436 3567 511 3620 omni
525 3566 716 3634 inquietudine
729 3567 799 3621 liber
811 3570 936 3634 appamit
947 3575 977 3622 ut
990 3568 1064 3621 nulla
1077 3571 1253 3634 superessent
1267 3569 1296 3620 in
1306 3581 1339 3621 eo
1348 3570 1422 3636 signa

390 3667 482 3721 febris.
505 3668 632 3721 Constitit
652 3670 751 3736 alacer,
775 3671 889 3723 miratur
909 3671 988 3738 quasi
1010 3684 1042 3722 ex
1056 3674 1129 3723 tanta
1144 3669 1301 3722 infirmitate
1318 3670 1382 3736 plus
1394 3671 1421 3723 vi

389 3780 471 3834 (quam
493 3773 556 3821 ante
576 3781 605 3821 se
625 3769 753 3822 babuisse
773 3770 962 3836 cognoscebat.
980 3770 1061 3822 Exilii
1074 3770 1200 3823 celeriter
1214 3770 1247 3821 ad
1260 3773 1376 3835 patrem.
1390 3785 1422 3822 m:

389 3871 507 3920 revocat.
521 3868 619 3920 Omnes
633 3867 807 3935 congaudent
818 3869 961 3935 virumque
974 3869 1020 3921 bei
1035 3874 1191 3922 reverenter
1204 3869 1260 3937 regi
1270 3869 1414 3922 exhibent.

390 3980 438 4018 rex
458 3967 586 4020 omnibus
609 3981 657 4032 pro
677 3968 777 4034 quibus
798 3974 918 4032 venerat,
940 3970 999 4022 sine
1019 3969 1150 4021 dilatione
1170 3969 1238 4023 votis
1259 3969 1382 4021 omnium
1406 3983 1422 4036 p

391 4066 539 4131 miserant3
554 4066 682 4134 regiaque
695 4067 896 4135 magnificentia
916 4069 1030 4134 insuper
1050 4082 1165 4121 aureum
1177 4068 1289 4120 calicem
1304 4068 1418 4133 plenum

390 4164 445 4217 talli
459 4163 580 4217 denariis
601 4167 762 4231 promeruit,
785 4178 951 4234 omnemque
972 4168 1086 4235 gratiam
1108 4167 1252 4220 obtinendi
1274 4179 1346 4234 quac
1368 4167 1422 4219 vell

391 4265 484 4333 regina
497 4269 580 4331 atque
592 4265 626 4318 ab
639 4267 814 4331 optimatibus
831 4267 994 4322 fiducialiter
1014 4269 1127 4333 accepit,
1139 4272 1167 4320 et
1178 4268 1206 4320 in
1217 4268 1318 4333 ingenti
1329 4274 1421 4334 postm

390 4363 424 4416 ab
437 4363 565 4416 omnibus
586 4363 632 4430 qui
654 4365 705 4417 boc
726 4365 768 4418 vel
788 4366 912 4419 viderant
933 4367 974 4419 vel
992 4367 1088 4419 audire
1100 4366 1422 4432 potueruntlrabcbatur.

393 4461 519 4516 nonnulli
538 4463 585 4529 qui
607 4464 734 4529 pestilera
753 4465 871 4518 Simonis
892 4472 983 4519 mente
1001 4466 1207 4531 adtemptabant
1226 4465 1278 4518 lroc
1290 4466 1410 4531 Spiritus

389 4573 455 4629 pere
466 4561 579 4627 donum,
593 4568 704 4629 propter
715 4577 783 4630 quos
804 4565 862 4618 viro
875 4564 920 4618 liei
940 4565 1072 4633 denegata
1086 4565 1173 4617 fuerat
1184 4565 1231 4617 din
1244 4565 1364 4618 intrandi
1377 4565 1413 4618 ad
