3136 5482
352 344 448 393 nrsn.
467 344 548 394 uer.
567 345 684 396 rums.
705 367 749 376 -
765 347 920 397 cernuo.
940 349 987 397 nn
1004 319 1081 398 eon.
1101 347 1172 400 mn.

390 513 473 566 vaide
485 515 685 579 pavescendam
697 515 868 583 graviterque
880 516 946 568 mibi
959 517 1158 570 lacrimandum

422 612 497 676 Quod
510 612 561 666 sibi
575 614 613 666 nii
626 613 764 680 placitum,
778 615 817 667 nil
830 615 889 669 iero
900 616 1058 684 gratuitum.

391 714 484 766 Omnis
496 715 525 766 in
537 713 651 767 ecclesia
663 714 734 768 lotus
746 715 917 781 baptismatis
929 715 1004 769 unda

426 813 459 865 tit
468 811 539 878 potis
551 818 593 864 est
604 812 676 866 dona
689 813 740 865 sert
753 813 889 880 hodieque
901 827 959 866 sua.

387 907 470 964 Adert
481 915 604 965 maturos
616 912 660 964 bio
672 912 750 980 agelli
763 925 852 966 messe
860 913 995 979 maniplos

423 1010 532 1064 votivus
544 1012 657 1066 nomino
669 1012 742 1065 baud
756 1010 817 1065 sine
830 1012 901 1065 velie
913 1013 967 1078 pio,

393 1113 440 1163 bat
451 1124 499 1177 pro
513 1113 648 1179 susceptis
659 1116 749 1179 grates
762 1117 788 1164 et
801 1112 992 1178 suscipiendis,

424 1213 466 1276 Ut,
479 1211 549 1263 sicut
560 1210 689 1276 primum,
704 1210 795 1264 denuo
807 1212 920 1277 pinguet
930 1212 1055 1274 humum,

391 1308 563 1376 supplicibus
571 1310 641 1362 votis
654 1308 680 1361 id
693 1322 777 1378 agens
789 1308 914 1362 iterando
926 1311 1074 1376 quotannis

426 1408 457 1459 Ut
468 1407 581 1461 bomino
594 1420 710 1474 pensum
724 1407 796 1461 serre
808 1413 890 1474 queat
903 1407 1024 1461 solitum.

391 1508 444 1559 Nec
456 1519 513 1560 non
524 1505 642 1561 artifices
654 1507 743 1561 varios
755 1506 879 1560 iaciendo
893 1506 1009 1560 labores.

422 1607 474 1659 iste
486 1606 578 1674 fatigat
588 1619 674 1671 amor,
689 1605 810 1674 possidet
822 1608 872 1660 iste
884 1607 971 1672 labor,

392 1707 422 1758 m
434 1718 482 1772 pro
495 1719 574 1773 posse
585 1721 636 1761 suo
649 1708 756 1761 solvant
769 1719 818 1760 sua
830 1705 903 1759 dona
915 1706 1042 1768 Tonanti,

422 1808 440 1857 Α
453 1819 507 1872 quo
519 1807 672 1873 procedunt
683 1819 754 1874 quae
766 1806 839 1859 bona
853 1803 1016 1872 percipiunt,

388 1905 527 1971 inguinos
540 1906 624 1960 rictus
635 1905 682 1973 qui
695 1906 814 1973 dempsit
826 1917 874 1972 per
886 1905 975 1957 crucis
988 1904 1068 1962 iobis,

421 2004 561 2057 Terribilis
574 2003 708 2073 reprobis,
722 2002 796 2057 mitis
809 2010 836 2056 et
847 2002 905 2070 ipse
916 2001 1019 2068 probis.

388 2103 458 2156 Hinc
471 2117 530 2172 ego,
543 2105 657 2171 christe,
671 2111 744 2172 tuus,
756 2110 783 2158 te
797 2117 840 2156 rne
853 2104 1003 2157 redimente
1015 2102 1182 2169 redemptus,

421 2203 547 2266 Quamvis
558 2204 681 2272 exiguus,
694 2208 787 2256 mente
800 2207 891 2256 tamen
906 2201 1036 2268 famulus,

386 2304 508 2370 Martyris
520 2304 652 2357 eximium
664 2303 751 2370 cyrici
765 2311 791 2358 te
803 2303 885 2356 dante
900 2302 1069 2367 triumphum

419 2402 545 2455 Carmine
558 2403 696 2456 succincto
712 2401 854 2455 notificare
864 2401 933 2454 voto.

384 2503 455 2555 tero
468 2516 567 2569 nempe
580 2506 668 2568 tener,
682 2502 778 2556 validis
791 2501 838 2554 sed
853 2500 956 2553 viribus
971 2513 1043 2562 acer,

419 2602 585 2669 belligerans
599 2601 708 2655 famulis
720 2601 766 2654 dat
778 2600 942 2654 documenta
955 2600 1020 2661 tuis,

385 2703 417 2753 Ut
430 2703 540 2755 vincant
550 2701 648 2755 fortem
662 2701 808 2769 pugnando
821 2700 935 2752 viriliter
952 2696 1056 2751 hostem

419 2803 501 2868 (iuius
514 2801 692 2868 complicibus
704 2800 809 2855 totlitur
821 2800 868 2852 iiie
879 2800 958 2851 cibus

385 2903 435 2954 Per
445 2914 527 2968 quem
540 2903 693 2968 terrigenae
705 2902 816 2966 capiunt
825 2910 942 2964 superae
955 2898 1029 2950 bona
1042 2909 1152 2960 caenae,

419 3002 503 3064 Quam
516 3001 578 3068 pius
589 3013 676 3069 agnus
688 3001 778 3064 babet,
794 3000 884 3065 justus
896 3001 923 3049 et
936 2996 1025 3050 omnis
1036 3002 1105 3049 aret.

386 3102 440 3154 itoc
452 3105 544 3154 autem
558 3113 607 3168 per
619 3105 645 3153 te
658 3100 705 3153 fiat
717 3097 917 3163 tantummodo,
931 3097 1048 3163 christe,

417 3198 492 3252 iiaud
505 3212 555 3264 per
566 3211 611 3251 me
624 3198 773 3262 modicum,
788 3194 949 3262 insipidum,
963 3191 1101 3258 stolidum,

385 3297 434 3359 Qui
447 3297 524 3351 nullo
536 3310 602 3350 sane
614 3297 688 3350 dono
702 3299 836 3349 renitesco
848 3293 970 3360 sophiae,

417 3396 477 3448 itite
490 3401 563 3448 tuam
575 3395 674 3449 doxam
687 3408 814 3462 promere
825 3409 880 3462 quo
892 3397 1007 3449 valeam.

383 3496 424 3546 Tu
435 3495 533 3547 tribuis
546 3496 651 3548 cunctis
663 3495 733 3548 sicut
745 3497 816 3548 bens
828 3508 889 3548 esse
903 3497 1011 3558 creatis,

420 3594 451 3644 tit
464 3598 489 3645 te
501 3591 686 3661 magnificent,
698 3597 725 3646 te
737 3605 847 3660 quoque
858 3592 1021 3660 gioriiicent.

384 3693 424 3743 tu
436 3693 557 3746 concede
569 3691 637 3746 mihi
650 3693 770 3761 linguam
783 3698 810 3745 te
823 3692 1014 3760 magnificandi

418 3792 449 3843 iit
460 3793 587 3845 meritum
600 3792 680 3845 cirici
695 3793 818 3859 martyris
832 3792 934 3857 eximii,

383 3891 447 3955 iiius
458 3895 488 3942 ut
500 3892 624 3959 egregius
636 3904 716 3946 saevo
728 3905 811 3958 super
823 3893 901 3944 boste
915 3892 1069 3957 triumpbus

416 3990 497 4042 bobis
510 3995 617 4056 optatae
629 4004 707 4056 spem
720 3984 820 4044 tribu'at
833 3993 940 4045 veniae.

689 4155 796 4218 [brnen
813 4157 846 4227 ii

375 4315 479 4376 Dicto
491 4317 757 4390 prooemiorum
771 4321 894 4378 textus
908 4319 1037 4378 adluat
1050 4319 1148 4377 ordo.

258 4499 312 4562 [11.
386 4493 567 4559 omnipotens
579 4500 675 4548 auctor
686 4494 754 4547 caeli
767 4498 911 4561 terraeque
920 4499 1037 4559 creator,

344 4591 523 4657 compatiens
535 4591 637 4646 mundo
650 4593 745 4646 mortis
757 4592 861 4646 ditione
873 4593 995 4659 subacto,
