3156 5452
268 289 361 339 eran.
380 287 464 338 nar.
483 288 601 339 arms.
619 308 665 320 -
682 288 835 338 anenno.
855 288 903 339 ab
920 287 998 339 oon.
1017 286 1093 341 sats.
1233 276 1299 342 457

63 459 377 528 cornubia,personans
386 459 415 513 in
424 458 505 514 laude
514 458 616 525 divina,
625 461 764 514 reboando
773 458 871 512 christi
881 458 1016 527 magnalia
1025 460 1298 527 tetuentis[a]zabuli

63 560 192 628 nequitia
204 573 253 627 per
265 559 427 613 sanctissimi
437 560 546 618 ltonani
558 560 725 613 confessoris
737 559 779 611 sui
798 559 959 626 patrocinia.
973 560 1019 611 llis
1040 560 1200 613 succinctim
1214 560 1297 613 intor-

63 659 161 726 sertis,
174 664 287 725 coeptae
300 672 410 712 cursum
424 659 562 723 historiae,
574 658 646 712 beati
661 656 723 719 viri,
738 658 773 710 de
786 671 840 725 quo
852 671 942 711 sermo
960 663 1011 724 est,
1024 657 1158 726 suffragiis
1176 664 1205 712 et
1217 659 1299 712 inter·

62 757 240 813 cessionibus
257 758 319 823 juti,
332 762 496 824 repetamus.
510 760 540 810 ut
562 758 661 810 factum
683 763 732 822 est,
746 762 890 824 postquam
911 757 1063 810 oratorium
1084 758 1170 810 sancti
1193 759 1298 812 ltonani

25 859 45 913 5
64 858 196 911 manibus
207 861 394 911 constructum
409 858 482 924 vergi
503 859 592 925 coepit
612 859 640 909 in
657 857 775 921 senium,
789 857 877 910 visum
890 861 931 909 est
947 857 1048 923 populo
1062 858 1100 910 illi
1122 859 1298 912 convenienti

66 956 192 1011 oratorio
211 957 341 1025 quatinus
361 957 478 1022 spatium
497 958 582 1024 ipsius
602 956 809 1023 ampltucarent,
822 961 849 1009 et
869 956 897 1008 in
917 962 1049 1024 quantum
1070 964 1181 1024 possent
1197 963 1299 1012 restau-

66 1053 158 1108 rando
170 1053 341 1108 decorarent.
354 1055 402 1107 bie
419 1060 511 1107 autem
531 1060 630 1108 statuto
644 1054 752 1122 plurimi
773 1066 928 1108 convenere
950 1054 984 1106 ad
996 1055 1093 1109 silvam
1111 1068 1143 1109 ex
1161 1057 1298 1119 condicto,

66 1154 240 1222 propositum
262 1154 392 1220 patraturi
413 1153 497 1207 corde
514 1154 678 1208 voluntario.
691 1152 740 1219 Qui
762 1152 827 1205 dum
848 1153 943 1207 silvam
962 1159 1146 1221 peragrantes,
1160 1156 1299 1210 faciendae

68 1251 110 1305 rei
123 1252 265 1304 materiam
277 1256 450 1318 quaerentes,
464 1253 601 1318 quandam
615 1251 699 1305 mirae
713 1251 907 1318 magnitudinis
915 1251 1042 1305 arborem
1052 1252 1214 1319 inveniunt;
1228 1266 1299 1321 quae

24 1352 51 1405 lt
68 1351 92 1403 si
105 1349 182 1404 caedi
203 1352 336 1419 fundique
357 1358 457 1418 posset,
471 1353 504 1405 ad
526 1352 553 1405 id
576 1353 648 1419 quod
669 1352 839 1419 quaerebant
858 1351 923 1404 satis
936 1349 1081 1405 sufficeret.
1095 1355 1194 1405 Verum
1207 1353 1236 1405 in
1249 1354 1300 1407 hoo

36 1428 39 1432 Δ
69 1462 198 1516 magnam
209 1448 395 1504 difficultatem
408 1460 564 1516 cernentes,
578 1452 682 1518 abiere,
701 1450 828 1504 arborem
845 1451 972 1503 intactam
986 1451 1182 1517 relinquentes,
1197 1456 1224 1504 et
1240 1453 1299 1506 sole

69 1549 98 1602 in
111 1561 239 1602 occasum
260 1554 358 1602 ruente
379 1550 407 1602 in
426 1563 475 1602 sua
496 1550 613 1613 rediere,
625 1549 678 1603 alio
691 1549 754 1602 fessi
766 1548 869 1603 diurno
881 1561 974 1615 opere.
988 1551 1097 1602 Postera
1110 1547 1155 1602 die
1172 1554 1232 1602 orto
1242 1550 1298 1616 jam

69 1648 128 1702 soie
150 1648 219 1702 fabri
241 1647 348 1717 lignarii
370 1649 403 1703 ad
426 1650 521 1703 silvam
542 1649 642 1704 iterum
663 1662 826 1714 convenere,
844 1662 915 1717 quac
935 1649 969 1702 ad
990 1662 1059 1716 opus
1078 1648 1164 1702 sancti
1182 1648 1298 1703 aedilicii

69 1749 187 1802 deerant
199 1749 339 1815 perficere.
353 1751 402 1815 Qui
416 1763 464 1817 per
476 1763 573 1803 nemus
584 1749 749 1818 gradientes,
763 1748 797 1802 ad
811 1749 958 1816 praefatam
969 1750 1094 1803 arborem
1107 1750 1300 1804 forteveniunt

17 1850 52 1903 te
70 1852 99 1902 et
110 1860 171 1901 eam
185 1861 200 1901 a
216 1849 346 1915 stirpibus
365 1850 483 1903 excisam
504 1854 531 1903 et
551 1850 580 1902 in
600 1849 689 1904 varios
701 1863 768 1903 usus
780 1851 910 1902 materiae
922 1849 1014 1902 fissam
1029 1849 1181 1903 inveniunt.
1195 1851 1250 1914 Qua
1264 1850 1299 1904 de

69 1960 99 2001 re
112 1947 196 1999 nimia
209 1947 399 2003 ammiratione
411 1949 528 2015 attoniti,
541 1949 711 2003 mirabantur
729 1949 801 2015 apud
822 1962 852 2002 so
864 1951 892 2001 et
903 1949 975 2002 inter
995 1949 1084 2016 sequi
1097 1953 1186 2016 potest
1198 1951 1299 2016 positio

69 2046 137 2099 baec
150 2045 186 2097 iia
199 2044 267 2099 fleri.
282 2046 327 2099 llis
347 2047 419 2100 inter
439 2061 469 2100 se
490 2048 557 2100 baec
580 2046 752 2110 mirantibus,
765 2047 876 2100 tandem
898 2047 1033 2100 mentibus
1056 2060 1152 2100 eorum
1173 2048 1299 2101 caelestis

68 2142 167 2198 incidit
179 2145 307 2212 cognitio,
320 2146 424 2200 scilicet
436 2148 487 2201 boc
495 2145 588 2200 divino
601 2146 659 2200 fore
669 2151 775 2224 gestum
787 2145 905 2212 opificio.
918 2149 984 2200 llam
993 2160 1066 2200 unus
1078 2160 1110 2199 ex
1123 2146 1298 2199 circumstan-

69 2245 144 2298 tibus
167 2245 206 2297 sic
231 2245 320 2312 inquit
340 2259 433 2299 secum
460 2247 648 2300 assistentibus
670 2262 677 2298 :
699 2245 769 2300 Non
788 2248 949 2300 morentur
968 2259 1083 2299 mamus
1107 2248 1235 2300 orostrae
1256 2247 1299 2300 od

10 2347 51 2400 20
69 2345 262 2413 explendum
274 2344 390 2399 summi
400 2345 522 2414 opificis
534 2345 667 2413 incepto.
680 2346 739 2406 mci
750 2345 865 2413 incepit
875 2345 1133 2414 utperptciomus,
1143 2348 1298 2399 ammonet

67 2446 105 2497 ut
126 2456 267 2512 agamus,
286 2446 379 2511 atque
394 2443 553 2499 nobiscum
573 2447 724 2512 operatur
744 2448 779 2498 ut
799 2457 970 2513 operemur.
999 2444 1101 2498 Videte
1117 2457 1180 2498 mom
1196 2446 1298 2500 solum

67 2555 147 2610 opus
159 2542 325 2609 inceptum,
339 2555 447 2596 verum
464 2543 558 2597 etiam
570 2546 676 2598 actum
693 2545 735 2597 ort
747 2557 844 2612 usque
855 2543 1030 2596 dimidium.
1044 2543 1191 2597 audientes
1206 2549 1296 2598 autem

67 2640 137 2693 liaeo
157 2639 373 2693 fortificabantur
384 2641 513 2694 cordibus
531 2642 596 2708 suis,
609 2646 637 2695 et
653 2643 821 2695 unanimiter
832 2642 989 2695 insistentes
1006 2643 1092 2708 operi,
1106 2654 1297 2710 quaecumque

68 2744 164 2793 sancto
176 2739 302 2793 aedificio
316 2741 468 2794 necessaria
480 2748 651 2808 supererant,
665 2755 699 2794 ex
714 2741 772 2808 ipsa
785 2741 882 2795 arbore
895 2747 1067 2808 peregerunt.

17 2841 51 2894 ts
104 2837 154 2891 18.
168 2841 220 2892 blec
233 2838 301 2892 illud
313 2840 422 2893 silentio
443 2840 673 2906 praetereundum
691 2840 765 2909 quod
778 2841 863 2894 oculis
876 2841 975 2893 nostris
995 2839 1087 2895 divina
1100 2846 1230 2908 operante
1243 2841 1297 2895 cle·

68 2938 172 2991 mentia
184 2951 233 3004 per
249 2937 412 2991 sanctissimi
435 2941 541 2993 ltonani
561 2940 784 2993 intercessionem
805 2940 906 2992 factum
919 2952 979 2993 esse
992 2940 1117 2994 vidimus.
1131 2944 1219 2994 liuius
1238 2942 1297 3008 qui·

68 3037 133 3090 dam
145 3049 161 3089 a
173 3037 313 3090 nativitate
325 3038 400 3090 venit
411 3037 476 3090 olim
497 3036 705 3102 confluentiam,
727 3038 829 3091 scilicet
841 3038 875 3091 ad
893 3036 979 3091 sancti
989 3039 1148 3092 courentmi
1162 3037 1298 3104 pontificis

67 3135 168 3204 egregii
181 3135 330 3201 basilicam,
343 3136 390 3188 ubi
403 3137 484 3202 hujus
496 3136 581 3188 sancti
595 3135 629 3189 de
648 3149 702 3202 quo
715 3137 795 3190 nobis
817 3149 907 3191 sermo
919 3143 961 3190 est
972 3143 1065 3190 sancta
1079 3137 1200 3191 membra
1212 3138 1297 3190 bono·

68 3234 145 3288 riilce
159 3241 304 3287 servantur
321 3241 347 3288 et
365 3240 395 3288 ut
416 3235 528 3302 dignum
550 3243 592 3288 cst
612 3240 769 3289 reverenter
791 3235 1015 3289 honorificantur.
1029 3236 1200 3289 translatum
1224 3237 1296 3290 enim

18 3335 51 3387 bo
68 3332 159 3386 tuerat
170 3333 240 3385 sacri
252 3333 302 3386 viri
315 3346 414 3398 corpus
426 3346 441 3385 a
454 3333 593 3399 praedicto
605 3334 725 3388 oratorio
741 3335 776 3387 ad
789 3332 913 3387 suffatam
931 3334 1069 3387 basilicam
1088 3339 1200 3401 pmpier
1212 3333 1297 3401 ipsius

68 3431 201 3497 majorem
216 3430 450 3484 honorificentiam
469 3435 496 3483 et
514 3431 607 3497 populi
626 3444 712 3485 necne
730 3432 796 3485 cleri
817 3432 952 3485 celebrem
973 3433 1201 3487 convenientiam.
1215 3402 1298 3499 cuius

68 3530 173 3582 meritis
186 3530 262 3583 locus
274 3532 325 3584 isto
339 3531 462 3597 plurimis
477 3530 623 3584 virtutibus
643 3532 793 3584 bonoratur
814 3536 840 3584 et
852 3545 933 3598 supra
946 3531 1020 3598 quod
1041 3532 1092 3584 fuit
1109 3533 1230 3598 ipsamm
1245 3532 1296 3586 fre-

68 3630 162 3696 quenti
176 3630 305 3682 exercitio
317 3628 388 3695 apud
400 3630 537 3696 proximos
549 3630 687 3683 inaltatur.
700 3632 729 3682 ln
741 3632 790 3683 bac
802 3632 893 3697 itaque
902 3631 1013 3684 basilica
1023 3632 1195 3698 supradictus
1205 3637 1296 3684 mutus

67 3729 123 3781 oris
135 3727 254 3781 otlicium
267 3730 320 3781 lieo
333 3728 383 3781 sibi
396 3728 512 3795 propitio
528 3730 628 3781 meruit
639 3730 763 3795 accipere
784 3728 970 3783 efficacissima
992 3731 1078 3782 sancti
1096 3731 1201 3783 Ronani
1214 3731 1295 3783 inter·

11 3830 49 3883 35
68 3827 203 3880 cessione.
218 3829 283 3879 Cum
305 3827 386 3892 igitur
406 3827 495 3879 clems
516 3833 544 3879 ot
565 3827 682 3893 populus
705 3829 734 3879 in
755 3828 868 3880 ccclesia
888 3829 1035 3897 gratiarum
1053 3829 1174 3881 actiones
1192 3829 1238 3881 illo
1251 3829 1295 3881 die

69 3933 164 3978 sancto
177 3925 364 3992 persolverent
384 3931 410 3977 et
428 3931 629 3979 sacrosanctum
652 3927 749 3978 missae
766 3926 927 3980 sacrificium
948 3927 1129 3991 celebrarent,
1143 3928 1256 3994 contigit
1267 3931 1297 3980 ui

70 4030 162 4077 mutus
182 4025 336 4077 antedictus
357 4030 419 4077 ante
440 4024 609 4078 dominicum
630 4025 714 4077 altare
735 4031 841 4078 sanctas
864 4026 991 4092 reliquias
1012 4027 1175 4078 sanctissimi
1188 4027 1295 4079 ltonani

70 4124 175 4177 babens
188 4124 325 4176 exanimo
347 4128 447 4177 oraret.
460 4125 509 4188 Qui
531 4125 673 4176 confestim
697 4123 789 4176 divina
810 4125 835 4176 vi
849 4130 1010 4192 pemrgente
1028 4126 1189 4193 sanguinem
1202 4138 1235 4177 cx
1248 4137 1295 4177 ore

68 4225 159 4289 coepit
172 4222 303 4288 proicere.
317 4225 391 4276 inter
404 4224 476 4289 ipsos
488 4231 578 4276 autem
593 4225 704 4291 projecti
719 4223 861 4291 sanguinis
877 4231 990 4277 conatus
1008 4225 1126 4277 solutum
1144 4230 1184 4276 est
1200 4224 1294 4278 vincu-

10 4330 43 4385 ιο
66 4325 125 4376 lum
138 4323 245 4390 linguae
258 4325 316 4390 ojus
329 4330 355 4375 et
369 4323 504 4388 imprimis
518 4325 659 4376 llonanum
678 4328 719 4374 ter
733 4322 818 4374 libera
836 4336 901 4377 voce
914 4323 1048 4376 clamavit.
1061 4326 1114 4376 Nos
1135 4328 1225 4375 autem
1247 4322 1293 4389 qui

62 4422 211 4476 aderamus
224 4429 250 4474 et
262 4436 331 4488 quae
343 4423 412 4474 facta
424 4427 502 4473 erant
512 4421 682 4487 videbamus,
696 4423 876 4488 omnipotenti
898 4425 952 4475 lico
964 4423 1079 4490 gloriam
1097 4423 1232 4481 dedimus
1246 4423 1292 4488 qui

62 4525 94 4579 in
107 4522 192 4573 sancti
206 4523 311 4576 lionam
324 4523 378 4575 cari
392 4521 433 4573 sui
447 4521 620 4589 praeconium
634 4521 688 4573 oris
701 4520 747 4573 diu
760 4521 844 4575 clausi
858 4522 987 4575 reseravit
999 4534 1142 4590 organum.
