3136 5482
278 348 372 397 aran.
392 349 675 401 nnu.rnn1s.—
690 349 843 400 anenno.
863 350 910 399 an
927 349 1003 399 con.
1023 347 1096 398 2717.
1238 332 1302 399 193

267 519 383 570 Tantam
395 517 522 573 virtutem
534 519 653 573 tribuisti
667 525 779 587 tamque
790 520 928 573 valentem

268 617 303 669 llt
315 619 468 672 naturalem
481 619 657 686 praecederet
669 619 792 686 undique
803 620 901 687 legem,

269 715 354 777 Quam
368 717 418 769 scit
430 718 548 785 quisque
561 718 613 771 sibi
625 731 731 772 cessam
745 731 793 784 per
805 718 915 770 climata
928 715 1023 770 mundi
1037 733 1043 768 :

269 816 336 867 llam
350 818 484 871 naturalis
497 817 541 871 eui
556 819 599 871 lex
612 831 744 885 umquam
756 818 833 870 dedit
845 819 903 869 istis

271 913 361 966 liebus
372 915 464 968 inesse
478 918 553 983 prius
566 930 648 984 quam
660 917 757 972 doctus
770 923 797 970 et
808 931 870 970 esse
882 917 1011 970 adultus?
1042 957 1045 963 .

267 1012 337 1065 lluic
349 1014 472 1068 nondum
489 1029 583 1082 puero,
597 1017 645 1070 sed
658 1017 748 1070 adbuc
761 1021 848 1070 aetate
862 1017 963 1083 puello,

268 1114 378 1166 Pectore
391 1115 511 1169 clarebat
523 1117 607 1169 animi
622 1117 754 1184 sapientia
768 1121 841 1170 lanu

269 1213 302 1262 llt
313 1213 408 1264 mundi
422 1227 550 1279 proceres
563 1217 741 1282 praecelleret
755 1223 783 1268 et
794 1216 926 1269 seniores.

266 1311 333 1362 Tam
345 1311 480 1366 facundus
496 1319 554 1366 erat
566 1320 597 1368 ut
608 1314 713 1368 scribas
726 1320 912 1382 exsuperaret,

268 1411 321 1463 sex
335 1425 445 1480 quoque
457 1414 543 1467 lustra
554 1427 654 1482 gerens
668 1415 759 1468 nullus
772 1415 874 1482 majore
885 1415 986 1481 vigeret

266 1511 306 1571 vi,
321 1524 371 1564 nec
383 1526 482 1579 nempe
495 1514 608 1582 ilagrum
621 1516 804 1580 praestantior
815 1515 849 1567 ad
861 1514 1034 1567 tolerandum

264 1612 377 1666 l'ivebat
388 1615 534 1682 quisquam
547 1629 598 1669 nec
613 1615 679 1669 vivit
691 1621 720 1668 ut
732 1616 777 1667 bic
789 1628 857 1681 puer
870 1615 936 1681 ipse.

266 1713 339 1764 llaec
350 1722 424 1778 sunt,
437 1715 552 1780 Christe,
567 1716 617 1782 tui,
630 1716 702 1769 bone
715 1729 774 1781 rex,
788 1714 922 1782 magnalia
935 1713 1011 1767 doni.

265 1813 338 1865 llaec
350 1815 500 1881 permansit
511 1816 536 1868 ei
549 1816 702 1870 constantia
714 1819 806 1868 mente
818 1813 902 1879 fideli,

268 1914 305 1965 ae
317 1913 345 1966 in
357 1927 450 1968 amore
461 1916 500 1967 tui
513 1914 543 1967 iit
554 1920 656 1982 martyr
668 1915 788 1969 nominis
800 1914 875 1967 almi.

263 2013 368 2064 Nomen
379 2019 407 2065 et
418 2017 476 2067 esto
489 2018 565 2067 tuum
578 2015 752 2069 benedictum
764 2012 868 2076 [omne]
881 2023 929 2077 per
940 2023 1047 2068 aevum.

262 2110 314 2175 Qui
328 2114 398 2166 beus
410 2126 440 2166 es
452 2127 576 2184 magnus,
590 2116 672 2168 homo
684 2114 782 2180 dulcis,
797 2113 871 2165 mitis
881 2117 909 2165 et
920 2123 1016 2179 agnus.

184 2210 262 2262 111.
299 2213 459 2280 sanctinus,
473 2214 590 2267 humiles
602 2219 629 2267 et
642 2214 744 2267 mundo
757 2217 866 2278 pectore
878 2211 966 2275 mites,

263 2311 337 2373 Quos
349 2311 448 2365 Christi
461 2317 546 2366 testes
558 2315 660 2366 seimus
672 2314 807 2366 mansisse
821 2309 927 2373 fideles,

265 2410 296 2461 ln
314 2415 417 2462 tanturn
429 2412 512 2464 uestri
525 2411 658 2465 libamina
670 2411 812 2479 sanguinis
824 2409 864 2461 illi

264 2509 297 2560 tlt
312 2507 432 2563 libaretis
443 2514 470 2564 et
481 2523 528 2565 vos
540 2512 699 2566 holocausta
711 2510 823 2575 daretis,

263 2606 412 2663 b‘obiscum
424 2624 516 2677 regem
530 2612 674 2665 bominum
687 2608 842 2665 benedicite
855 2610 957 2669 mitem,

262 2707 314 2770 Qui
327 2712 446 2761 uestrum
459 2723 606 2763 numerum
618 2709 702 2764 voluit
714 2710 845 2763 decorare
856 2709 965 2762 beatum

262 2806 321 2859 Tali
334 2808 435 2877 collega
447 2822 530 2876 quern
543 2811 639 2878 pagina
654 2810 791 2877 praedicat
803 2811 863 2862 ista.

261 2907 343 2961 Urbis
356 2910 480 2964 caelestis
491 2911 564 2964 cives
577 2911 691 2964 feliciter
703 2912 777 2965 estis.

259 3006 434 3073 supplicibus
445 3010 516 3063 votis
528 3010 610 3063 ctiam
622 3010 799 3076 deposcimus
812 3008 874 3075 ipsi,

260 3109 357 3160 vester
367 3113 397 3161 ut
410 3110 454 3164 bic
467 3110 578 3180 cyricus
590 3109 721 3175 concitis,
734 3123 834 3177 parvus
846 3114 960 3174 etacio,

260 3208 374 3274 llagnus
386 3213 412 3261 at
424 3206 483 3274 ipse
496 3208 559 3274 ilde,
574 3215 676 3276 martyr
687 3222 797 3277 quoque
809 3209 909 3262 nobilis
922 3207 991 3274 ipse,

262 3310 341 3362 llono
352 3310 461 3364 caelesti
474 3313 575 3365 meruit
586 3312 634 3380 qui
646 3310 796 3375 mirificari,

261 3408 416 3463 lntercedat
427 3411 500 3477 apud
512 3424 561 3479 pro
574 3409 654 3466 nobis
666 3410 794 3464 omnibus
808 3409 898 3475 ipsum

260 3508 311 3571 Qui
324 3521 406 3575 super
417 3511 538 3564 aetberei
551 3515 627 3564 tenet
638 3523 729 3563 arcem
742 3509 863 3563 culmina
875 3507 964 3573 regni,

261 3607 314 3670 Qui
327 3620 375 3674 per
386 3614 483 3664 cuncta
495 3613 566 3664 lieus
578 3610 766 3676 superomnia
778 3613 833 3661 stat
844 3606 1016 3660 benedictus.

261 3707 346 3773 Cujus
358 3708 480 3763 certatim
493 3710 676 3776 complectens
690 3721 805 3761 munere
817 3706 890 3772 felix,

261 3807 418 3873 ilartyrium
431 3809 535 3874 proprii
547 3808 620 3862 riuos
631 3806 773 3861 tundendo
786 3805 901 3870 cruoris,

216 3888 220 3892 “
259 3905 340 3972 Regis
352 3907 478 3960 caelestis
490 3907 607 3961 beredes
621 3907 733 3960 ensibus
747 3906 823 3969 estis,

260 4005 327 4057 Rem
341 4007 409 4058 nacti
423 4006 506 4060 talem
519 4013 631 4075 propter
643 4019 758 4074 poenam
774 4004 928 4072 capitalem.

154 4105 260 4162 xm.
299 4105 443 4171 Explentes
455 4106 547 4173 igitur,
561 4108 642 4161 nobis
654 4113 685 4160 ut
697 4120 778 4160 nosse
791 4106 917 4169 dabatur,

258 4205 342 4255 Juxta
354 4217 434 4270 posse
446 4207 520 4273 pium
534 4207 619 4272 cyrici
634 4207 784 4273 matrisque
796 4204 976 4270 triumphum,

260 4301 400 4354 Posuimus
413 4303 477 4357 inde
490 4304 576 4356 vicem
590 4305 695 4356 Christo
708 4305 829 4356 donante
845 4301 970 4369 rependi,

259 4400 344 4453 Nobis
355 4402 499 4455 causidicis
511 4403 592 4455 simul
605 4403 814 4471 assurgentibus
826 4403 893 4468 ipsis

259 4502 394 4566 Tempore
403 4501 499 4567 judicii
512 4515 560 4567 per
573 4502 680 4570 singula
692 4501 867 4555 discutientis

258 4603 344 4653 Actus
355 4607 517 4654 cunctorum
528 4601 596 4655 caeli
609 4607 698 4655 tcrrae
709 4604 883 4671 populorum.

110 4717 217 4766 urat.
233 4710 328 4754 raum.
342 4709 369 4752 r.
381 4711 401 4752 1.
