3136 5482
236 341 329 390 arm.
348 340 433 391 rrrr.
452 338 568 390 rrum.
587 359 635 369 —
651 338 805 388 nernnn.
825 339 872 389 eo
888 338 965 388 oon.
985 338 1044 387 arr.
1217 325 1262 391 29

72 511 200 578 requiritcet
217 509 286 562 iacta
307 507 483 561 consessione
504 507 571 560 dixit
591 506 664 573 quod
678 509 687 527 '
699 511 811 560 sanctus
830 505 958 559 claudius
975 507 1027 560 sihi
1043 508 1158 574 gratiam
1177 510 1259 574 impe·
1282 520 1365 574 Ὥρα,
1376 535 1441 587 que,

72 612 134 673 travit,
144 615 165 664 et
174 614 234 662 tunc
252 608 344 674 puella
357 606 482 660 ascendit
493 608 618 674 rigorose
639 605 672 658 ad
694 605 818 672 ejusdem
831 606 917 658 sancti
930 605 1035 659 Claudii
1048 606 1150 673 pedum
1168 608 1261 661 oscula

10 734 13 762 r
72 704 1263 780 mmhmwmmmmmmmmmmmmfflmmmmm

10 801 1261 872 :mmmmmmmmmmmmmwmmwn

49 908 151 974 iilpihus
160 906 271 958 distante
283 917 300 956 a
311 904 478 957 monasterio
491 903 578 955 sancti
592 901 724 969 lingendi,
738 901 772 954 ad
785 902 874 967 ipsum
892 903 1099 969 monasterium,
1113 909 1143 955 ut
1155 903 1261 970 praedi·

70 1007 126 1067 citur,
136 1004 277 1063 attulerant,
291 1001 451 1068 interrogati
464 1013 479 1053 a
492 1001 583 1066 priore
595 999 720 1066 ejusdem
736 1001 893 1053 monasterii
912 999 1067 1068 diligenter,
1078 1001 1170 1055 medio
1179 1016 1261 1069 supra

68 1106 101 1157 tei
109 1102 227 1172 cungelia
241 1101 373 1167 praestito
384 1102 552 1165 juramento,
563 1112 646 1165 super
658 1099 699 1152 his
711 1112 781 1165 quae
794 1098 828 1152 de
840 1099 904 1160 rita,
917 1101 1124 1153 conversatione
1137 1106 1164 1153 et
1176 1103 1261 1168 aegri·

67 1202 137 1254 tudine
145 1199 308 1267 supradictae
321 1199 433 1266 virginis
445 1198 657 1264 praemittuntur
670 1198 689 1256 ¹,
703 1198 795 1250 omnia
815 1209 885 1263 quae
904 1195 976 1249 dicta
989 1203 1055 1250 sunt
1067 1197 1149 1250 fuisse
1162 1205 1189 1251 et
1201 1212 1262 1251 esse
1284 1213 1442 1280 'compro-

10 1280 1437 1399 ,mmmmmmmmfflmmfflmwmfflmmmmmmfflffiff

25 1402 50 1453 ll
62 1401 155 1468 giosiset
164 1400 266 1452 cunctis
277 1398 324 1464 qui
338 1396 462 1457 aderant,
476 1394 510 1447 ad
524 1395 656 1461 majorem
669 1393 860 1447 celsitudinem
873 1408 1049 1461 eorumquae
1059 1395 1160 1462 deipsa
1170 1397 1261 1462 puella
1420 1385 1426 1396 '

61 1502 159 1565 noerius
176 1501 332 1553 recitantur.
356 1499 450 1562 ltaque
473 1500 526 1549 tam
546 1495 659 1548 evidens
679 1495 841 1548 miraculum
862 1496 1060 1560 prospicientes
1079 1498 1126 1562 qui
1147 1497 1262 1550 aderant

60 1598 161 1664 uniremi,
173 1598 274 1666 ingenti
287 1595 387 1663 gaudio
406 1594 571 1658 exultantes,
585 1593 691 1646 confusi
711 1598 775 1645 sunt
791 1593 879 1645 imhre
900 1594 1011 1658 copioso
1029 1593 1221 1660 lacrimarum3
1235 1600 1262 1647 ct

60 1697 171 1761 amomis
180 1695 292 1762 pulsatis
304 1696 435 1759 hymnum
448 1704 497 1743 seu
510 1691 646 1744 canticum
665 1691 703 1744 Te
713 1692 811 1743 Deum
825 1691 996 1744 laudamur
1012 1691 1126 1757 praelati
1143 1693 1261 1760 religiosi

60 1798 85 1845 et
102 1795 168 1845 ceteri
187 1792 411 1845 decantaverunt.
426 1792 457 1841 lit
477 1790 523 1855 qui
547 1787 615 1842 uidit
637 1789 824 1840 testimonium
848 1788 986 1852 perhibuit
1007 1790 1152 1842 universus
1168 1796 1262 1844 coetus

14 1892 44 1945 ta
59 1891 228 1957 praedictorum
250 1908 256 1942 :
279 1890 327 1942 nhi
352 1891 504 1941 intererant
526 1900 582 1940 una
607 1901 668 1939 cum
693 1888 821 1953 praelatis
845 1887 979 1954 religiosis
1003 1894 1030 1940 et
1049 1889 1154 1955 uonulo
1176 1891 1263 1942 mulio

58 1989 144 2042 nobiles
159 1998 183 2043 et
201 1988 336 2058 magnifici
359 1987 488 2039 dominus
507 1987 648 2039 lohannes
668 1985 702 2038 de
724 1988 779 2052 Rye
793 1986 881 2049 miles,
895 1985 1024 2039 dominus
1041 1986 1076 2039 dc
1101 1988 1259 2047 Trischatel,

57 2084 1257 2150 mmmmmmfflmmwmmmmmfflmmmmmi

58 2183 89 2237 de
98 2188 209 2255 lteuange,
221 2193 250 2240 et
262 2185 427 2239 Guillermus
439 2183 473 2236 de
486 2183 598 2236 Pallude
611 2183 782 2248 domicellus,
796 2184 898 2248 pariter
914 2197 976 2235 cum
989 2183 1100 2237 domina
1114 2184 1260 2239 catherina

59 2281 1261 2350 mmmmmmmmmmmmmmmmmwmmmmwmmmm

10 2383 44 2437 0
59 2386 168 2436 terrarum
179 2383 278 2437 linibus
290 2382 443 2435 manifesta.
457 2382 497 2434 sit
509 2382 589 2448 igitur
602 2380 636 2433 ed
657 2379 767 2433 laudem
787 2382 835 2434 liei
856 2381 1051 2446 omnipotentis
1063 2387 1091 2434 et
1101 2382 1217 2449 gloriam
1234 2388 1262 2435 et

59 2479 148 2547 gloriosi
158 2484 317 2536 contessoris
330 2480 373 2534 sui
386 2480 491 2533 claudii
511 2479 778 2533 commendationem
796 2493 962 2546 suarumque
980 2481 1196 2534 exhortationem
1209 2483 1261 2535 vir·

60 2579 1261 2644 mwmmmwmfflmmwmfflwwmmmmmm

60 2673 155 2742 ndenh,
173 2677 311 2746 loquendi,
334 2675 463 2744 surgendi
485 2680 514 2727 et
533 2674 692 2728 ambulandi
713 2680 849 2738 caruerat,
861 2676 917 2740 jam
939 2675 1029 2727 suhito
1049 2675 1152 2739 ridere,
1176 2675 1261 2742 loqui,

60 2777 332 2841 mnemoramhulare
352 2776 524 2841 prospicatur
535 2776 544 2794 '
556 2792 563 2838 ;
576 2779 686 2840 etquae
708 2773 776 2825 nihil
793 2774 916 2826 alimenti
937 2774 988 2825 nisi
1012 2775 1155 2825 minimum
1172 2779 1200 2826 et
1216 2776 1261 2827 rix
1279 2788 1347 2842 ηῑα
1359 2794 1425 2846 cod.

13 2873 48 2927 Ξ
62 2873 163 2928 tenelin
173 2890 267 2930 mense
279 2879 396 2942 poterat,
413 2875 470 2940 jam
491 2873 590 2927 cotidie
611 2887 695 2926 unam
708 2877 716 2893 ·
729 2874 827 2926 saltem
848 2874 965 2927 hostiam
982 2873 1165 2939 benedictam,
1178 2879 1207 2927 et
1218 2875 1264 2927 ali·
1281 2887 1367 2944 wod,
1383 2905 1447 2947 um,

66 2971 166 3035 ordiens
175 2978 373 3038 consecratam,
386 2973 506 3038 suscepit
519 2985 581 3024 cum
600 2985 698 3041 magna
717 2971 861 3025 devotione
874 2976 902 3024 ct
912 2973 1060 3040 gratiarum
1072 2974 1179 3026 actione
1192 2973 1264 3039 apud

67 3068 141 3134 leun,
151 3075 192 3141 qui
203 3079 246 3127 est
258 3072 391 3125 mirahilis
403 3072 432 3123 in
444 3072 546 3124 sanctis
558 3072 615 3123 suis
627 3077 655 3123 et
667 3075 777 3123 sanctus
789 3072 817 3122 in
830 3071 958 3123 omnihus
976 3071 1106 3137 operibus
1118 3073 1175 3124 suis
1187 3077 1268 3139 atque

66 3166 195 3226 heredium
206 3178 234 3226 et
244 3172 381 3241 gloriosus
393 3172 421 3222 in
435 3170 543 3223 saecula
556 3170 739 3223 saeculorum.
752 3172 847 3222 Amen.

197 3271 392 3325 mentum
411 3267 546 3336 [mxi
558 3267 754 3333 navigando
770 3270 878 3320 lacum
898 3269 1093 3322 uusennae

13 3364 49 3415 ³)
77 3364 180 3428 quidam
196 3368 406 3434 mustacium
417 3368 570 3429 recerunt,
584 3380 717 3431 quorum
729 3366 860 3431 quidam
871 3366 996 3420 meritis
1013 3367 1103 3421 boati
1123 3370 1248 3423 claudii

438 3465 852 3530 hwmmwmmm

91 3563 196 3620 durerint
205 3567 328 3621 universi
341 3566 416 3633 quod
428 3577 502 3619 anno
514 3563 622 3618 liomini
637 3564 781 3617 millesimo
793 3574 870 3618 ccccl>
887 3564 1115 3634 quinquagesimo
1127 3569 1225 3634 quinto
1237 3576 1264 3622 et

62 3657 166 3727 dicioris
179 3667 306 3721 vicesima
324 3677 397 3718 nona
413 3664 515 3716 mensis
537 3663 612 3731 maii,
631 3660 699 3716 hora
721 3663 821 3716 missae
836 3664 923 3717 sancti
945 3665 1066 3731 Eugendi
1084 3667 1265 3731 personaliter

62 3762 155 3814 ament
162 3764 193 3817 ad
204 3763 348 3819 ecclesiam
361 3763 503 3817 beatorum
517 3761 637 3828 lingendi
650 3766 677 3814 et
695 3761 799 3815 Claudii
812 3762 1002 3816 consessorum
1015 3764 1134 3817 liicodus
1151 3765 1262 3831 Gyrodi,

17 3855 221 3925 viandum,
242 3862 387 3930 burgensis
407 3859 443 3914 de
463 3864 586 3924 Tonone,
608 3860 706 3914 aetatis
727 3861 908 3929 quadraginta
928 3861 1047 3915 duorum
1064 3876 1200 3917 annorum
1219 3865 1262 3918 vel

61 3951 131 4021 eirea,
140 3965 164 4011 ut
173 3962 273 4027 asserit,
286 3960 383 4014 dicens
394 3972 425 4014 se
433 3959 536 4012 hahere
547 3963 643 4013 votum
657 3972 721 4027 erga
738 3959 841 4012 dictum
860 3965 984 4013 sanctum
997 3960 1139 4014 Claudium
1153 3969 1263 4029 propter
1289 3968 1292 3973 ’

64 4057 191 4125 mouentia,
200 4073 270 4128 quae
281 4073 330 4126 per
338 4060 525 4126 juramentum
540 4064 660 4111 suomet
671 4072 722 4124 ner
734 4064 826 4112 votum
835 4071 914 4111 suum
924 4060 1023 4112 asserit
1034 4073 1097 4113 vera
1110 4061 1178 4114 iore.
1188 4062 1263 4116 t'idc·

63 4147 129 4217 lieet,
138 4158 196 4220 quod
206 4158 248 4212 die
258 4160 342 4212 lunae
362 4156 525 4224 praeteritae
545 4156 637 4210 dictus
660 4156 795 4223 Nycodus,
817 4159 956 4211 lohannes
976 4161 1081 4223 honor,
1099 4162 1264 4225 aymonetus

63 4246 199 4307 (oschetel
208 4257 313 4323 quidam
326 4255 451 4322 eiusdem
463 4256 605 4322 dymoneti
617 4255 700 4319 iilius,
714 4255 749 4308 de
762 4258 883 4321 Tonone,
894 4261 921 4309 et
931 4256 1199 4324 quidamlohannes‚
1212 4260 1264 4314 loci

14 4342 49 4393 Ι
64 4340 98 4395 (¹2
109 4347 199 4417 Vetto,
211 4365 239 4408 ac
250 4357 344 4409 Petrus
364 4357 483 4421 hesrom,
498 4354 623 4408 notarius
635 4354 687 4409 loci
706 4355 742 4408 de
763 4357 877 4423 llorges,
890 4356 937 4422 qui
960 4369 976 4409 a
994 4356 1065 4410 dicto
1078 4357 1138 4411 loco
1149 4359 1266 4427 ilorgiae

97 4541 130 4604 tt)
142 4543 261 4615 dinihid,
274 4567 299 4619 ρ.
312 4555 371 4618 diii,
385 4566 434 4604 nn.
450 4554 491 4617 lli,
506 4552 545 4605 td.
560 4551 614 4604 Clr.
629 4564 718 4619 supra,
734 4564 758 4617 o.
773 4554 815 4617 23,
828 4558 885 4607 not.
898 4555 923 4605 Ξ.
