3156 5452
230 305 297 373 530
568 324 692 375 earm.
713 326 814 376 cono.
834 326 1007 377 naaman.
1027 326 1106 376 nur.

229 489 383 543 miserantis
400 492 445 544 liei
465 504 534 544 nova
554 490 626 545 dona
647 498 788 559 stupentes
810 495 951 560 mirantur,
965 495 1029 548 binc
1049 491 1136 547 sancti
1157 492 1208 546 viri
1231 491 1323 546 iidem
1343 493 1456 547 summis

230 588 357 642 laudibus
369 590 507 643 attollunt.

261 690 292 742 9.
305 691 376 753 Quas
393 689 489 742 laudes
502 690 574 759 vulgi
592 690 634 742 vir
654 696 763 745 sanctus
775 705 831 746 non
844 693 945 757 terens,
965 690 1084 746 abeundi
1096 702 1193 744 causas
1210 691 1315 745 anxius
1336 691 1458 759 quaerit;

230 788 279 841 sed
291 789 381 842 clerus
396 793 423 840 et
435 789 560 856 populus,
575 803 610 842 ne
631 803 679 843 eos
691 790 839 858 desereret,
854 792 1003 858 impensius
1022 790 1182 844 exorabant.
1195 791 1228 841 lt
1250 790 1312 855 ille,
1327 790 1457 844 ordinatis

231 901 301 954 quae
324 887 427 955 agenda
451 890 598 955 instabant,
622 892 760 958 quendam
784 893 994 945 antiochensem
1016 891 1115 956 virum,
1140 890 1255 943 nomine
1281 891 1483 955 borotbeunr‚i

231 988 393 1055 prudentem
407 994 489 1057 atque
509 991 662 1056 providum,
677 1005 760 1058 super
781 993 889 1061 negotia
910 993 1024 1045 fratrum
1044 991 1171 1056 instituit,
1184 989 1290 1044 debinc
1304 990 1455 1046 valedicens

232 1087 358 1141 iratribus
370 1089 451 1142 exivit
463 1094 490 1142 et
502 1089 571 1142 abiit
590 1103 606 1144 a
619 1090 739 1156 praefato
759 1092 857 1144 abbate
869 1092 959 1145 sirino
977 1089 1011 1143 ad
1023 1091 1162 1158 quendam
1183 1087 1350 1144 solitudinis
1362 1090 1457 1145 locum.

232 1187 273 1240 lbi
293 1201 342 1254 per
360 1195 464 1254 septem
476 1191 535 1244 dies
555 1191 725 1255 immoratus,
738 1204 821 1258 super
842 1189 965 1245 infirmos
985 1191 1106 1257 potentis
1126 1188 1173 1242 bei
1196 1189 1277 1257 sigua
1299 1203 1359 1244 non
1378 1202 1457 1258 pauca

231 1284 327 1338 edidit.
340 1286 423 1355 igitur
444 1288 541 1342 iratres
554 1289 720 1353 monasterii,
734 1302 796 1342 cum
809 1301 930 1342 essemus
942 1289 991 1356 ibi,
1005 1291 1186 1341 narraverunt
1197 1288 1280 1342 nobis
1299 1289 1367 1357 quia
1377 1289 1418 1347 leo
1429 1286 1460 1341 de

232 1385 299 1438 silva
311 1385 395 1440 multa
416 1385 518 1440 damna
533 1388 586 1439 illis
607 1388 758 1453 interebat3
780 1389 826 1454 qui
847 1387 952 1442 crebris
972 1387 1178 1440 incursionibus
1197 1393 1327 1440 armenta
1347 1387 1455 1442 mrum
1470 1384 1493 1436 n

232 1483 393 1550 dilaniabat,
406 1492 433 1538 et
444 1499 500 1538 non
513 1491 619 1540 tantum
632 1487 759 1541 innocuis
770 1487 897 1555 gregibus
909 1487 957 1540 sed
977 1491 1004 1540 et
1015 1485 1176 1539 bominibus
1188 1485 1387 1541 insidiabatur.
1400 1488 1458 1540 Tur·

232 1584 286 1636 bati
300 1597 348 1650 per
360 1584 468 1638 assidua
481 1585 579 1638 damna
591 1585 737 1653 agricolae,
750 1586 772 1637 si
791 1585 901 1653 quando
919 1599 983 1639 eum
1002 1591 1095 1639 coacta
1110 1597 1193 1637 manu
1211 1586 1344 1653 persequi
1362 1585 1456 1641 votuis-

232 1687 303 1752 seut,
317 1683 364 1736 ille
385 1684 457 1737 inter
477 1683 562 1737 densa
583 1685 714 1738 silvarum
734 1698 764 1738 se
776 1690 918 1751 receptans
941 1683 1225 1750 delitescebat3binc,
1243 1684 1317 1739 mma
1338 1690 1456 1754 cogente,

233 1782 387 1836 iterumad
413 1789 504 1837 notam
527 1783 656 1850 praedam
679 1784 779 1837 exibat.
800 1784 921 1839 Audiens
942 1785 1008 1837 baec
1032 1788 1110 1850 pater
1132 1783 1341 1851 serenissimus,
1367 1785 1459 1839 &mna

233 1883 392 1935 monasterii
412 1882 613 1950 aliquantulum
635 1883 786 1949 condoluit,
798 1883 848 1936 sed
869 1884 936 1936 baec
949 1884 1006 1950 ipsa
1026 1884 1127 1937 damna
1148 1883 1223 1950 quali
1241 1883 1456 1949 judicioroonut·
1470 1879 1492 1933 it

234 1980 356 2049 pensavit
373 1994 429 2035 non
451 1981 540 2035 solum
560 1982 725 2036 babitatores
737 1982 789 2036 loci
807 1982 881 2035 illius
893 1982 941 2036 sed
953 1983 1034 2036 etiam
1056 1986 1167 2036 exterae
1189 1981 1320 2052 regiones
1344 1982 1462 2038 audiere.

234 2083 300 2134 llam
314 2082 348 2134 de
370 2081 470 2135 damno
493 2086 618 2136 recenter
639 2083 709 2135 iacto
729 2082 948 2149 colloquentibus
961 2081 1101 2150 iratribus,
1115 2080 1251 2150 siquidem
1274 2082 1406 2151 asellum,
1420 2081 1461 2151 qui

234 2181 269 2235 ad
280 2195 347 2234 usus
367 2182 481 2234 fratrum
501 2182 573 2248 ligna
594 2181 694 2235 cotidie
712 2181 872 2246 advehebat,
885 2194 918 2235 eo
941 2181 1000 2248 ipso
1013 2180 1068 2246 die,
1081 2193 1136 2248 quo
1157 2181 1460 2249 illueconveneramus,

236 2279 388 2344 devorarat,
407 2279 441 2331 de
464 2281 525 2344 boc,
545 2279 667 2346 inquam,
686 2279 905 2347 colloquentibus
926 2279 1065 2344 tratribus,
1084 2279 1143 2346 ipse
1167 2279 1307 2332 modinum
1331 2279 1465 2334 silentium
1522 2272 1528 2283 '

237 2379 334 2445 tenuit,
355 2384 382 2432 et
401 2379 475 2432 velut
496 2378 623 2432 adventui
646 2391 696 2432 suo
716 2392 847 2445 praesens
868 2378 1000 2432 damnum
1018 2379 1135 2445 ipsemet
1152 2378 1312 2447 imputaret,
1325 2374 1498 2447 suspiranti

236 2479 366 2532 iratribus
387 2479 425 2532 ait
439 2494 446 2530 ι
460 2477 571 2546 Nolite,
594 2477 734 2546 inquiens,
756 2477 880 2545 fratres
900 2479 971 2546 mei,
994 2477 1128 2532 alterins
1148 2476 1280 2531 solliciti
1301 2491 1377 2532 esse.
1390 2477 1466 2533 Nam

240 2577 313 2646 fera
325 2577 409 2646 baec,
422 2589 502 2644 qnae
514 2578 596 2631 male
606 2577 705 2632 nomia
717 2578 883 2632 commodis
894 2577 1006 2632 cestris
1030 2575 1254 2645 insidiabatur,
1267 2576 1308 2631 ab
1320 2577 1468 2633 badim

241 2678 293 2733 die
307 2680 429 2733 nuttam
442 2678 525 2732 vobis
540 2679 626 2732 altra
638 2681 694 2732 nat
700 2677 810 2746 pecori
820 2680 922 2732 oestro
936 2678 1051 2747 inferet
1065 2678 1242 2732 laesionem.
1255 2677 1316 2732 Sed
1330 2680 1365 2732 nt
1376 2677 1471 2746 mugit

242 2780 398 2844 stupentes
421 2777 586 2831 consitium
607 2776 663 2829 Dei
683 2776 897 2846 admiremini,
910 2777 980 2843 ipsa
1001 2776 1119 2843 eadem,
1132 2787 1276 2843 qnacoos
1296 2779 1306 2798 ·
1324 2774 1472 2842 nactaque

244 2875 386 2931 turbabat
399 2877 437 2929 de
448 2879 554 2943 strage
565 2877 754 2930 animalium
766 2879 950 2944 aestrorum,
961 2876 1102 2943 deposita
1114 2873 1254 2943 feritate,
1271 2875 1466 2930 laetabundos
1479 2870 1502 2924 b

245 2989 297 3029 vos
310 2976 426 3042 reddet,
437 2975 645 3042 prodigiaiem
663 2974 811 3030 exbibens
824 2975 1022 3042 famulatam.
1037 2978 1057 3029 0
1071 2975 1139 3028 mira
1152 2976 1224 3027 circa
1236 2975 1380 3030 bominem
1393 2977 1467 3027 istum

245 3075 426 3141 spiritualium
447 3075 594 3140 gratiarum
615 3076 822 3142 praerogativa,
845 3077 873 3127 in
895 3088 949 3141 quo
969 3075 1019 3127 tria
1044 3072 1188 3127 considero
1209 3074 1353 3141 iusignia:
1375 3087 1466 3129 mum.

246 3176 318 3241 quod
330 3175 429 3227 absens
443 3175 538 3239 spiritu
555 3173 627 3227 videt
639 3174 705 3240 quid
719 3175 814 3239 procul
836 3175 924 3241 posita
937 3175 1007 3226 inter
1028 3174 1114 3226 densa
1128 3174 1258 3226 silvarum
1279 3175 1364 3240 agitet
1375 3173 1469 3236 belua;

247 3276 372 3339 alterum,
386 3274 459 3341 quod
473 3274 588 3325 naturali
611 3275 715 3327 feritate
729 3275 896 3327 saevientem
910 3287 1019 3339 semper
1036 3274 1152 3326 bestiam
1169 3273 1298 3326 manibus
1312 3271 1469 3326 medicando

247 3379 413 3438 contrectat;
428 3373 547 3436 tertium,
563 3373 636 3438 quod
659 3373 818 3426 indomitam
832 3373 917 3425 ieram
939 3374 967 3424 in
980 3386 1060 3425 usum
1082 3371 1232 3425 famulandi
1246 3371 1337 3424 reddit
1352 3365 1504 3424 mansueii

247 3480 310 3526 tam.
326 3471 402 3537 Quod
420 3472 535 3538 qualiter
548 3477 637 3524 aetum
659 3473 702 3536 sit,
718 3485 773 3524 non
794 3472 903 3525 silentio
924 3472 1164 3538 praetereundum.
1180 3474 1265 3524 Porro
1289 3471 1333 3524 leo
1355 3482 1469 3537 prorum·

250 3585 318 3637 pens
330 3585 345 3623 e
359 3571 477 3623 latibulis
489 3575 645 3635 pascentem
659 3571 727 3622 torto
740 3571 936 3637 incursaverat‚
945 3576 972 3623 et
983 3571 1049 3622 dum
1063 3576 1170 3636 raptum
1184 3570 1300 3624 asellum
1313 3570 1386 3622 inter
1397 3581 1469 3622 arun·

252 3671 361 3723 dineam
370 3671 463 3722 silvam
472 3670 642 3733 dilaceraret,
649 3683 713 3721 casu
723 3675 867 3736 praeacuta
875 3670 974 3735 stipula
981 3669 1231 3723 tractaearundiuis
1240 3671 1388 3723 saevientis
1396 3668 1470 3722 bostis

251 3771 329 3823 oculo
342 3768 472 3836 infigitur,
486 3781 556 3834 quae
579 3769 729 3820 immodicis
743 3769 909 3822 cruciatibus
930 3766 1055 3821 allectum
1077 3773 1132 3821 tota
1144 3768 1189 3821 die
1210 3773 1237 3820 et
1258 3769 1384 3834 sequenti
1399 3771 1470 3820 noete

251 3871 311 3921 sinc
329 3881 426 3921 somno
445 3865 564 3919 reddidit
584 3865 779 3919 aduersarium.
794 3871 870 3919 blane
893 3873 984 3920 autem
1006 3866 1086 3933 iacto,
1099 3867 1142 3920 leo
1154 3866 1189 3919 ad
1208 3868 1321 3932 januam
1339 3858 1504 3926 coenobii&

251 3983 330 4037 aegre
351 3970 422 4034 licet,
436 3968 608 4034 progreditur
629 3975 653 4020 et
667 3968 703 4020 ibi
726 3969 801 4021 velut
813 3972 934 4034 patratae
955 3967 1046 4020 caedis
1068 3968 1195 4020 conscius
1216 3966 1409 4033 prosternitur.
1419 3966 1471 4016 tam

252 4068 329 4122 dolor
340 4067 374 4120 ad
387 4067 477 4119 vitalia
491 4079 672 4132 prorumpens
684 4068 789 4120 crebris
806 4067 906 4120 ictibus
919 4070 1034 4118 mortem
1053 4065 1170 4117 vicinam
1186 4066 1353 4131 minabatur,
1365 4078 1425 4118 cum
1437 4060 1470 4112 vir

253 4169 359 4221 bomini
377 4167 582 4233 superveniens,
596 4165 770 4232 languentem
791 4166 978 4219 adversarium
1000 4166 1156 4229 miseratuS,
1169 4165 1278 4218 oculum
1301 4164 1384 4233 digito
1396 4159 1471 4228 tetigit

253 4275 280 4322 et
292 4269 368 4335 signo
381 4266 469 4318 crucis
484 4266 609 4330 imposito
623 4263 734 4318 iniluam
747 4272 851 4331 pestem
868 4265 1001 4329 extraxit3
1015 4270 1042 4316 et
1054 4265 1185 4317 continuo
1204 4265 1355 4317 instaurata
1367 4262 1472 4317 sanitate

252 4369 279 4420 in
292 4367 454 4432 obsequium
466 4366 580 4417 fratrum
602 4365 805 4430 inculpabiliter
818 4378 979 4431 permanere
1002 4365 1127 4416 instituit.
1142 4366 1179 4416 lta
1194 4365 1313 4417 novitius
1328 4367 1409 4418 irater
1421 4350 1506 4430 greti

251 4479 417 4535 gonr‚q11cru
438 4465 518 4530 paulo
539 4470 602 4516 ante
624 4463 744 4516 laniabat
765 4464 922 4528 crudeliter,
936 4463 1107 4529 postmodum
1129 4464 1247 4516 servavit
1267 4465 1354 4518 etiam
1373 4464 1474 4531 jejunus

254 4565 442 4620 oboedienter.
