3136 5482
286 358 379 407 erun.
400 356 481 406 unu.
501 356 615 406 rnnrs.
635 376 681 385 —
696 355 850 405 neruum.
870 357 918 404 nu
934 355 1011 405 con.
1031 357 1106 404 amc.
1246 340 1313 406 269

14 542 17 553 ·
57 536 155 579 sexus
177 525 326 579 etaetatis
348 537 403 578 non
423 523 566 576 minimam
586 521 800 587 multitudinem,
822 528 957 576 catervam
981 537 1091 591 quoque
1114 524 1312 578 uenerabilium

55 624 286 683 monachorum,
301 622 336 676 ad
349 622 553 689 suscipiendum
575 621 761 675 venerabilem
775 623 933 674 tnesaurum
953 623 982 675 in
1003 622 1062 676 loco
1073 623 1129 689 jam
1145 624 1218 677 dicto
1230 623 1313 677 adve-

61 723 121 776 nit.
142 724 276 789 cumque
296 721 460 776 venerabilis
480 720 538 775 bdo
550 721 635 774 abbas
647 722 785 787 ceterique
797 721 881 787 bajuli
900 720 985 774 sancti
998 722 1119 788 corporis
1131 721 1166 775 ad
1178 720 1314 776 desidera·

10 872 16 889 ,
60 827 132 877 tum
145 821 257 876 dludus
277 820 465 887 pervenissent
485 820 585 886 locum,
610 820 639 871 in
659 820 802 873 ecclesiam
819 825 928 873 sanctae
941 812 1138 888 belgenitricis
1151 834 1314 888 semperque

10 924 45 997 [ᾗ
60 921 195 989 virginis
206 921 318 987 itariae,
330 932 400 988 quae
412 920 517 973 cunctis
529 918 565 972 ad
577 920 772 973 monasterium
784 919 878 973 venire
899 920 1072 985 cupientibus
1085 920 1199 973 babetur
1211 921 1312 986 pervia,

10 1014 21 1097 ζ
59 1020 223 1076 humiliter
234 1021 376 1073 introeunt
387 1023 415 1071 et
426 1024 549 1072 sanctum
562 1029 663 1085 eorpus
675 1018 778 1072 ibidem
793 1017 924 1072 orationis
937 1019 1022 1088 gratia
1035 1018 1186 1085 deponunt.
1200 1021 1314 1073 Sanctus

10 1096 16 1173 {¹
60 1124 176 1177 autem
186 1119 312 1186 pontifex
325 1121 430 1172 leneas
441 1118 593 1184 suscipiens
605 1117 672 1171 illud
686 1118 804 1184 propriis
825 1118 956 1184 imposuit
968 1119 1098 1185 bumeris,
1112 1123 1213 1171 etcum
1226 1117 1315 1173 multi·

10 1218 22 1289 ζ
61 1220 179 1275 tudine
190 1217 393 1272 venerabilium
405 1216 603 1270 monachorum
624 1221 652 1268 et
673 1216 868 1271 numerositate
880 1217 1060 1283 plurimorum
1072 1230 1138 1271 suae
1151 1218 1223 1271 sedis
1234 1230 1314 1272 cano·

10 1302 16 1369 ἵ
60 1320 209 1375 nieorum
220 1322 304 1384 atque
317 1329 414 1385 magna
426 1314 600 1369 multitudine
619 1315 715 1381 plebis,
737 1329 808 1382 quae
826 1330 889 1370 cum
901 1329 998 1384 magna
1011 1316 1148 1371 alacritate
1161 1330 1314 1384 magnoque

10 1396 181 1535 *gaudio
208 1416 393 1483 undequaque
421 1418 595 1481 conuenerat,
621 1416 649 1467 in
671 1415 766 1480 maiori
788 1416 902 1469 ecclesia
923 1421 1032 1471 sanctae
1052 1416 1190 1484 genitricis
1215 1417 1313 1470 cbristi

10 1540 16 1577 r
60 1518 182 1575 leriae
193 1516 336 1583 sanctique
355 1515 425 1569 Petri
446 1515 630 1581 apostolorum
651 1515 791 1582 principis,
812 1515 860 1568 ubi
877 1516 1048 1570 uenerabiles
1059 1516 1219 1570 coenobitae
1233 1522 1312 1569 nocte

10 1588 24 1687 f
58 1618 183 1685 dique
194 1616 311 1670 Domino
323 1615 419 1668 devote
440 1614 651 1677 famulabantur,
675 1621 833 1667 reverenter
850 1615 1009 1681 deportavit,
1022 1617 1128 1668 cunctis
1139 1616 1186 1682 qui
1199 1615 1312 1668 aderant

10 1688 26 1819 ἰ
60 1729 143 1773 voce
153 1714 270 1769 excelsa
281 1715 366 1768 iteum
375 1713 559 1779 laudantibus,
570 1713 795 1766 benedicentibus
807 1717 889 1780 atque
903 1712 1126 1781 glorificantibus,
1140 1726 1214 1768 anno
1227 1717 1314 1768 incar·

62 1816 131 1871 mii
146 1814 236 1866 Verbi
254 1812 497 1877 dcccmlxmoviiiu,
520 1810 670 1865 indictione
691 1813 787 1878 prima,
810 1813 888 1865 tertia
910 1812 1015 1865 decima
1028 1812 1072 1865 die
1085 1814 1187 1866 mensis
1204 1823 1313 1867 nouem-

38 1984 42 1989 ·
59 1914 144 1982 bris,
157 1918 248 1980 atque
259 1912 354 1966 festivo
367 1913 431 1965 satis
443 1911 574 1978 obsequio
586 1910 713 1965 sollemni
725 1916 834 1965 sanctae
846 1911 998 1965 deuotionis
1010 1911 1100 1965 studio
1111 1913 1138 1965 in
1151 1924 1213 1966 arca
1227 1913 1313 1966 ierrca

32 2012 37 2019 '
61 2012 107 2069 nd
121 2014 184 2067 boc
196 2010 287 2078 ipsum
300 2016 459 2078 praeparata
472 2009 625 2064 recondidit
636 2008 735 2063 cilicio.

10 2164 13 2173 ,
104 2110 162 2165 18.
180 2111 311 2177 Sequenti
324 2115 414 2164 autem
426 2122 500 2164 anno
511 2109 742 2163 clementissimus
756 2122 800 2162 rex
814 2110 936 2173 llarolus,
951 2110 1018 2163 dum
1031 2124 1046 2163 a
1059 2111 1181 2177 partibus
1194 2113 1313 2179 Burgun-

63 2210 140 2265 diae
154 2214 352 2273 reverteretur,
365 2208 491 2277 dignatus
511 2215 552 2262 est
572 2208 607 2261 ad
619 2209 669 2262 boc
682 2211 841 2261 Fussalense
853 2210 1029 2272 coenobium,
1042 2208 1117 2276 quod
1129 2208 1208 2262 valde
1220 2208 1313 2279 dilige-

63 2310 122 2365 bat
133 2314 166 2363 et
179 2308 256 2377 quod
268 2308 360 2361 multis
372 2308 450 2363 donis
460 2322 491 2361 ac
503 2308 598 2376 sigillis
610 2309 770 2361 auctoritate
780 2308 878 2375 regalis
887 2307 966 2360 edicti
977 2308 1128 2361 clementer
1137 2308 1312 2373 exaltaverat,

60 2409 165 2481 gratia
181 2408 230 2461 bei
242 2420 289 2461 cor
301 2409 361 2474 ejus
373 2407 524 2474 inspirante
536 2407 666 2460 accedere
679 2412 705 2459 et
718 2407 803 2460 sancti
817 2408 867 2459 riri
880 2407 1104 2461 intercessionem
1121 2419 1226 2460 summa
1238 2420 1312 2460 men·

41 2526 45 2537 ¹
62 2508 109 2565 tis
119 2506 276 2562 devotione
288 2508 437 2573 deposcere
448 2520 521 2561 anno
531 2507 608 2574 regni
621 2508 662 2559 sui
675 2507 849 2559 xxmouiiiiuw
862 2507 881 2572 '‚
893 2507 987 2573 quinta
999 2506 1044 2560 die
1056 2507 1159 2560 mensls
1171 2505 1311 2561 februarii.
1372 2517 1380 2534 ·
1417 2514 1422 2527 ·

65 2607 204 2663 bencus
226 2612 317 2660 autem
339 2607 380 2659 bis
401 2620 450 2673 pro
470 2608 570 2674 quibus
589 2606 746 2665 advenerat,
760 2607 842 2672 petita
854 2606 1116 2673 benedictioneantc
1129 2606 1216 2659 sancti
1229 2608 1312 2660 llauri

31 2732 39 2771 ;
62 2716 194 2773 eorpus,
207 2688 313 2758 cunctis
322 2705 477 2759 tuledicens
489 2705 627 2768 iratribus,
642 2718 704 2758 cum
717 2718 813 2759 eorum
826 2705 936 2757 licentia
948 2705 982 2758 ad
997 2705 1106 2771 propria
1125 2718 1249 2769 reversus
1262 2711 1313 2769 cst,

47 2834 50 2839 ·
63 2803 200 2861 laudm
211 2808 240 2857 et
252 2803 417 2859 benedicens
428 2806 522 2859 licum.
537 2804 586 2868 Qui
599 2809 697 2858 utnon
719 2805 746 2856 in
759 2817 859 2856 vanum
874 2803 1014 2857 videretur
1026 2804 1208 2869 praesentiam
1220 2817 1315 2871 corpo·

61 2902 111 2959 ris
132 2904 228 2956 mucii
248 2902 300 2957 riri
320 2904 418 2969 adisse,
442 2917 498 2957 non
523 2903 614 2956 multis
632 2902 746 2957 evolutis
758 2903 855 2956 diebus
868 2904 1017 2955 transmisit
1030 2903 1128 2956 dilecto
1140 2903 1252 2957 domino
1264 2917 1314 2957 suc

61 2978 174 3057 'lauro
187 3001 244 3055 duo
256 3003 375 3069 pretiosa
387 3002 478 3070 pallia,
491 3006 521 3056 ut
533 3006 657 3055 sanctum
670 3004 728 3069 ejus
739 3015 839 3068 corpus
853 3003 881 3054 in
893 3003 990 3055 diebus
1003 3004 1208 3067 processionum
1221 3010 1248 3056 et
1261 3003 1310 3056 ies·

65 3100 219 3155 usitatum
246 3100 377 3156 decenter
399 3102 581 3157 honoraretur
607 3107 689 3168 atque
710 3107 739 3154 ut
762 3102 822 3167 ejus
843 3102 1041 3155 intercessione
1064 3103 1313 3155 remunerationem

66 3200 218 3268 peremtus
231 3202 300 3255 ritae
311 3201 484 3255 aeternaliter
495 3213 510 3253 a
523 3201 639 3253 bomino
652 3201 793 3266 percipere
809 3205 970 3253 mereretur.

108 3297 166 3351 18.
182 3298 291 3366 exultet
301 3313 367 3367 ergo
379 3300 458 3353 bodie
470 3297 592 3352 fidelium
605 3304 712 3352 caterva
724 3299 925 3352 Fossatensium
944 3300 1149 3366 monachorum,
1162 3301 1314 3367 suscipiens

63 3396 138 3467 elus
151 3408 250 3452 sacros
260 3398 366 3452 cineres
378 3399 456 3465 cuius
468 3399 592 3465 spiritum
603 3398 724 3450 cbristus
737 3398 800 3450 iecit
809 3398 968 3463 participem
977 3403 1134 3450 sanctorum
1144 3398 1313 3465 angelorum.

67 3500 243 3559 entoletur
253 3505 281 3553 et
300 3498 414 3567 gaudeat
432 3511 562 3565 praesens
575 3498 660 3562 locus,
674 3496 755 3556 bodie
767 3503 822 3549 tam
835 3496 952 3563 glorioso
973 3496 1073 3549 ditatus
1088 3509 1212 3550 munere.
1225 3500 1315 3550 baete-

62 3612 142 3655 mor
166 3600 262 3666 itaque
283 3611 380 3652 omnes
401 3597 524 3651 unanimi
550 3597 649 3649 mentis
672 3597 800 3662 puritate,
822 3595 886 3661 quia
910 3595 1082 3648 venerandus
1106 3595 1205 3647 Christi
1229 3595 1313 3650 levita

69 3694 290 3757 numbodie
309 3698 382 3751 bunc
399 3696 489 3750 locum
510 3708 560 3748 suo
576 3694 694 3747 adventu
707 3695 763 3746 siue
783 3694 936 3760 praesentia
958 3695 999 3745 sui
1024 3695 1146 3759 corporis
1166 3694 1312 3748 decorauit.

59 3800 217 3857 teretur
236 3808 252 3849 a
273 3795 352 3849 nobis
364 3808 432 3862 pura
453 3795 544 3848 cordis
555 3793 731 3856 contritione,
744 3798 773 3844 ut
787 3805 856 3859 quos
875 3792 1042 3859 gratulantes
1055 3792 1118 3845 iacit
1138 3793 1179 3845 sui
1191 3793 1313 3859 corporis

180 3895 267 3955 tione,
277 3893 415 3962 jucundos
428 3894 507 3947 iaciat
521 3894 548 3944 in
562 3891 616 3945 line
637 3905 685 3944 sua
698 3891 870 3950 defensione,
884 3893 1025 3957 sociosque
1038 3903 1089 3945 nos
1111 3892 1161 3944 sibi
1184 3891 1315 3944 adsciscat

47 4006 127 4053 --m
139 4001 242 4049 aneta
254 3993 459 4046 intercessione.

106 4094 165 4149 1⁴.
191 4092 256 4147 iiies
279 4096 371 4145 autem
396 4091 577 4156 susceptionis
602 4092 725 4155 corporis
751 4087 901 4141 uenerandi
922 4088 1087 4142 confessoris
1110 4090 1207 4142 cbristi
1231 4091 1314 4142 bauri

59 4191 300 4259 muatimcum
322 4202 420 4259 magna
435 4189 547 4242 lionoris
565 4188 651 4256 gloria
672 4186 842 4240 sollemniter
862 4187 1015 4240 celebratus
1027 4191 1069 4240 est
1089 4185 1161 4239 adie
1181 4187 1314 4240 adrentus

125 4292 158 4346 iu
182 4291 282 4345 eodem
304 4289 366 4342 loco
378 4300 466 4354 usque
478 4286 512 4340 ad
532 4292 638 4352 tempus
663 4297 717 4353 quo
735 4287 801 4339 baec
822 4286 879 4352 ipsa
892 4285 1006 4339 ecclesia
1027 4286 1055 4338 in
1077 4286 1182 4338 bonore
1196 4286 1315 4338 nominis

143 4390 152 4404 ‘
178 4388 362 4444 ’consecrata
374 4392 426 4440 est.
440 4388 518 4439 Anno
538 4390 629 4438 autem
650 4385 782 4437 incarnati
796 4384 875 4436 Verbi
889 4383 1031 4437 millesimo
1054 4394 1145 4446 xxxffl,
1168 4383 1317 4438 indictione

55 4556 59 4561 Ι
79 4554 83 4561 ,
134 4490 178 4557 ili,
192 4486 318 4544 dedicata
331 4492 416 4553 atque
428 4483 575 4538 benedicta
588 4489 627 4536 est
639 4482 736 4536 eadem
749 4482 862 4535 ecclesia
875 4483 904 4534 in
917 4484 1021 4536 bonore
1032 4482 1139 4536 bomini
1154 4482 1239 4536 nostri
1251 4485 1315 4535 iesu

127 4590 134 4603 ·
164 4590 249 4641 'sire
269 4590 299 4639 in
313 4583 490 4638 veneratione
508 4583 640 4651 gloriosae
661 4582 721 4645 ejus
742 4581 880 4648 genitricis
902 4587 929 4633 et
949 4594 1059 4647 semper
1079 4581 1190 4648 virginis
1212 4581 1310 4635 ilariae
