3136 5482
169 330 235 394 440
511 341 636 392 caran.
656 340 759 390 cono.
777 340 953 391 moroan.
972 339 1056 391 nur.

166 513 238 567 cirea
250 524 403 577 vesperum,
417 510 489 564 dioto
503 507 719 562 christicolarum
734 521 810 562 more
823 523 829 559 :
844 508 915 560 Pom
927 507 1129 573 heliodorum,
1147 508 1288 563 adomino
1298 509 1386 564 domus

150 612 313 685 ,hospitium
326 611 377 663 sihi
392 610 469 676 petiit
478 609 609 662 exhiheri.
621 611 722 661 [lomus
731 613 822 661 autem
832 607 961 662 dominus
970 609 1057 661 saneti
1067 609 1119 661 viri
1128 622 1276 674 personam
1285 608 1384 663 intuens

166 717 192 764 et
205 711 233 762 in
246 711 303 776 ipsa
317 721 451 776 personae
463 706 682 761 consideratione
691 706 822 773 quiddam
843 712 967 759 sanetum
986 707 1218 771 animadvertens,
1231 708 1342 761 libenter
1351 708 1382 761 ait

167 810 314 876 hospitium
326 809 376 862 sihi
391 822 420 861 se
432 808 619 874 praebiturum
633 813 659 859 et
670 819 741 873 quae
751 812 843 859 essent
856 807 1009 860 necessaria
1027 807 1182 861 voluntarie
1193 808 1379 875 suppedlitlttu·

164 924 235 963 rum.
249 912 319 962 llaee
332 909 446 961 audiens
459 912 571 961 sanetus
584 910 720 967 Ronanus,
742 907 861 972 primum
878 909 931 959 [teo
952 907 1052 974 gratias
1076 908 1131 974 egit
1151 912 1181 961 el
1192 914 1285 974 postea
1302 908 1401 975 petitot

165 1024 225 1063 rum
239 1009 359 1076 largitori
371 1007 491 1060 lideliter
502 1005 651 1060 benedixit.
667 1007 764 1058 Mansit
773 1012 863 1058 autem
878 1005 924 1058 ille
936 1005 1042 1059 deieola
1055 1006 1102 1060 illo
1115 1020 1178 1060 eum
1192 1008 1313 1062 muricula.

162 1217 213 1273 no
239 1213 366 1271 mutua
398 1208 629 1270 collocutione
653 1207 770 1269 saneti
801 1209 838 1268 et
859 1207 1012 1279 hospitis
1036 1209 1073 1269 et
1096 1207 1146 1269 de'
1165 1208 1317 1269 oratorio
1336 1212 1370 1269 ah
1428 1216 1431 1253 Ι

226 1313 379 1382 utroque
393 1310 596 1369 oonstrueho
611 1322 656 1368 ao
669 1307 768 1380 regis
783 1307 954 1368 Gradloui
968 1306 1151 1379 adipsum
1165 1310 1322 1369 adventu.

198 1505 230 1558 8.
243 1507 310 1558 cum
323 1516 387 1556 vero
400 1516 448 1569 per
459 1503 562 1569 aliquot
574 1502 632 1556 dies
645 1502 686 1554 rir
698 1506 808 1554 sanetus
820 1502 849 1554 in
869 1501 979 1568 praefati
999 1500 1135 1555 ruricolae
1152 1502 1234 1557 domo
1253 1502 1368 1555 mausitstt
1427 1444 1431 1541 Ι

165 1611 193 1658 et
205 1605 233 1658 in
247 1604 292 1657 liei
304 1603 500 1669 omnipotentis
513 1600 594 1655 laude
607 1603 699 1655 animo
712 1601 880 1655 indedeienti
893 1606 1091 1669 perseveraret,
1115 1582 1225 1671 rogatus
1242 1608 1280 1656 est
1296 1604 1324 1657 ah
1333 1602 1365 1655 ho
1378 1600 1398 1654 tt
1426 1548 1431 1665 l

165 1706 234 1771 spite
245 1708 276 1756 ut
288 1703 361 1756 unde
374 1703 478 1755 veniret
490 1707 517 1755 et
527 1714 582 1767 quo
594 1701 719 1753 tenderet
729 1702 871 1754 manifeste
880 1701 932 1754 sihi
942 1703 1108 1767 propalaret.
1121 1704 1171 1755 dui
1191 1703 1310 1770 inquiens
1324 1714 1367 1755 san·
1428 1676 1431 1733 ἔ

165 1810 224 1857 etus
242 1803 281 1855 sie
301 1800 397 1855 allatus
407 1809 447 1854 est
456 1804 586 1855 lionanus
597 1817 603 1853 :
615 1802 676 1867 Epo
686 1791 810 1867 quictem
819 1814 932 1868 periere
943 1801 1057 1868 Seuius,
1071 1802 1202 1857 natione
1213 1800 1367 1856 immmod-

167 1917 235 1969 terra,
249 1915 340 1969 opens
355 1901 494 1956 omnium
502 1914 583 1968 quae
591 1901 653 1954 mei
659 1900 767 1968 patris
779 1900 870 1967 [ltere
880 1903 989 1967 spon-te
1000 1901 1108 1968 faetus
1117 1901 1153 1956 oh
1163 1901 1253 1956 itlius
1260 1912 1368 1955 moerent

166 2003 222 2070 qai
227 2015 288 2069 pro
308 2001 395 2055 nohis
414 2001 558 2068 pratella
569 2000 689 2067 pietate
706 2000 813 2067 faetus
832 2003 878 2053 eat
898 2013 1023 2067 opertus,
1048 2001 1084 2053 rii
1104 2000 1161 2057 hoo
1181 2002 1308 2055 exilium
1316 1998 1368 2053 reti

166 2103 338 2168 ultroneus,
352 2100 475 2166 inqiora
487 2099 627 2151 dimissis
640 2098 674 2150 in
691 2099 742 2151 die
758 2098 975 2153 retributionis
983 2098 1023 2152 ah
1035 2099 1103 2167 ipso
1110 2094 1397 2169 werpereoeriutdl

165 2212 235 2254 cum
249 2200 305 2252 itio
312 2202 384 2266 post
396 2197 549 2251 hominem
567 2196 656 2251 homo
667 2196 800 2264 seiherus
811 2200 841 2250 et
863 2197 898 2249 in
910 2199 1099 2265 perpetuum
1116 2197 1233 2266 absque
1249 2198 1325 2253 calet
1337 2194 1368 2248 ri

166 2303 285 2356 citerus.
299 2300 359 2353 ille
367 2299 450 2352 eni-m
459 2311 536 2352 stiae
543 2297 784 2352 resurrectionis
795 2298 1053 2364 emernplorotam
1060 2297 1208 2366 fidelihus
1216 2294 1369 2369 repatrptadt'

168 2399 319 2468 fiduciam
332 2397 450 2465 tribuit,
464 2399 572 2464 etpost
584 2397 692 2450 camois
699 2396 957 2451 resurrectionem
966 2392 1369 2465 senpiternaeptormemtu

166 2498 326 2567 promittit
337 2496 570 2563 beatitudinem,
583 2497 613 2549 si
628 2499 752 2551 nostros
769 2496 958 2563 corripeiites
977 2500 1124 2551 eoecesous
1135 2496 1307 2565 praecepto
1321 2494 1369 2561 dut

168 2597 357 2653 oboedientes
368 2596 534 2665 fiterimus.
548 2597 610 2650 Per
621 2595 676 2650 hoc
688 2595 812 2662 quidem
823 2608 880 2649 rios
891 2595 952 2649 sibi
962 2595 1082 2662 fratres
1090 2597 1166 2665 fieri
1181 2589 1398 2665 manifestati-¹⁸

167 2711 215 2752 mo
222 2696 427 2765 praeropavit
439 2695 564 2762 indicio,
581 2695 663 2749 sieut
676 2694 742 2762 ipse
752 2694 800 2748 ait
814 2695 849 2748 irt
860 2694 1030 2762 evanpetio.
1046 2695 1099 2749 Ait
1110 2696 1216 2749 euim:
1232 2713 1242 2747 r
1258 2695 1370 2756 οιιιωκ·

169 2810 227 2864 que
238 2795 348 2862 fecerit
365 2795 555 2848 uoluntatem
571 2792 679 2861 patris
698 2793 760 2846 mei
780 2793 836 2860 qui
857 2794 892 2846 in
911 2794 1009 2848 caetis
1026 2797 1081 2861 est,
1105 2794 1267 2863 ipsemet
1282 2793 1369 2862 W·

169 2907 259 2949 soror
271 2896 300 2945 et
312 2895 414 2946 enatet·
425 2895 479 2945 est.
496 2910 506 2939 i
522 2894 592 2945 llaec
605 2897 632 2944 et
645 2893 686 2943 his
700 2892 798 2945 similia
812 2898 905 2946 saneto
919 2893 1098 2946 ratiocinante
1109 2896 1233 2958 lionano,
1245 2892 1370 2961 praedictus

171 2994 287 3048 ruricola
299 2994 380 3046 eorde
393 2993 516 3046 condens
528 2995 586 3058 ejus
601 2994 711 3055 lamina,
725 2994 848 3046 oscitavit
861 2992 888 3044 in
902 2994 968 3045 haee
986 2993 1068 3046 verha
1083 3008 1090 3044 :
1104 2994 1229 3046 &inme
1239 2993 1290 3046 Dei
1297 3000 1369 3047 emti.

169 3107 259 3148 sacro
274 3094 391 3159 plenus
411 3092 540 3160 saraiae,
563 3094 620 3145 lum
643 3094 749 3145 trecens
772 3093 806 3144 io
827 3091 973 3159 calipirte,
997 3091 1158 3146 nobiscum
1180 3082 1398 3158 martensele}

170 3192 334 3258 aliquanto
349 3194 491 3257 tempore.
506 3192 567 3243 Per
580 3194 608 3244 te
616 3192 698 3243 enim
709 3193 798 3244 Jesrts
812 3191 963 3257 oedipode
974 3190 1055 3245 hatte
1064 3193 1185 3246 terram
1197 3186 1369 3246 fleotomum

171 3288 314 3342 ueritatis
329 3290 428 3342 lucent
440 3288 624 3355 dipnabitur
637 3287 815 3356 infindere,
830 3289 981 3356 qualinam
992 3292 1105 3343 saneta
1123 3294 1180 3343 tua
1198 3290 1281 3359 facte
1291 3286 1369 3341 dieu·

171 3390 215 3440 tes
229 3390 345 3453 tuaque
356 3386 474 3439 otonitq
487 3387 687 3439 sanctissima
709 3387 872 3440 attdiemtes
889 3390 919 3440 et
936 3401 974 3440 ea
987 3400 1079 3454 opere
1091 3389 1264 3456 adiirrplere
1274 3383 1369 3441 stetu·

172 3488 224 3552 tes,
233 3487 359 3551 patrem
370 3487 514 3536 nostrum
522 3485 699 3552 plorifieent
710 3486 765 3552 qui
778 3486 811 3537 itt
824 3487 921 3540 caetis
939 3489 994 3539 est,
1014 3490 1163 3554 Postquam
1181 3490 1276 3554 hospes
1286 3477 1369 3538 dicendi

170 3583 253 3635 linem
266 3584 338 3648 iecit,
353 3584 392 3633 vir
413 3590 522 3635 sanetus
537 3585 659 3649 petitioni
680 3586 739 3650 ejus
757 3586 863 3638 annuit.
886 3587 1005 3639 Evolutis
1018 3592 1109 3640 aulem
1123 3600 1270 3653 paucorum
1286 3572 1399 3636 diemmffl

169 3681 321 3745 curriculis,
335 3681 506 3746 saepedictus
517 3683 559 3733 rir
570 3688 681 3735 sanetus
691 3684 829 3748 quoddam
842 3686 931 3750 coepit
942 3687 1093 3738 oratorium
1105 3693 1224 3747 struere,
1236 3687 1263 3738 in
1273 3696 1322 3751 quo
1332 3690 1372 3733 ou·

170 3778 236 3831 tioni
251 3783 358 3830 varuret
371 3778 490 3842 assidue,
512 3792 561 3831 suo
583 3780 634 3831 sihi
657 3781 764 3845 hospite
784 3783 924 3847 suppetias
943 3783 1088 3837 inserente.
1107 3783 1283 3837 hedificatum
1294 3780 1373 3834 estote

171 3878 320 3930 oratorium
330 3879 407 3944 juxta
421 3878 515 3930 silvam
529 3882 666 3941 Nemeam,
680 3880 783 3933 scilieet
796 3896 894 3935 neruus
906 3883 971 3935 olim
985 3885 1069 3935 nimis
1083 3885 1207 3951 amplum
1216 3899 1248 3938 ae
1260 3885 1376 3938 helmrih

171 3977 246 4029 ferax
258 3977 410 4030 latibulum.
426 3981 483 4040 Quo
496 3978 524 4029 in
537 3979 596 4032 loeo
617 3981 658 4031 vir
669 3988 780 4033 sanetus
800 3983 905 4034 homini
927 3997 956 4035 se
969 3985 1134 4050 manciparit
1146 3986 1287 4052 obsequio,
1303 3982 1379 4035 erehtr
1429 4020 1431 4035 .

170 4078 320 4141 persistens
333 4078 360 4127 in
379 4078 501 4130 oratione
519 4085 544 4129 et
563 4078 677 4143 jejunio.
701 4081 840 4144 Temporis
854 4081 956 4135 interea
971 4089 1165 4148 praetereunte
1178 4086 1302 4152 spatiolo,
1313 4073 1410 4136 saneffi

168 4177 217 4228 viri
232 4189 279 4240 per
298 4175 466 4241 praediolum
485 4177 564 4228 olima
577 4178 641 4229 felix
654 4178 682 4228 tlt
696 4180 824 4246 cognitio,
839 4187 948 4233 sanetae
961 4185 1133 4248 operationis
1142 4186 1203 4250 ejus
1212 4186 1318 4238 indicio.
1327 4186 1384 4246 Quae

169 4274 304 4339 adusque
324 4276 421 4326 summi
443 4276 573 4340 principis
596 4278 717 4329 notitiam
739 4281 880 4343 pertenit:
896 4294 958 4332 utrm
978 4283 1074 4335 civitas
1087 4297 1173 4350 supra
1187 4292 1305 4339 montem
1317 4284 1388 4350 ptulit

169 4370 270 4422 diutius
282 4372 412 4422 abscondi
426 4373 557 4437 nequivit.
574 4373 648 4425 Unde
663 4375 760 4426 tiletum
776 4381 817 4427 est
831 4383 861 4428 ut
873 4377 1038 4441 Gradlonus‚
1053 4383 1197 4435 Britouum
1212 4386 1327 4451 rex‚qui
1339 4390 1391 4434 luur

171 4469 299 4533 temporis
321 4469 393 4522 illius
414 4472 503 4537 gentis
520 4474 705 4524 monarchiam
727 4476 845 4539 tenohat,
868 4477 1061 4531 collocutionis
1083 4483 1145 4546 ejus
1165 4486 1258 4549 gratia
1275 4480 1396 4552 usquead

169 4567 256 4630 ipsum
269 4568 368 4620 volenti
382 4569 473 4621 animo
483 4572 646 4634 perveniret.
663 4574 718 4623 l'uit
732 4573 841 4638 quidem
855 4588 902 4626 rex
916 4575 962 4628 ille
983 4578 1209 4634 christicolarum
1225 4586 1337 4639 sedulus
1346 4580 1431 4637 atla-tt
