3156 5452
256 304 300 368 76
596 320 719 370 oseis.
739 320 841 370 copo.
860 318 1035 369 unomen.
1054 318 1133 368 ptr.

255 486 470 542 indubitanter
489 499 550 540 nort
570 487 696 541 creditis
707 487 719 539 t
731 490 763 539 lit
775 487 813 539 illi
835 486 966 539 dixerunt
979 502 987 538 ι
1000 486 1046 540 Ne
1068 483 1196 550 dubites,
1216 484 1268 537 cir
1287 484 1354 552 Dei,
1365 485 1452 552 quic,
1463 519 1480 537 .

260 587 353 640 istum
367 586 610 651 resuscitaveris,
623 600 727 641 circites
739 587 906 642 credemus.
920 588 991 640 llaec
1004 585 1059 638 illis
1076 585 1233 639 dicentibus
1251 586 1289 639 ait
1304 585 1403 639 beatus
1414 585 1480 639 dela

102 686 236 769 (bomine-
262 687 341 740 nius:
355 686 483 739 Domine
503 687 575 740 iesu
599 686 725 755 Christe,
738 688 789 754 fili
811 687 865 740 Dei
876 686 971 752 oioi‘,
993 686 1048 752 qui
1068 685 1203 753 fratrem
1224 698 1325 738 meum
1346 686 1480 738 domnin-

103 756 218 879 fflss}
263 785 434 838 martinum
458 788 519 839 tres
539 788 675 840 mortuos
689 786 867 854 permisisti
893 778 1095 852 'resuscitare
1124 786 1274 853 deprecor
1293 787 1331 852 te,
1350 784 1480 852 piissim

109 887 216 963 bomini
256 885 361 951 poter,
376 887 408 936 ut
415 895 476 950 per
489 897 535 937 me
557 884 719 952 indipnnm
731 883 886 953 furnulum
899 887 987 937 tuum
1008 885 1235 951 deprecantem,
1248 886 1283 937 nt
1290 883 1429 951 populus
1440 895 1480 951 pu

72 955 242 1073 ἓζξίῑζὲξδὲ
259 981 440 1037 circumstet
446 984 619 1050 potentiam
632 986 719 1037 tuum
732 983 765 1035 in
777 984 863 1037 nullo
875 983 978 1037 deesse
994 982 1139 1050 confidet,
1152 983 1182 1037 si
1193 985 1249 1037 tuo
1267 980 1369 1050 suerit
1387 982 1480 1036 cotun

201 1060 207 1084 '
239 1059 317 1149 tos,
330 1081 459 1135 suscites
473 1083 565 1136 istum
575 1094 721 1150 puerum.
735 1084 767 1135 lit
778 1083 844 1135 baec
854 1081 959 1143 dicens,
974 1082 1064 1148 posuit
1074 1095 1184 1137 crucem
1202 1094 1286 1148 super
1305 1085 1402 1148 pectus
1420 1095 1480 1135 mor

258 1182 296 1233 tui
307 1199 314 1246 3
329 1187 356 1234 et
367 1183 458 1234 statim
470 1183 596 1235 surrexit.
610 1184 644 1234 itt
655 1183 821 1247 stupefactus
834 1183 924 1235 omnis
937 1182 1063 1249 populus,
1078 1181 1213 1235 clamabat
1225 1181 1321 1236 dicens
1334 1197 1341 1233 :
1353 1179 1476 1247 3*th

256 1292 338 1335 curre
352 1281 507 1335 credimus
519 1282 623 1335 cuncti
634 1283 694 1336 beo
705 1282 970 1350 quempraediect
981 1281 1088 1336 beatus
1101 1283 1157 1337 Det
1169 1281 1311 1348 famulus
1322 1281 1479 1336 Metcnius

293 1382 342 1434 17.
356 1382 477 1448 lienique
498 1382 631 1436 Eusebius
653 1397 700 1436 rex
719 1382 933 1449 crudelissimus,
954 1383 1069 1436 veniens
1089 1381 1124 1435 de
1142 1382 1278 1436 venonica
1297 1382 1408 1436 civitate
1427 1394 1480 1435 cuu

259 1495 308 1534 suo
325 1481 455 1549 exercitu,
469 1483 606 1548 pertendit
625 1496 712 1550 usquc
731 1483 766 1535 ad
787 1483 999 1536 cambliciacum
1023 1482 1124 1547 villam,
1138 1483 1185 1535 ubi
1202 1486 1324 1535 castrum
1344 1481 1429 1535 situm
1450 1492 1480 1541 es

260 1580 333 1646 quod
344 1585 455 1635 vocatur
467 1582 624 1650 llarciacus,
637 1595 719 1648 super
732 1582 848 1636 rivulum
862 1585 917 1634 lita
930 1582 1051 1635 nomine.
1066 1582 1134 1635 ilinc
1145 1581 1271 1648 veniens,
1281 1580 1385 1635 multos
1396 1580 1480 1634 oculo

261 1681 400 1735 bominum
413 1680 472 1734 erui
482 1682 563 1748 jussit
574 1687 601 1735 et
613 1696 710 1735 manus
723 1682 836 1735 abscidi.
850 1684 880 1734 ln
893 1682 951 1749 ipsa
969 1695 1033 1749 ergo
1046 1687 1126 1736 nocte
1147 1685 1287 1749 aegrotare
1299 1682 1391 1747 coepit
1410 1680 1480 1733 varii

261 1780 446 1848 languoribus,
457 1781 493 1833 its
506 1786 536 1833 ut
547 1782 645 1836 medici
657 1783 691 1835 de
704 1783 757 1834 vita
770 1785 829 1850 ejus
841 1783 1027 1849 desperarent.
1039 1779 1170 1834 Similiter
1180 1787 1272 1835 autem
1286 1784 1314 1833 et
1326 1778 1384 1832 lilia
1393 1778 1479 1847 ipsius

261 1881 370 1945 Aspasia
393 1882 514 1945 nominc,
533 1886 591 1947 post
613 1883 732 1936 triduum
754 1888 861 1949 arrepta
881 1896 897 1936 a
919 1882 1073 1948 daemonio,
1092 1881 1181 1946 coepit
1200 1880 1324 1943 volutare
1344 1891 1478 1946 spumans

261 1978 380 2031 Audiens
392 1980 483 2046 itaque
496 1980 631 2034 Eusebius
644 1981 699 2034 dux
711 1982 808 2035 lamam
827 1983 898 2034 beati
917 1981 1036 2044 ltelanli,
1049 1981 1167 2048 qualiter
1184 1980 1330 2035 bominum
1354 1978 1480 2047 diligeret

260 2089 322 2128 cum
335 2089 432 2144 magna
444 2077 586 2145 diligentia
601 2080 681 2145 jussit
693 2079 771 2133 illum
782 2080 877 2133 venire
889 2080 923 2133 ad
945 2094 974 2133 se
986 2087 1014 2132 et
1029 2081 1058 2133 in
1071 2079 1131 2134 loco
1143 2078 1190 2146 qui
1203 2083 1316 2132 vocatur
1334 2075 1480 2145 Primavill

254 2175 407 2242 ,hospitium
420 2179 445 2232 ei
457 2180 612 2246 praeparari
622 2181 711 2245 jussit.
726 2179 842 2231 l'enicns
864 2192 929 2232 vero
941 2179 1037 2232 beatus
1049 2178 1183 2231 llclanius
1193 2176 1230 2231 de
1242 2174 1363 2230 oratorio
1375 2187 1427 2229 suo
1444 2187 1481 2241 qu

263 2273 362 2329 dicitur
374 2277 469 2344 Platio,
483 2294 565 2346 quem
579 2283 586 2299 ·
601 2280 726 2332 manibus
739 2279 855 2346 propriis
867 2280 1016 2341 fabricavit,
1027 2278 1061 2332 ad
1071 2281 1128 2345 jam
1141 2278 1244 2332 dictum
1257 2288 1361 2345 regern,
1373 2276 1480 2342 hospitii

264 2381 390 2442 receptus
402 2382 444 2430 est
455 2393 517 2432 cum
529 2377 586 2432 suis
599 2380 704 2432 clericis
721 2383 748 2432 et
765 2379 930 2446 quibusdam
947 2379 1096 2446 discipulis.
1111 2380 1172 2445 lpse
1190 2390 1256 2430 vero
1272 2377 1329 2431 dux
1341 2376 1429 2429 altera
1445 2373 1480 2427 dl

262 2476 312 2528 l'uit
323 2479 465 2532 consessus
480 2480 589 2546 propria
601 2479 698 2532 delicta
712 2479 745 2531 ad
759 2485 884 2532 sanctum
897 2481 943 2533 liei
955 2479 1113 2543 antistitem,
1128 2483 1155 2532 et
1172 2477 1290 2544 qualiter
1301 2475 1327 2529 ei
1346 2474 1480 2529 infirmita

260 2579 381 2645 corporis
394 2579 538 2634 accidisset
548 2581 694 2644 enarravit,
708 2584 736 2632 ct
754 2579 824 2632 filiae
843 2580 902 2646 eius
919 2578 1053 2644 similiter,
1065 2578 1191 2645 Aspasiae
1209 2575 1382 2632 nominetis
1399 2579 1480 2630 auten

262 2680 377 2739 bomini,
392 2679 490 2745 plenus
500 2682 585 2747 gratia
597 2680 644 2732 lici
658 2685 684 2733 et
695 2681 803 2735 virtute.
817 2677 892 2732 dedit
904 2680 927 2732 ei
941 2677 1137 2747 paenitentiam
1156 2691 1204 2743 pro
1216 2676 1364 2731 commisso
1376 2673 1480 2729 scelere

262 2784 288 2832 et
300 2780 367 2832 dixit
379 2781 401 2833 ei
417 2797 424 2833 :
438 2781 614 2849 infirmitas
635 2780 711 2835 boec
730 2794 792 2833 nori
813 2787 858 2836 est
880 2782 922 2835 cd
940 2783 1079 2834 mortem.
1095 2779 1178 2833 tinxit
1193 2784 1285 2834 autem
1305 2793 1370 2833 eum
1388 2778 1424 2832 de
1442 2792 1480 2832 sm

83 2886 131 2947 ’(ῑ.
146 2891 182 2947 v.)
195 2899 244 2949 per
262 2883 355 2933 sancto
367 2881 427 2934 olco
440 2885 495 2934 tres
507 2882 578 2934 vices
591 2886 598 2900 ·
612 2895 674 2934 cum
686 2881 758 2935 trina
770 2881 940 2934 invocatione
952 2881 1054 2934 divina.
1068 2881 1118 2946 Qui
1131 2880 1222 2933 statim
1234 2893 1318 2933 samu
1330 2879 1420 2933 iactus
1439 2882 1480 2933 est

66 2955 85 3001 ²·
97 2964 121 3000 V·
132 2954 249 3068 ³3⁰⁰r‘·
263 2983 289 3030 ct
300 2981 398 3046 gratias
413 2980 531 3033 reddidit
543 2984 607 3045 beo,
620 2983 666 3047 qui
679 2995 728 3046 per
746 2980 877 3037 famulum
895 2993 975 3034 suum
995 2982 1106 3034 beatum
1123 2980 1269 3034 lleianium
1287 2977 1435 3032 sanitatem
1454 2979 1480 3031 ill

66 3083 74 3101 ⁶
87 3054 253 3136 perveniens
263 3081 405 3134 concessit.
414 3082 594 3134 praeveniens
609 3085 616 3099 '
629 3094 693 3134 vero
706 3083 802 3135 beatus
814 3081 928 3133 antistes
939 3080 973 3132 ad
987 3080 1078 3133 locum
1092 3080 1137 3132 ubi
1152 3079 1241 3145 puella
1251 3092 1266 3130 a
1277 3079 1426 3131 daemonio
1441 3085 1480 3131 tor

130 3148 156 3215 ²³
169 3151 194 3202 ³·
263 3180 407 3245 quebatur,
420 3180 509 3244 coepit
520 3179 636 3233 daemon
650 3193 698 3245 per
709 3192 740 3231 os
752 3120 859 3245 pucilae
880 3180 998 3232 clamare
1010 3185 1038 3230 et
1049 3179 1140 3231 dicero
1155 3191 1163 3229 :
1178 3177 1258 3237 Quid
1269 3190 1318 3230 me
1324 3189 1480 3245 perteque

262 3280 318 3344 ris,
333 3281 384 3332 vir
397 3280 452 3333 bei
472 3279 692 3334 Metonildam
704 3281 742 3332 de
761 3281 830 3334 alic
848 3293 896 3334 me
918 3279 1046 3346 ejecisti,
1059 3281 1088 3331 et
1109 3292 1192 3332 nunc
1212 3290 1261 3330 me
1283 3275 1357 3330 trine
1378 3276 1480 3330 iterem

264 3380 311 3432 cis
320 3379 510 3434 eicerelunc
522 3380 559 3432 ait
570 3380 594 3431 ci
608 3380 649 3430 sir
661 3379 756 3432 beatus
770 3393 776 3428 :
790 3377 854 3431 Exi
865 3377 903 3431 ab
914 3379 1099 3442 edecimata
1111 3375 1217 3443 bestia,
1228 3377 1258 3429 et
1269 3374 1348 3428 vade
1361 3375 1395 3427 in
1407 3373 1480 3442 ebys

99 3479 105 3496 ’
119 3478 187 3530 lacta
200 3481 224 3530 5.
259 3490 337 3544 sunt,
351 3477 403 3530 ubi
414 3476 565 3531 habitatio
578 3476 738 3530 boeticum
751 3490 811 3531 non
824 3480 878 3530 est.
892 3478 987 3530 Statim
999 3483 1091 3530 autem
1112 3489 1178 3529 sana
1197 3474 1313 3529 edecta·
1327 3479 1371 3528 est
1390 3475 1480 3541 puella

261 3583 288 3631 et
299 3579 373 3631 venit
384 3578 419 3630 ad
431 3583 535 3645 patrem
557 3591 637 3631 suum
657 3578 798 3645 gaudeusz
813 3578 1067 3644 deprecabaturque
1080 3590 1142 3630 eum
1162 3581 1191 3629 ut
1208 3577 1293 3642 ipsam
1311 3574 1406 3628 villam
1418 3577 1480 3629 Cam

260 3677 406 3731 bliciacum
418 3679 498 3732 beato
511 3678 625 3731 ltelanio
638 3677 821 3731 consumaret.
836 3679 895 3744 lpse
907 3691 971 3730 vero
985 3691 1032 3731 rex
1044 3677 1136 3729 statim
1149 3676 1173 3728 ei
1186 3674 1321 3728 concessit
1332 3673 1428 3728 villam
1448 3687 1480 3742 pe

260 3776 372 3830 anulum
386 3790 465 3830 suum
479 3776 612 3830 firmatam
626 3775 780 3829 videntibus
793 3777 968 3844 optimatibus
992 3778 1056 3843 suis,
1071 3777 1104 3830 ad
1122 3774 1270 3840 discipulos
1287 3786 1353 3827 suos
1369 3772 1480 3828 alendm

261 3876 379 3930 Licentia
391 3877 483 3942 itaque
495 3883 605 3942 accepta
618 3889 633 3928 u
645 3890 717 3943 rege,
732 3881 843 3929 sanctus
855 3876 968 3928 antistes
981 3874 1013 3927 ad
1033 3888 1110 3928 suam
1127 3874 1219 3929 sedem
1241 3872 1389 3926 revertitur
1406 3873 1480 3927 ltedc

261 3976 304 4028 nis
317 3976 435 4029 civitate.

296 4074 345 4128 10.
364 4075 422 4129 Alia
440 4088 503 4143 ergo
526 4074 661 4141 siquidem
683 4087 843 4142 magnorum
865 4075 1060 4128 miraculorum
1080 4073 1124 4127 vel
1144 4072 1275 4126 virtutum
1295 4071 1340 4124 liic
1361 4078 1480 4126 annotar

259 4174 428 4238 distulimus,
441 4189 476 4228 ne
488 4175 516 4228 in
530 4175 668 4227 fastidium
682 4173 794 4227 veniant
807 4173 977 4242 legentibus;
992 4173 1040 4227 sed
1058 4173 1093 4226 ob
1111 4170 1328 4226 recordationem
1349 4184 1480 4225 memora*

259 4273 405 4341 pontilicis,
420 4272 453 4326 ad
467 4273 575 4327 laudem
588 4278 616 4326 et
627 4273 740 4340 gloriam
752 4273 946 4338 omnipotentis
959 4272 1016 4335 bei,
1029 4273 1076 4337 qui
1090 4271 1137 4324 dat
1158 4270 1244 4322 servis
1258 4269 1316 4321 suis
1327 4269 1461 4323 virtutem
1473 4282 1480 4320 t

262 4373 459 4438 tortitudinem,
476 4386 562 4438 pauca
582 4371 617 4425 de
638 4372 729 4424 multis
750 4370 974 4436 conscripsimus.
997 4373 1067 4424 llaec
1088 4369 1179 4436 itaque
1199 4370 1291 4424 omnia
1317 4367 1480 4434 fideliter,u

261 4476 335 4538 gesta
356 4477 420 4524 sunt
439 4471 481 4525 vel
503 4474 613 4538 scripta,
635 4470 740 4525 devotis
760 4471 860 4523 animis
872 4468 986 4534 credite,
1000 4474 1028 4522 et
1045 4470 1092 4536 qui
1117 4482 1173 4523 non
1196 4469 1331 4522 noveratis
1351 4466 1480 4537 diligente

260 4572 409 4641 agnoscite,
422 4572 574 4640 etgloriam
589 4571 645 4638 jam
667 4571 780 4638 praelati
800 4571 886 4623 sancti
905 4569 1054 4623 insaecula
1075 4575 1186 4624 aeterna
1200 4568 1300 4623 mentis
1323 4569 1413 4623 oculis
1435 4581 1480 4624 cor
