3136 5482
522 345 647 396 OA'I'AL.
667 345 768 396 OODD.
781 344 963 396 ,naamam
982 345 1064 396 Lus.

367 562 564 653 ccuxln.
588 562 712 652 (lodex
732 563 921 674 signatus
942 589 1056 652 num·
1083 564 1208 655 5286.

208 778 279 833 Olim
291 777 390 845 Regius
403 779 431 829 c.
444 777 519 830 taos.

205 879 341 933 Foliorum
353 878 411 941 illi,
422 877 489 929 min.
501 878 703 941 (cumuli),
717 876 798 928 lineis
810 876 909 943 plenis,
923 882 1050 931 exaratus
1062 891 1135 932 saec.
1148 880 1211 932 lill'.

204 983 303 1034 Totum
313 977 437 1032 codicem
449 976 567 1043 complet
577 977 744 1043 compilatio,
758 977 786 1028 in
797 980 854 1029 tres
866 976 952 1030 libros
964 977 1120 1045 distributa,

270 1078 337 1179 [De
354 1076 432 1156 vita
450 1083 489 1154 et
506 1075 704 1153 miraculis
721 1075 843 1154 sancii
861 1075 1062 1178 Dionysiil.

205 1214 242 1264 lle
254 1224 308 1279 qua
318 1210 426 1278 egregie
444 1208 574 1261 disseruit
591 1208 627 1261 cl.
642 1223 667 1261 v·
679 1208 832 1273 leopoldus
846 1207 946 1262 lielisle
959 1208 988 1261 in
1000 1211 1235 1265 commentatione
1250 1212 1389 1281 suspitia

172 1311 280 1366 Notice
289 1322 347 1364 aur
357 1322 403 1362 uu
413 1308 532 1362 recueil
542 1306 713 1375 dicturique
719 1300 867 1374 presente
882 1307 904 1360 ti
922 1306 1070 1376 Philipps
1088 1310 1118 1363 te
1128 1310 1216 1378 Lonp
1223 1323 1289 1378 pus·
1301 1311 1387 1366 Gillcs

172 1411 210 1465 de
220 1409 372 1476 Pontoise,
386 1406 460 1461 abbe
470 1407 508 1461 tie
519 1406 722 1473 Sciat-lienis
737 1419 809 1473 quae
821 1407 922 1460 inserta
933 1411 976 1460 est
987 1407 1016 1459 iu
1028 1407 1153 1471 Notices
1164 1412 1196 1463 et
1206 1410 1336 1465 cetratis
1345 1410 1389 1463 des

171 1523 288 1578 uias....‚
300 1512 367 1563 tom.
385 1509 450 1574 llll,
467 1511 536 1572 part.
557 1518 585 1572 u,
608 1520 634 1572 p.
654 1507 755 1559 24961.
777 1508 816 1558 lix
833 1519 887 1572 qua
905 1505 1009 1558 scilicet
1020 1506 1160 1574 colligitur
1172 1512 1311 1563 auctorem
1322 1509 1390 1575 hujus

170 1608 368 1677 compilationis
379 1608 414 1661 de
426 1607 484 1660 Vita
495 1611 523 1659 et
534 1603 674 1659 miraculis
686 1607 712 1658 S.
727 1604 846 1674 Dionysii
868 1619 929 1659 esse
951 1608 1064 1660 ivonem
1085 1607 1227 1674 quendam
1238 1609 1327 1662 Sancti
1338 1608 1388 1661 llio·

171 1708 428 1777 nysiimonaclium.
913 1696 917 1709 '

641 1910 934 1921 —-—-

370 2195 563 2285 eduxit.
587 2195 712 2327 (iodea
731 2197 921 2307 signatus
944 2221 1058 2285 num.
1083 2197 1211 2287 5287.

202 2437 271 2490 Olim
283 2437 456 2492 colbertinus
468 2442 525 2505 tto,
537 2439 637 2494 deinde
651 2441 750 2509 Regius
762 2443 791 2495 C.
805 2445 968 2496 illuditis.

203 2535 339 2590 Foliorum
351 2539 409 2604 tot,
424 2538 495 2592 med.
507 2541 725 2607 (θωβθὸκοβὶ),
737 2541 872 2595 columnis
883 2543 965 2607 binis,
979 2547 1105 2596 exaratus
1117 2556 1189 2597 saec.
1203 2545 1268 2597 lllll.

257 2636 310 2747 ,l0
327 2635 458 2715 Passio
475 2646 699 2717 sanctorum
713 2639 919 2719 Alexandri
934 2664 1072 2743 papae,
1089 2641 1256 2741 Eventii,
1276 2642 1381 2720 ilico
1426 2738 1428 2749 Ι

315 2759 398 2838 duli
417 2770 632 2862 martyrum
655 2763 731 2863 (iol.
756 2764 878 2856 lV-dl).
1426 2780 1428 2855 ς

199 2891 248 2944 lid.
261 2894 325 2946 Act.
337 2894 394 2960 SS„
408 2895 441 2947 ad
454 2894 482 2946 d.
495 2898 511 2947 3
523 2896 592 2962 Maii,
615 2901 678 2948 tom.
694 2899 714 2961 l,
734 2911 761 2962 p.
780 2899 883 2950 til-75.
897 2898 1008 2950 Duobus
1025 2896 1123 2962 primis
1136 2898 1209 2952 loliis
1222 2900 1277 2954 lere
1288 2898 1382 2953 omnino

166 2990 330 3059 dilaceratis,
344 2994 413 3045 initii
427 2995 563 3047 Passionis
577 3008 660 3060 pauca
675 3002 832 3060 supersunt.

264 3091 304 3167 2⁰
320 3092 544 3193 Martyrium
559 3096 680 3172 sancti
699 3086 885 3174 iohannis
899 3094 1065 3197 apostoli
1084 3104 1124 3175 et
1142 3098 1382 3200 evangelistae

237 3301 242 3314 ,
312 3217 362 3294 ad
385 3225 540 3317 portam
564 3218 738 3314 latinam,
766 3219 834 3296 ubi
861 3220 901 3295 in
927 3219 1112 3327 ferventis
1141 3220 1221 3298 olei
1248 3221 1382 3300 dolium

312 3341 453 3418 missus
472 3349 529 3418 est
546 3340 622 3441 (fol.
644 3342 764 3442 5V-6‘).

198 3473 389 3525 Brevissimum
401 3473 594 3539 compendium
606 3487 702 3527 eorum
715 3489 785 3542 quae
798 3475 870 3529 edita
883 3482 947 3530 sunt
958 3478 1030 3545 apud
1040 3479 1241 3543 llombritium,
1251 3485 1316 3533 tom
1326 3477 1385 3537 liin

164 3571 251 3637 prima
264 3576 339 3636 parte
352 3573 487 3625 Passionis
500 3573 572 3624 beati
584 3574 710 3638 apostoli.

263 3669 302 3746 3⁰
322 3671 453 3750 Passio
472 3673 593 3751 sancti
613 3672 798 3750 Gordiani
814 3675 995 3776 martyris
1012 3674 1094 3768 (fol.
1117 3675 1237 3780 6³8¹).

196 3801 243 3855 Etl.
257 3803 321 3856 act.
335 3803 391 3872 88„
404 3803 439 3855 ad
451 3805 478 3856 d.
495 3807 524 3856 10
534 3806 604 3869 diali,
619 3812 684 3859 tom.
699 3807 732 3870 ll,
748 3822 773 3871 p.
787 3809 888 3861 66666.

260 3902 298 3977 4⁰
315 3901 446 3980 Passio
465 3911 688 3982 sanctorum
707 3904 817 3982 Nerei
838 3914 875 3983 et
894 3905 1055 3984 Achillei
1074 3905 1156 4006 (fol.
1178 3907 1319 4011 8¹-l3¹).

195 4033 242 4086 ud.
256 4033 333 4098 ibid,
346 4033 380 4086 ad
393 4035 420 4085 d.
436 4037 465 4087 li
479 4036 549 4098 Maii,
563 4041 628 4089 tom.
643 4038 686 4105 ltl,
701 4052 727 4103 p.
740 4039 756 4090 6
770 4052 841 4105 sqq„
857 4052 961 4091 numm.
977 4040 1044 4102 tut,
1061 4041 1150 4093 18-20.

261 4132 300 4208 5⁰
317 4132 447 4210 Passio
466 4135 586 4212 sancii
606 4134 797 4213 Pancralii
819 4137 999 4238 martyris
1012 4137 1089 4239 (fol.
1115 4140 1292 4242 liis-lif).

194 4263 242 4316 Ed.
255 4264 347 4317 Auel.
362 4265 451 4330 Bott,
465 4271 530 4318 tom.
545 4269 577 4332 ll,
591 4282 617 4332 p.
631 4270 731 4321 aul-oc.

258 4361 298 4437 6⁰
315 4362 445 4440 Passio
464 4375 686 4443 sanctorum
704 4367 868 4446 Victoris
886 4378 924 4446 et
943 4368 1118 4447 Coronae
1133 4372 1215 4472 (iol.
1233 4374 1384 4466 lli-llil.

192 4494 240 4547 Ed.
253 4497 318 4548 Act.
330 4496 386 4560 SS„
400 4495 434 4547 ad
447 4497 473 4548 d.
489 4500 520 4549 lt
532 4499 602 4557 llaii.
625 4503 690 4552 tom.
713 4503 757 4559 lli.
772 4516 798 4566 p.
809 4503 910 4563 ioum,
930 4515 986 4555 non
999 4504 1091 4568 paucis
1104 4503 1281 4561 lectionibus
1293 4510 1386 4562 sanan·

159 4590 241 4642 tibus.
