<?xml version="1.0" encoding="UTF-8"?>
<!DOCTYPE html PUBLIC "-//W3C//DTD XHTML 1.0 Transitional//EN"
    "http://www.w3.org/TR/xhtml1/DTD/xhtml1-transitional.dtd">
<html xmlns="http://www.w3.org/1999/xhtml" xml:lang="en" lang="en">
 <head>
  <title>
</title>
<meta http-equiv="Content-Type" content="text/html;charset=utf-8" />
  <meta name='ocr-system' content='tesseract 3.04.00' />
  <meta name='ocr-capabilities' content='ocr_page ocr_carea ocr_par ocr_line ocrx_word'/>
</head>
<body>
  <div class='ocr_page' id='page_1' title='image "./cataloguscodicu01manugoog_0073.png"; bbox 0 0 3136 5482; ppageno 0'>
   <div class='ocr_carea' id='block_1_1' title="bbox 633 368 1172 421">
    <p class='ocr_par' dir='ltr' id='par_1_1' title="bbox 633 368 1172 421">
     <span class='ocr_line' id='line_1_1' title="bbox 633 368 1172 421; baseline -0.004 -2"><span class='ocrx_word' id='word_1_1' title='bbox 633 370 758 421; x_wconf 74' lang='lat' dir='ltr'>GATAL.</span> <span class='ocrx_word' id='word_1_2' title='bbox 778 369 879 419; x_wconf 82' lang='lat' dir='ltr'><strong>GODD.</strong></span> <span class='ocrx_word' id='word_1_3' title='bbox 899 368 1073 418; x_wconf 77' lang='lat' dir='ltr'>HAGIOGR.</span> <span class='ocrx_word' id='word_1_4' title='bbox 1091 368 1172 418; x_wconf 75' lang='lat' dir='ltr'>LAT.</span> 
     </span>
    </p>
   </div>
   <div class='ocr_carea' id='block_1_2' title="bbox 515 550 1277 702">
    <p class='ocr_par' dir='ltr' id='par_1_2' title="bbox 515 550 1277 702">
     <span class='ocr_line' id='line_1_2' title="bbox 515 550 1277 702; baseline -0.01 -21"><span class='ocrx_word' id='word_1_5' title='bbox 515 591 638 681; x_wconf 86' lang='lat' dir='ltr'>XXV.</span> <span class='ocrx_word' id='word_1_6' title='bbox 661 591 786 679; x_wconf 75' lang='lat' dir='ltr'>(lodex</span> <span class='ocrx_word' id='word_1_7' title='bbox 804 550 994 702; x_wconf 81' lang='lat' dir='ltr'>signatus</span> <span class='ocrx_word' id='word_1_8' title='bbox 1015 614 1128 678; x_wconf 87' lang='lat' dir='ltr'>num.</span> <span class='ocrx_word' id='word_1_9' title='bbox 1154 589 1277 679; x_wconf 87' lang='grc'><strong>1646.</strong></span> 
     </span>
    </p>
   </div>
   <div class='ocr_carea' id='block_1_3' title="bbox 321 808 1390 979">
    <p class='ocr_par' dir='ltr' id='par_1_3' title="bbox 321 808 1390 979">
     <span class='ocr_line' id='line_1_3' title="bbox 321 808 1037 878; baseline -0.006 -14"><span class='ocrx_word' id='word_1_10' title='bbox 321 812 391 867; x_wconf 85' lang='lat' dir='ltr'>olim</span> <span class='ocrx_word' id='word_1_11' title='bbox 403 811 575 866; x_wconf 72' lang='lat' dir='ltr'>colbertinus</span> <span class='ocrx_word' id='word_1_12' title='bbox 586 812 644 875; x_wconf 67' lang='lat'>627,</span> <span class='ocrx_word' id='word_1_13' title='bbox 658 809 759 864; x_wconf 83' lang='lat' dir='ltr'>deinde</span> <span class='ocrx_word' id='word_1_14' title='bbox 771 810 870 878; x_wconf 78' lang='lat' dir='ltr'>Regius</span> <span class='ocrx_word' id='word_1_15' title='bbox 881 809 909 861; x_wconf 82' lang='lat' dir='ltr'>C.</span> <span class='ocrx_word' id='word_1_16' title='bbox 922 810 998 861; x_wconf 83' lang='grc'><strong>5751.</strong></span> <span class='ocrx_word' id='word_1_17' title='bbox 1011 808 1037 861; x_wconf 84' lang='grc'>6.</span> 
     </span>
     <span class='ocr_line' id='line_1_4' title="bbox 321 907 1390 979; baseline -0.004 -17"><span class='ocrx_word' id='word_1_18' title='bbox 321 911 459 969; x_wconf 85' lang='lat' dir='ltr'>Foliorum</span> <span class='ocrx_word' id='word_1_19' title='bbox 471 913 529 977; x_wconf 63' lang='lat'>248,</span> <span class='ocrx_word' id='word_1_20' title='bbox 544 911 615 967; x_wconf 84' lang='lat' dir='ltr'>med.</span> <span class='ocrx_word' id='word_1_21' title='bbox 628 911 683 975; x_wconf 69' lang='lat' dir='ltr'>(tim,</span> <span class='ocrx_word' id='word_1_22' title='bbox 696 912 729 963; x_wconf 77' lang='grc'>55</span> <span class='ocrx_word' id='word_1_23' title='bbox 744 917 769 968; x_wconf 89' lang='lat'>&gt;&lt;</span> <span class='ocrx_word' id='word_1_24' title='bbox 780 910 863 975; x_wconf 62' lang='grc'>037),</span> <span class='ocrx_word' id='word_1_25' title='bbox 876 908 1011 960; x_wconf 84' lang='lat' dir='ltr'>columnis</span> <span class='ocrx_word' id='word_1_26' title='bbox 1024 907 1107 971; x_wconf 86' lang='lat' dir='ltr'>binis,</span> <span class='ocrx_word' id='word_1_27' title='bbox 1120 912 1246 979; x_wconf 80' lang='lat' dir='ltr'>exaratus</span> <span class='ocrx_word' id='word_1_28' title='bbox 1258 919 1329 960; x_wconf 85' lang='lat' dir='ltr'>saoo.</span> <span class='ocrx_word' id='word_1_29' title='bbox 1342 908 1390 960; x_wconf 80' lang='lat' dir='ltr'>xi.</span> 
     </span>
    </p>
   </div>
   <div class='ocr_carea' id='block_1_4' title="bbox 289 1003 1525 1556">
    <p class='ocr_par' dir='ltr' id='par_1_4' title="bbox 387 1003 1525 1351">
     <span class='ocr_line' id='line_1_5' title="bbox 387 1003 1525 1111; baseline -0.001 -25"><span class='ocrx_word' id='word_1_30' title='bbox 387 1011 423 1086; x_wconf 69' lang='grc' dir='ltr'><strong>Ρ</strong></span> <span class='ocrx_word' id='word_1_31' title='bbox 439 1008 570 1088; x_wconf 83' lang='lat' dir='ltr'>Passio</span> <span class='ocrx_word' id='word_1_32' title='bbox 588 1008 748 1111; x_wconf 79' lang='lat' dir='ltr'>pretiosi</span> <span class='ocrx_word' id='word_1_33' title='bbox 768 1004 1065 1109; x_wconf 81' lang='lat' dir='ltr'>protomartyris</span> <span class='ocrx_word' id='word_1_34' title='bbox 1082 1011 1121 1082; x_wconf 92' lang='lat' dir='ltr'>et</span> <span class='ocrx_word' id='word_1_35' title='bbox 1138 1003 1256 1106; x_wconf 89' lang='lat' dir='ltr'>primi</span> <span class='ocrx_word' id='word_1_36' title='bbox 1275 1003 1419 1084; x_wconf 83' lang='lat' dir='ltr'>levitae</span> <span class='ocrx_word' id='word_1_37' title='bbox 1438 1005 1525 1085; x_wconf 81' lang='lat' dir='ltr'>Ste</span> 
     </span>
     <span class='ocr_line' id='line_1_6' title="bbox 434 1127 1521 1234; baseline -0.004 -24"><span class='ocrx_word' id='word_1_38' title='bbox 434 1133 553 1234; x_wconf 88' lang='lat' dir='ltr'>phani</span> <span class='ocrx_word' id='word_1_39' title='bbox 571 1139 727 1234; x_wconf 79' lang='lat' dir='ltr'>sumpla</span> <span class='ocrx_word' id='word_1_40' title='bbox 743 1156 791 1210; x_wconf 85' lang='lat' dir='ltr'>ex</span> <span class='ocrx_word' id='word_1_41' title='bbox 816 1132 919 1209; x_wconf 89' lang='lat' dir='ltr'>libro</span> <span class='ocrx_word' id='word_1_42' title='bbox 946 1132 1112 1207; x_wconf 81' lang='lat' dir='ltr'>Aotuum</span> <span class='ocrx_word' id='word_1_43' title='bbox 1136 1127 1418 1229; x_wconf 79' lang='lat' dir='ltr'>Apostolorum</span> <span class='ocrx_word' id='word_1_44' title='bbox 1435 1128 1521 1223; x_wconf 86' lang='lat' dir='ltr'>(fol.</span> 
     </span>
     <span class='ocr_line' id='line_1_7' title="bbox 434 1256 601 1351; baseline -0.024 -17"><span class='ocrx_word' id='word_1_45' title='bbox 434 1256 601 1351; x_wconf 57' lang='lat'>51&#39;53&#39;).</span> 
     </span>
    </p>

    <p class='ocr_par' dir='ltr' id='par_1_5' title="bbox 289 1387 1525 1556">
     <span class='ocr_line' id='line_1_8' title="bbox 319 1387 1525 1457; baseline -0.001 -13"><span class='ocrx_word' id='word_1_46' title='bbox 319 1392 351 1444; x_wconf 90' lang='lat' dir='ltr'>lit</span> <span class='ocrx_word' id='word_1_47' title='bbox 363 1391 391 1443; x_wconf 91' lang='lat' dir='ltr'>in</span> <span class='ocrx_word' id='word_1_48' title='bbox 404 1391 483 1444; x_wconf 90' lang='lat' dir='ltr'>titulo</span> <span class='ocrx_word' id='word_1_49' title='bbox 495 1390 642 1457; x_wconf 82' lang='lat' dir='ltr'>indicatur,</span> <span class='ocrx_word' id='word_1_50' title='bbox 656 1391 724 1445; x_wconf 83' lang='lat' dir='ltr'>haee</span> <span class='ocrx_word' id='word_1_51' title='bbox 744 1390 835 1444; x_wconf 80' lang='lat' dir='ltr'>Passio</span> <span class='ocrx_word' id='word_1_52' title='bbox 850 1394 903 1444; x_wconf 85' lang='lat' dir='ltr'>tota</span> <span class='ocrx_word' id='word_1_53' title='bbox 922 1390 1067 1456; x_wconf 84' lang='lat' dir='ltr'>desumpta</span> <span class='ocrx_word' id='word_1_54' title='bbox 1085 1395 1127 1444; x_wconf 86' lang='lat' dir='ltr'>est</span> <span class='ocrx_word' id='word_1_55' title='bbox 1143 1401 1176 1442; x_wconf 83' lang='lat' dir='ltr'>ex</span> <span class='ocrx_word' id='word_1_56' title='bbox 1188 1388 1299 1441; x_wconf 78' lang='lat' dir='ltr'>tonius</span> <span class='ocrx_word' id='word_1_57' title='bbox 1311 1387 1525 1456; x_wconf 80' lang='lat' dir='ltr'>apostolorum,</span> 
     </span>
     <span class='ocr_line' id='line_1_9' title="bbox 289 1489 763 1556; baseline 0.002 -15"><span class='ocrx_word' id='word_1_58' title='bbox 289 1489 392 1543; x_wconf 82' lang='lat' dir='ltr'>scilieet</span> <span class='ocrx_word' id='word_1_59' title='bbox 403 1501 480 1556; x_wconf 82' lang='lat' dir='ltr'>capp.</span> <span class='ocrx_word' id='word_1_60' title='bbox 494 1500 530 1553; x_wconf 84' lang='lat' dir='ltr'>vr,</span> <span class='ocrx_word' id='word_1_61' title='bbox 544 1500 581 1542; x_wconf 88' lang='lat' dir='ltr'>vn</span> <span class='ocrx_word' id='word_1_62' title='bbox 592 1492 686 1542; x_wconf 83' lang='lat' dir='ltr'>etum.</span> <span class='ocrx_word' id='word_1_63' title='bbox 701 1492 724 1551; x_wconf 82' lang='lat'>1,</span> <span class='ocrx_word' id='word_1_64' title='bbox 738 1490 763 1542; x_wconf 73' lang='grc' dir='ltr'>Ρ.</span> 
     </span>
    </p>
   </div>
   <div class='ocr_carea' id='block_1_5' title="bbox 383 1586 1525 1690">
    <p class='ocr_par' dir='ltr' id='par_1_6' title="bbox 383 1586 1525 1690">
     <span class='ocr_line' id='line_1_10' title="bbox 383 1586 1525 1690; baseline -0.001 -25"><span class='ocrx_word' id='word_1_65' title='bbox 383 1589 422 1665; x_wconf 70' lang='lat'>2⁰</span> <span class='ocrx_word' id='word_1_66' title='bbox 440 1589 613 1668; x_wconf 84' lang='lat' dir='ltr'>Inventio</span> <span class='ocrx_word' id='word_1_67' title='bbox 643 1589 722 1666; x_wconf 88' lang='lat' dir='ltr'>sive</span> <span class='ocrx_word' id='word_1_68' title='bbox 754 1589 937 1667; x_wconf 83' lang='lat' dir='ltr'>revelatio</span> <span class='ocrx_word' id='word_1_69' title='bbox 968 1588 1146 1689; x_wconf 87' lang='lat' dir='ltr'>corporis</span> <span class='ocrx_word' id='word_1_70' title='bbox 1175 1587 1299 1666; x_wconf 90' lang='lat' dir='ltr'>saneti</span> <span class='ocrx_word' id='word_1_71' title='bbox 1326 1586 1525 1690; x_wconf 80' lang='lat' dir='ltr'>Stephani</span> 
     </span>
    </p>
   </div>
   <div class='ocr_carea' id='block_1_6' title="bbox 432 1710 1525 1930">
    <p class='ocr_par' dir='ltr' id='par_1_7' title="bbox 432 1710 1525 1930">
     <span class='ocr_line' id='line_1_11' title="bbox 432 1710 1525 1815; baseline -0.002 -25"><span class='ocrx_word' id='word_1_72' title='bbox 432 1713 728 1815; x_wconf 83' lang='lat' dir='ltr'>protomartyris</span> <span class='ocrx_word' id='word_1_73' title='bbox 759 1722 798 1791; x_wconf 91' lang='lat' dir='ltr'>et</span> <span class='ocrx_word' id='word_1_74' title='bbox 832 1721 1055 1791; x_wconf 82' lang='lat' dir='ltr'>sanctorum</span> <span class='ocrx_word' id='word_1_75' title='bbox 1082 1710 1267 1790; x_wconf 87' lang='lat' dir='ltr'>Gamaliel</span> <span class='ocrx_word' id='word_1_76' title='bbox 1291 1717 1331 1789; x_wconf 85' lang='lat' dir='ltr'>et</span> <span class='ocrx_word' id='word_1_77' title='bbox 1361 1710 1525 1791; x_wconf 76' lang='lat' dir='ltr'>abihon</span> 
     </span>
     <span class='ocr_line' id='line_1_12' title="bbox 434 1835 1165 1930; baseline -0.004 -17"><span class='ocrx_word' id='word_1_78' title='bbox 434 1836 514 1930; x_wconf 85' lang='lat' dir='ltr'>(iol.</span> <span class='ocrx_word' id='word_1_79' title='bbox 536 1836 678 1915; x_wconf 69' lang='grc' dir='ltr'>53”-56τ</span> <span class='ocrx_word' id='word_1_80' title='bbox 692 1845 730 1915; x_wconf 90' lang='lat' dir='ltr'>et</span> <span class='ocrx_word' id='word_1_81' title='bbox 748 1837 890 1915; x_wconf 91' lang='lat' dir='ltr'>iterum</span> <span class='ocrx_word' id='word_1_82' title='bbox 909 1836 975 1914; x_wconf 86' lang='lat' dir='ltr'>fol.</span> <span class='ocrx_word' id='word_1_83' title='bbox 997 1835 1165 1927; x_wconf 60' lang='lat' dir='ltr'>58l·61‘l.</span> 
     </span>
    </p>
   </div>
   <div class='ocr_carea' id='block_1_7' title="bbox 319 1968 1526 2169">
    <p class='ocr_par' dir='ltr' id='par_1_8' title="bbox 319 1968 1526 2169">
     <span class='ocr_line' id='line_1_13' title="bbox 319 1968 1173 2036; baseline -0.005 -11"><span class='ocrx_word' id='word_1_84' title='bbox 319 1970 365 2025; x_wconf 76' lang='lat' dir='ltr'>Ed.</span> <span class='ocrx_word' id='word_1_85' title='bbox 380 1973 410 2024; x_wconf 91' lang='grc' dir='ltr'>Ρ.</span> <span class='ocrx_word' id='word_1_86' title='bbox 421 1973 462 2035; x_wconf 65' lang='lat' dir='ltr'>L„</span> <span class='ocrx_word' id='word_1_87' title='bbox 476 1976 541 2022; x_wconf 88' lang='lat' dir='ltr'>torn.</span> <span class='ocrx_word' id='word_1_88' title='bbox 556 1971 617 2035; x_wconf 73' lang='lat' dir='ltr'>xil,</span> <span class='ocrx_word' id='word_1_89' title='bbox 630 1985 656 2036; x_wconf 89' lang='lat' dir='ltr'>p.</span> <span class='ocrx_word' id='word_1_90' title='bbox 671 1972 762 2023; x_wconf 76' lang='grc' dir='ltr'>807-ιὸ</span> <span class='ocrx_word' id='word_1_91' title='bbox 773 1970 834 2035; x_wconf 83' lang='lat' dir='ltr'>(eol.</span> <span class='ocrx_word' id='word_1_92' title='bbox 851 1973 873 2032; x_wconf 79' lang='lat' dir='ltr'>i,</span> <span class='ocrx_word' id='word_1_93' title='bbox 888 1968 917 2022; x_wconf 91' lang='lat' dir='ltr'>id</span> <span class='ocrx_word' id='word_1_94' title='bbox 929 1974 971 2022; x_wconf 90' lang='lat' dir='ltr'>est</span> <span class='ocrx_word' id='word_1_95' title='bbox 982 1982 1023 2023; x_wconf 80' lang='lat' dir='ltr'>ero</span> <span class='ocrx_word' id='word_1_96' title='bbox 1034 1968 1173 2029; x_wconf 71' lang='lat' dir='ltr'>editis...)</span> 
     </span>
     <span class='ocr_line' id='line_1_14' title="bbox 383 2065 1526 2169; baseline 0 -22"><span class='ocrx_word' id='word_1_97' title='bbox 383 2068 420 2147; x_wconf 86' lang='lat'>3⁰</span> <span class='ocrx_word' id='word_1_98' title='bbox 436 2068 617 2145; x_wconf 85' lang='lat' dir='ltr'>Miraoula</span> <span class='ocrx_word' id='word_1_99' title='bbox 635 2068 756 2146; x_wconf 82' lang='lat' dir='ltr'>saneti</span> <span class='ocrx_word' id='word_1_100' title='bbox 776 2067 976 2169; x_wconf 85' lang='lat' dir='ltr'>Stephani,</span> <span class='ocrx_word' id='word_1_101' title='bbox 997 2066 1101 2146; x_wconf 87' lang='lat' dir='ltr'>edita</span> <span class='ocrx_word' id='word_1_102' title='bbox 1119 2091 1140 2144; x_wconf 88' lang='lat' dir='ltr'>a</span> <span class='ocrx_word' id='word_1_103' title='bbox 1167 2065 1281 2144; x_wconf 91' lang='lat' dir='ltr'>heato</span> <span class='ocrx_word' id='word_1_104' title='bbox 1299 2068 1526 2169; x_wconf 76' lang='lat' dir='ltr'>Augustino</span> 
     </span>
    </p>
   </div>
   <div class='ocr_carea' id='block_1_8' title="bbox 431 2190 1523 2407">
    <p class='ocr_par' dir='ltr' id='par_1_9' title="bbox 431 2190 1523 2407">
     <span class='ocr_line' id='line_1_15' title="bbox 431 2190 1523 2296; baseline 0.001 -26"><span class='ocrx_word' id='word_1_105' title='bbox 431 2193 616 2296; x_wconf 88' lang='lat' dir='ltr'>episeopo</span> <span class='ocrx_word' id='word_1_106' title='bbox 645 2194 705 2273; x_wconf 87' lang='lat' dir='ltr'>vel</span> <span class='ocrx_word' id='word_1_107' title='bbox 737 2201 916 2295; x_wconf 85' lang='lat' dir='ltr'>excerpta</span> <span class='ocrx_word' id='word_1_108' title='bbox 946 2192 995 2270; x_wconf 90' lang='lat' dir='ltr'>de</span> <span class='ocrx_word' id='word_1_109' title='bbox 1025 2192 1129 2270; x_wconf 91' lang='lat' dir='ltr'>libro</span> <span class='ocrx_word' id='word_1_110' title='bbox 1164 2190 1214 2269; x_wconf 87' lang='lat' dir='ltr'>de</span> <span class='ocrx_word' id='word_1_111' title='bbox 1257 2190 1418 2271; x_wconf 82' lang='lat' dir='ltr'>civitate</span> <span class='ocrx_word' id='word_1_112' title='bbox 1451 2192 1523 2273; x_wconf 86' lang='lat' dir='ltr'>Dei</span> 
     </span>
     <span class='ocr_line' id='line_1_16' title="bbox 434 2315 1356 2407; baseline 0.002 -15"><span class='ocrx_word' id='word_1_113' title='bbox 434 2315 515 2405; x_wconf 85' lang='lat' dir='ltr'>(fol.</span> <span class='ocrx_word' id='word_1_114' title='bbox 537 2316 700 2407; x_wconf 60' lang='lat'>56258‘).</span> <span class='ocrx_word' id='word_1_115' title='bbox 1352 2319 1356 2327; x_wconf 83' lang='lat'>&#39;</span> 
     </span>
    </p>
   </div>
   <div class='ocr_carea' id='block_1_9' title="bbox 285 2446 1525 2813">
    <p class='ocr_par' dir='ltr' id='par_1_10' title="bbox 285 2446 1525 2813">
     <span class='ocr_line' id='line_1_17' title="bbox 319 2446 1524 2517; baseline 0.002 -18"><span class='ocrx_word' id='word_1_116' title='bbox 319 2450 448 2515; x_wconf 80' lang='lat' dir='ltr'>Excerpta</span> <span class='ocrx_word' id='word_1_117' title='bbox 460 2461 495 2501; x_wconf 86' lang='lat' dir='ltr'>ex</span> <span class='ocrx_word' id='word_1_118' title='bbox 506 2451 533 2503; x_wconf 86' lang='lat' dir='ltr'>s.</span> <span class='ocrx_word' id='word_1_119' title='bbox 546 2450 708 2517; x_wconf 77' lang='lat' dir='ltr'>augustino,</span> <span class='ocrx_word' id='word_1_120' title='bbox 719 2450 761 2502; x_wconf 87' lang='lat' dir='ltr'>De</span> <span class='ocrx_word' id='word_1_121' title='bbox 776 2449 907 2514; x_wconf 64' lang='lat' dir='ltr'>cinitot</span> <span class='ocrx_word' id='word_1_122' title='bbox 919 2447 967 2501; x_wconf 82' lang='lat' dir='ltr'>lin.</span> <span class='ocrx_word' id='word_1_123' title='bbox 978 2460 1046 2516; x_wconf 81' lang='lat' dir='ltr'>xmr,</span> <span class='ocrx_word' id='word_1_124' title='bbox 1056 2460 1116 2515; x_wconf 88' lang='lat' dir='ltr'>oap.</span> <span class='ocrx_word' id='word_1_125' title='bbox 1128 2458 1185 2511; x_wconf 84' lang='lat' dir='ltr'>vm,</span> <span class='ocrx_word' id='word_1_126' title='bbox 1195 2460 1223 2499; x_wconf 90' lang='lat' dir='ltr'>n.</span> <span class='ocrx_word' id='word_1_127' title='bbox 1236 2448 1338 2514; x_wconf 67' lang='lat' dir='ltr'>iosap.</span> <span class='ocrx_word' id='word_1_128' title='bbox 1348 2459 1381 2501; x_wconf 83' lang='lat' dir='ltr'>rx</span> <span class='ocrx_word' id='word_1_129' title='bbox 1390 2446 1524 2514; x_wconf 81' lang='lat' dir='ltr'>init.‚sei·</span> 
     </span>
     <span class='ocr_line' id='line_1_18' title="bbox 285 2546 1523 2614; baseline 0.004 -16"><span class='ocrx_word' id='word_1_130' title='bbox 285 2546 348 2600; x_wconf 85' lang='lat' dir='ltr'>lieet</span> <span class='ocrx_word' id='word_1_131' title='bbox 358 2561 446 2614; x_wconf 87' lang='lat' dir='ltr'>usqne</span> <span class='ocrx_word' id='word_1_132' title='bbox 466 2547 500 2600; x_wconf 84' lang='lat' dir='ltr'>ad</span> <span class='ocrx_word' id='word_1_133' title='bbox 521 2547 568 2601; x_wconf 87' lang='lat' dir='ltr'>tln.</span> <span class='ocrx_word' id='word_1_134' title='bbox 582 2548 718 2601; x_wconf 84' lang='lat' dir='ltr'>secundae</span> <span class='ocrx_word' id='word_1_135' title='bbox 730 2546 913 2601; x_wconf 86' lang='lat' dir='ltr'>sententiae...</span> <span class='ocrx_word' id='word_1_136' title='bbox 926 2547 1087 2602; x_wconf 75' lang='lat' dir='ltr'>attoriendo</span> <span class='ocrx_word' id='word_1_137' title='bbox 1104 2546 1248 2601; x_wconf 69' lang='lat' dir='ltr'>vicerunt</span> <span class='ocrx_word' id='word_1_138' title='bbox 1263 2548 1302 2611; x_wconf 92' lang='grc' dir='ltr'>(Ρ.</span> <span class='ocrx_word' id='word_1_139' title='bbox 1320 2548 1366 2614; x_wconf 56' lang='lat' dir='ltr'>in,</span> <span class='ocrx_word' id='word_1_140' title='bbox 1379 2551 1450 2602; x_wconf 89' lang='lat' dir='ltr'>tom.</span> <span class='ocrx_word' id='word_1_141' title='bbox 1464 2550 1523 2612; x_wconf 79' lang='lat' dir='ltr'>eit,</span> 
     </span>
     <span class='ocr_line' id='line_1_19' title="bbox 286 2645 1525 2712; baseline 0.006 -17"><span class='ocrx_word' id='word_1_142' title='bbox 286 2661 313 2711; x_wconf 92' lang='lat' dir='ltr'>p.</span> <span class='ocrx_word' id='word_1_143' title='bbox 326 2647 437 2711; x_wconf 75' lang='lat' dir='ltr'>&#39;itio-ll).</span> <span class='ocrx_word' id='word_1_144' title='bbox 451 2648 637 2701; x_wconf 74' lang='lat' dir='ltr'>praetermissi</span> <span class='ocrx_word' id='word_1_145' title='bbox 651 2652 716 2700; x_wconf 87' lang='lat' dir='ltr'>sunt</span> <span class='ocrx_word' id='word_1_146' title='bbox 727 2660 785 2712; x_wconf 85' lang='lat' dir='ltr'>oap.</span> <span class='ocrx_word' id='word_1_147' title='bbox 800 2659 845 2700; x_wconf 81' lang='lat' dir='ltr'>rm</span> <span class='ocrx_word' id='word_1_148' title='bbox 858 2661 934 2700; x_wconf 91' lang='lat' dir='ltr'>num.</span> <span class='ocrx_word' id='word_1_149' title='bbox 947 2648 980 2700; x_wconf 72' lang='lat'>20</span> <span class='ocrx_word' id='word_1_150' title='bbox 991 2653 1018 2700; x_wconf 87' lang='lat' dir='ltr'>et</span> <span class='ocrx_word' id='word_1_151' title='bbox 1029 2645 1093 2699; x_wconf 83' lang='lat' dir='ltr'>linis</span> <span class='ocrx_word' id='word_1_152' title='bbox 1105 2660 1182 2700; x_wconf 86' lang='lat' dir='ltr'>num.</span> <span class='ocrx_word' id='word_1_153' title='bbox 1196 2645 1388 2711; x_wconf 76' lang='lat' dir='ltr'>21,soilieeta</span> <span class='ocrx_word' id='word_1_154' title='bbox 1405 2648 1525 2702; x_wconf 75' lang='lat' dir='ltr'>vocibus</span> 
     </span>
     <span class='ocr_line' id='line_1_20' title="bbox 287 2744 615 2813; baseline 0.009 -16"><span class='ocrx_word' id='word_1_155' title='bbox 287 2744 412 2811; x_wconf 70' lang='lat' dir='ltr'>martyr</span> <span class='ocrx_word' id='word_1_156' title='bbox 423 2748 505 2799; x_wconf 83' lang='lat' dir='ltr'>certe</span> <span class='ocrx_word' id='word_1_157' title='bbox 517 2746 615 2813; x_wconf 72' lang='lat' dir='ltr'>ipse..</span> 
     </span>
    </p>
   </div>
   <div class='ocr_carea' id='block_1_10' title="bbox 302 2863 1525 3328">
    <p class='ocr_par' dir='ltr' id='par_1_11' title="bbox 302 2863 1525 3328">
     <span class='ocr_line' id='line_1_21' title="bbox 385 2863 1525 2967; baseline 0.005 -28"><span class='ocrx_word' id='word_1_158' title='bbox 385 2863 423 2939; x_wconf 73' lang='lat'>4⁰</span> <span class='ocrx_word' id='word_1_159' title='bbox 441 2864 655 2942; x_wconf 87' lang='lat' dir='ltr'>Translatio</span> <span class='ocrx_word' id='word_1_160' title='bbox 674 2865 850 2965; x_wconf 86' lang='lat' dir='ltr'>corporis</span> <span class='ocrx_word' id='word_1_161' title='bbox 868 2863 1044 2964; x_wconf 89' lang='lat' dir='ltr'>ejusdem</span> <span class='ocrx_word' id='word_1_162' title='bbox 1061 2863 1183 2942; x_wconf 87' lang='lat' dir='ltr'>saneti</span> <span class='ocrx_word' id='word_1_163' title='bbox 1210 2863 1398 2966; x_wconf 84' lang='lat' dir='ltr'>Stephani</span> <span class='ocrx_word' id='word_1_164' title='bbox 1431 2888 1525 2967; x_wconf 79' lang='lat' dir='ltr'>pro</span> 
     </span>
     <span class='ocr_line' id='line_1_22' title="bbox 433 2994 1101 3096; baseline -0.007 -23"><span class='ocrx_word' id='word_1_165' title='bbox 433 2996 656 3096; x_wconf 88' lang='lat' dir='ltr'>tomartyris</span> <span class='ocrx_word' id='word_1_166' title='bbox 673 2995 814 3074; x_wconf 83' lang='lat' dir='ltr'>Christi</span> <span class='ocrx_word' id='word_1_167' title='bbox 833 2994 912 3085; x_wconf 86' lang='lat' dir='ltr'>(fol.</span> <span class='ocrx_word' id='word_1_168' title='bbox 935 2994 1101 3087; x_wconf 54' lang='lat' dir='ltr'>(ils-oar).</span> 
     </span>
     <span class='ocr_line' id='line_1_23' title="bbox 318 3127 1427 3195; baseline 0.003 -15"><span class='ocrx_word' id='word_1_169' title='bbox 318 3127 469 3181; x_wconf 86' lang='lat' dir='ltr'>Translatio</span> <span class='ocrx_word' id='word_1_170' title='bbox 481 3128 672 3194; x_wconf 81' lang='lat' dir='ltr'>Hierosolymis</span> <span class='ocrx_word' id='word_1_171' title='bbox 684 3128 957 3195; x_wconf 75' lang='lat' dir='ltr'>constantinopolim,</span> <span class='ocrx_word' id='word_1_172' title='bbox 971 3128 1015 3181; x_wconf 84' lang='lat' dir='ltr'>ed.</span> <span class='ocrx_word' id='word_1_173' title='bbox 1029 3130 1058 3181; x_wconf 83' lang='lat' dir='ltr'>P.</span> <span class='ocrx_word' id='word_1_174' title='bbox 1072 3131 1112 3190; x_wconf 70' lang='lat' dir='ltr'>h,</span> <span class='ocrx_word' id='word_1_175' title='bbox 1127 3134 1192 3182; x_wconf 86' lang='lat' dir='ltr'>tom.</span> <span class='ocrx_word' id='word_1_176' title='bbox 1206 3129 1262 3193; x_wconf 80' lang='lat' dir='ltr'>cit,</span> <span class='ocrx_word' id='word_1_177' title='bbox 1279 3141 1305 3194; x_wconf 91' lang='lat' dir='ltr'>p.</span> <span class='ocrx_word' id='word_1_178' title='bbox 1317 3130 1427 3183; x_wconf 73' lang='lat' dir='ltr'>atr-aa.</span> 
     </span>
     <span class='ocr_line' id='line_1_24' title="bbox 302 3226 1524 3328; baseline 0.002 -21"><span class='ocrx_word' id='word_1_179' title='bbox 302 3303 304 3307; x_wconf 74' lang='grc'>,</span> <span class='ocrx_word' id='word_1_180' title='bbox 383 3226 422 3302; x_wconf 84' lang='lat'>5⁰</span> <span class='ocrx_word' id='word_1_181' title='bbox 439 3227 620 3305; x_wconf 86' lang='lat' dir='ltr'>iliraeula</span> <span class='ocrx_word' id='word_1_182' title='bbox 650 3228 771 3306; x_wconf 82' lang='lat' dir='ltr'>saneti</span> <span class='ocrx_word' id='word_1_183' title='bbox 804 3228 976 3328; x_wconf 81' lang='lat' dir='ltr'>Gregorii</span> <span class='ocrx_word' id='word_1_184' title='bbox 1009 3228 1183 3328; x_wconf 82' lang='lat' dir='ltr'>episcopi</span> <span class='ocrx_word' id='word_1_185' title='bbox 1210 3227 1455 3308; x_wconf 86' lang='lat' dir='ltr'>Turonensis</span> <span class='ocrx_word' id='word_1_186' title='bbox 1473 3228 1524 3309; x_wconf 89' lang='lat' dir='ltr'>de</span> 
     </span>
    </p>
   </div>
   <div class='ocr_carea' id='block_1_11' title="bbox 431 3358 1371 3461">
    <p class='ocr_par' dir='ltr' id='par_1_12' title="bbox 431 3358 1371 3461">
     <span class='ocr_line' id='line_1_25' title="bbox 431 3358 1371 3461; baseline -0.003 -24"><span class='ocrx_word' id='word_1_187' title='bbox 431 3368 563 3438; x_wconf 88' lang='lat' dir='ltr'>saneto</span> <span class='ocrx_word' id='word_1_188' title='bbox 582 3359 778 3460; x_wconf 89' lang='lat' dir='ltr'>Stephano</span> <span class='ocrx_word' id='word_1_189' title='bbox 797 3368 1081 3461; x_wconf 79' lang='lat' dir='ltr'>protomartyre</span> <span class='ocrx_word' id='word_1_190' title='bbox 1099 3360 1178 3445; x_wconf 86' lang='lat' dir='ltr'>(fol.</span> <span class='ocrx_word' id='word_1_191' title='bbox 1200 3358 1371 3449; x_wconf 64' lang='grc' dir='ltr'>(ΞΣ-ΜΡ).</span> 
     </span>
    </p>
   </div>
   <div class='ocr_carea' id='block_1_12' title="bbox 286 3493 1522 3756">
    <p class='ocr_par' dir='ltr' id='par_1_13' title="bbox 286 3493 1522 3756">
     <span class='ocr_line' id='line_1_26' title="bbox 318 3493 1522 3563; baseline 0.004 -17"><span class='ocrx_word' id='word_1_192' title='bbox 318 3496 448 3559; x_wconf 72' lang='lat' dir='ltr'>excerpta</span> <span class='ocrx_word' id='word_1_193' title='bbox 468 3507 503 3546; x_wconf 88' lang='lat' dir='ltr'>ex</span> <span class='ocrx_word' id='word_1_194' title='bbox 522 3494 641 3560; x_wconf 81' lang='lat' dir='ltr'>Gregorii</span> <span class='ocrx_word' id='word_1_195' title='bbox 662 3494 887 3547; x_wconf 83' lang='lat' dir='ltr'>Miraeulorum</span> <span class='ocrx_word' id='word_1_196' title='bbox 905 3493 953 3546; x_wconf 84' lang='lat' dir='ltr'>lio.</span> <span class='ocrx_word' id='word_1_197' title='bbox 976 3494 997 3558; x_wconf 87' lang='lat'>1,</span> <span class='ocrx_word' id='word_1_198' title='bbox 1008 3507 1066 3560; x_wconf 87' lang='lat' dir='ltr'>oap.</span> <span class='ocrx_word' id='word_1_199' title='bbox 1088 3497 1122 3546; x_wconf 76' lang='grc'>55</span> <span class='ocrx_word' id='word_1_200' title='bbox 1137 3495 1177 3557; x_wconf 92' lang='grc' dir='ltr'>(Ρ.</span> <span class='ocrx_word' id='word_1_201' title='bbox 1191 3496 1231 3560; x_wconf 58' lang='lat' dir='ltr'>lt,</span> <span class='ocrx_word' id='word_1_202' title='bbox 1244 3498 1309 3547; x_wconf 86' lang='lat' dir='ltr'>torn.</span> <span class='ocrx_word' id='word_1_203' title='bbox 1323 3494 1413 3559; x_wconf 65' lang='lat' dir='ltr'>exiit,</span> <span class='ocrx_word' id='word_1_204' title='bbox 1427 3510 1457 3563; x_wconf 92' lang='lat' dir='ltr'>p.</span> <span class='ocrx_word' id='word_1_205' title='bbox 1472 3498 1522 3551; x_wconf 79' lang='grc'>755</span> 
     </span>
     <span class='ocr_line' id='line_1_27' title="bbox 286 3592 1520 3659; baseline 0.004 -16"><span class='ocrx_word' id='word_1_206' title='bbox 286 3606 311 3657; x_wconf 92' lang='lat' dir='ltr'>p.</span> <span class='ocrx_word' id='word_1_207' title='bbox 326 3606 361 3643; x_wconf 87' lang='lat' dir='ltr'>m.</span> <span class='ocrx_word' id='word_1_208' title='bbox 376 3597 437 3659; x_wconf 89' lang='lat' dir='ltr'>post</span> <span class='ocrx_word' id='word_1_209' title='bbox 448 3605 528 3645; x_wconf 89' lang='lat' dir='ltr'>voees</span> <span class='ocrx_word' id='word_1_210' title='bbox 547 3593 580 3645; x_wconf 84' lang='lat' dir='ltr'>in</span> <span class='ocrx_word' id='word_1_211' title='bbox 598 3592 698 3645; x_wconf 77' lang='lat' dir='ltr'>altori</span> <span class='ocrx_word' id='word_1_212' title='bbox 718 3592 885 3658; x_wconf 73' lang='lat' dir='ltr'>Bituripae</span> <span class='ocrx_word' id='word_1_213' title='bbox 904 3592 1050 3647; x_wconf 81' lang='lat' dir='ltr'>eeclesiae</span> <span class='ocrx_word' id='word_1_214' title='bbox 1069 3592 1247 3645; x_wconf 81' lang='lat' dir='ltr'>continetur</span> <span class='ocrx_word' id='word_1_215' title='bbox 1270 3592 1414 3658; x_wconf 84' lang='lat' dir='ltr'>usquead</span> <span class='ocrx_word' id='word_1_216' title='bbox 1434 3592 1520 3647; x_wconf 77' lang='lat' dir='ltr'>tinem</span> 
     </span>
     <span class='ocr_line' id='line_1_28' title="bbox 286 3689 401 3756; baseline 0 -13"><span class='ocrx_word' id='word_1_217' title='bbox 286 3689 401 3756; x_wconf 85' lang='lat' dir='ltr'>eapitis).</span> 
     </span>
    </p>
   </div>
   <div class='ocr_carea' id='block_1_13' title="bbox 384 3788 1524 4014">
    <p class='ocr_par' dir='ltr' id='par_1_14' title="bbox 384 3788 1524 4014">
     <span class='ocr_line' id='line_1_29' title="bbox 384 3788 1524 3890; baseline 0.004 -25"><span class='ocrx_word' id='word_1_218' title='bbox 384 3788 423 3865; x_wconf 79' lang='grc' dir='ltr'>6ο</span> <span class='ocrx_word' id='word_1_219' title='bbox 434 3789 550 3867; x_wconf 81' lang='lat' dir='ltr'>Actus</span> <span class='ocrx_word' id='word_1_220' title='bbox 559 3791 639 3868; x_wconf 84' lang='lat' dir='ltr'>sive</span> <span class='ocrx_word' id='word_1_221' title='bbox 653 3790 826 3867; x_wconf 87' lang='lat' dir='ltr'>ascensio</span> <span class='ocrx_word' id='word_1_222' title='bbox 840 3789 961 3867; x_wconf 86' lang='lat' dir='ltr'>saneti</span> <span class='ocrx_word' id='word_1_223' title='bbox 976 3789 1162 3867; x_wconf 87' lang='lat' dir='ltr'>Johannis</span> <span class='ocrx_word' id='word_1_224' title='bbox 1171 3788 1336 3890; x_wconf 91' lang='lat' dir='ltr'>apostoli</span> <span class='ocrx_word' id='word_1_225' title='bbox 1352 3798 1393 3870; x_wconf 90' lang='lat' dir='ltr'>et</span> <span class='ocrx_word' id='word_1_226' title='bbox 1407 3814 1524 3871; x_wconf 84' lang='lat' dir='ltr'>evan-</span> 
     </span>
     <span class='ocr_line' id='line_1_30' title="bbox 435 3912 882 4014; baseline -0.011 -22"><span class='ocrx_word' id='word_1_227' title='bbox 435 3913 593 4014; x_wconf 82' lang='lat' dir='ltr'>gelistae</span> <span class='ocrx_word' id='word_1_228' title='bbox 612 3914 691 4003; x_wconf 85' lang='lat' dir='ltr'>(fol.</span> <span class='ocrx_word' id='word_1_229' title='bbox 714 3912 882 4011; x_wconf 52' lang='lat' dir='ltr'>iili-lov).</span> 
     </span>
    </p>
   </div>
   <div class='ocr_carea' id='block_1_14' title="bbox 319 4054 1362 4121">
    <p class='ocr_par' dir='ltr' id='par_1_15' title="bbox 319 4054 1362 4121">
     <span class='ocr_line' id='line_1_31' title="bbox 319 4054 1362 4121; baseline 0.002 -17"><span class='ocrx_word' id='word_1_230' title='bbox 319 4054 438 4118; x_wconf 73' lang='lat' dir='ltr'>llpistula</span> <span class='ocrx_word' id='word_1_231' title='bbox 449 4055 602 4121; x_wconf 73' lang='lat' dir='ltr'>apocrypha</span> <span class='ocrx_word' id='word_1_232' title='bbox 614 4054 750 4107; x_wconf 81' lang='lat' dir='ltr'>litletonis</span> <span class='ocrx_word' id='word_1_233' title='bbox 761 4054 913 4117; x_wconf 74' lang='lat' dir='ltr'>sarriensis,</span> <span class='ocrx_word' id='word_1_234' title='bbox 926 4054 968 4107; x_wconf 75' lang='lat' dir='ltr'>erl.</span> <span class='ocrx_word' id='word_1_235' title='bbox 982 4056 1011 4107; x_wconf 91' lang='grc' dir='ltr'>Ρ.</span> <span class='ocrx_word' id='word_1_236' title='bbox 1025 4057 1065 4121; x_wconf 74' lang='grc'>6.,</span> <span class='ocrx_word' id='word_1_237' title='bbox 1079 4060 1145 4106; x_wconf 88' lang='lat' dir='ltr'>tom.</span> <span class='ocrx_word' id='word_1_238' title='bbox 1158 4055 1188 4119; x_wconf 86' lang='lat' dir='ltr'>v,</span> <span class='ocrx_word' id='word_1_239' title='bbox 1201 4068 1227 4119; x_wconf 91' lang='lat' dir='ltr'>p.</span> <span class='ocrx_word' id='word_1_240' title='bbox 1241 4054 1362 4106; x_wconf 59' lang='lat' dir='ltr'>tmoli.</span> 
     </span>
    </p>
   </div>
   <div class='ocr_carea' id='block_1_15' title="bbox 321 4168 1525 4493">
    <p class='ocr_par' dir='ltr' id='par_1_16' title="bbox 321 4168 1525 4493">
     <span class='ocr_line' id='line_1_32' title="bbox 387 4168 1525 4270; baseline 0.003 -26"><span class='ocrx_word' id='word_1_241' title='bbox 387 4170 424 4244; x_wconf 79' lang='lat'>7⁰</span> <span class='ocrx_word' id='word_1_242' title='bbox 443 4170 485 4245; x_wconf 92' lang='lat' dir='ltr'>ln</span> <span class='ocrx_word' id='word_1_243' title='bbox 504 4170 620 4247; x_wconf 86' lang='lat' dir='ltr'>natali</span> <span class='ocrx_word' id='word_1_244' title='bbox 639 4171 760 4249; x_wconf 87' lang='lat' dir='ltr'>saneti</span> <span class='ocrx_word' id='word_1_245' title='bbox 775 4171 961 4249; x_wconf 88' lang='lat' dir='ltr'>iohannis</span> <span class='ocrx_word' id='word_1_246' title='bbox 976 4169 1244 4270; x_wconf 80' lang='lat' dir='ltr'>euangelistae,</span> <span class='ocrx_word' id='word_1_247' title='bbox 1262 4190 1395 4248; x_wconf 91' lang='lat' dir='ltr'>sermo</span> <span class='ocrx_word' id='word_1_248' title='bbox 1414 4168 1525 4251; x_wconf 91' lang='lat' dir='ltr'>beati</span> 
     </span>
     <span class='ocr_line' id='line_1_33' title="bbox 435 4294 1046 4397; baseline 0 -28"><span class='ocrx_word' id='word_1_249' title='bbox 435 4294 573 4373; x_wconf 86' lang='lat' dir='ltr'>Isidori</span> <span class='ocrx_word' id='word_1_250' title='bbox 592 4295 765 4397; x_wconf 83' lang='lat' dir='ltr'>episcopi</span> <span class='ocrx_word' id='word_1_251' title='bbox 784 4294 860 4391; x_wconf 84' lang='lat' dir='ltr'>(fol.</span> <span class='ocrx_word' id='word_1_252' title='bbox 882 4295 1046 4389; x_wconf 52' lang='lat' dir='ltr'>iot-ily.</span> 
     </span>
     <span class='ocr_line' id='line_1_34' title="bbox 321 4424 1525 4493; baseline 0.005 -16"><span class='ocrx_word' id='word_1_253' title='bbox 321 4427 416 4478; x_wconf 88' lang='lat' dir='ltr'>Sermo</span> <span class='ocrx_word' id='word_1_254' title='bbox 428 4427 479 4479; x_wconf 90' lang='lat' dir='ltr'>iste</span> <span class='ocrx_word' id='word_1_255' title='bbox 489 4426 546 4481; x_wconf 83' lang='lat' dir='ltr'>sive</span> <span class='ocrx_word' id='word_1_256' title='bbox 558 4427 609 4480; x_wconf 86' lang='lat' dir='ltr'>sub</span> <span class='ocrx_word' id='word_1_257' title='bbox 621 4426 718 4479; x_wconf 89' lang='lat' dir='ltr'>isidori</span> <span class='ocrx_word' id='word_1_258' title='bbox 731 4428 787 4479; x_wconf 83' lang='lat' dir='ltr'>sive</span> <span class='ocrx_word' id='word_1_259' title='bbox 799 4427 851 4477; x_wconf 87' lang='lat' dir='ltr'>suh</span> <span class='ocrx_word' id='word_1_260' title='bbox 863 4428 969 4479; x_wconf 78' lang='lat' dir='ltr'>Maximi</span> <span class='ocrx_word' id='word_1_261' title='bbox 982 4426 1159 4480; x_wconf 76' lang='lat' dir='ltr'>laurinensis</span> <span class='ocrx_word' id='word_1_262' title='bbox 1171 4424 1525 4493; x_wconf 71' lang='lat' dir='ltr'>(etr.intra,ood.37&#39;i·l,3⁰)</span> 
     </span>
    </p>
   </div>
   <div class='ocr_carea' id='block_1_16' title="bbox 288 4524 1523 4694">
    <p class='ocr_par' dir='ltr' id='par_1_17' title="bbox 288 4524 1523 4694">
     <span class='ocr_line' id='line_1_35' title="bbox 288 4524 1523 4595; baseline 0.003 -17"><span class='ocrx_word' id='word_1_263' title='bbox 288 4527 399 4580; x_wconf 89' lang='lat' dir='ltr'>nomine</span> <span class='ocrx_word' id='word_1_264' title='bbox 420 4528 529 4594; x_wconf 87' lang='lat' dir='ltr'>saepius</span> <span class='ocrx_word' id='word_1_265' title='bbox 549 4528 578 4579; x_wconf 93' lang='lat' dir='ltr'>in</span> <span class='ocrx_word' id='word_1_266' title='bbox 599 4527 759 4579; x_wconf 88' lang='lat' dir='ltr'>homiliariis</span> <span class='ocrx_word' id='word_1_267' title='bbox 780 4528 907 4580; x_wconf 82' lang='lat' dir='ltr'>occurrit.</span> <span class='ocrx_word' id='word_1_268' title='bbox 929 4526 1023 4580; x_wconf 83' lang='lat' dir='ltr'>Editus</span> <span class='ocrx_word' id='word_1_269' title='bbox 1043 4531 1085 4580; x_wconf 84' lang='lat' dir='ltr'>est</span> <span class='ocrx_word' id='word_1_270' title='bbox 1105 4527 1134 4579; x_wconf 92' lang='lat' dir='ltr'>in</span> <span class='ocrx_word' id='word_1_271' title='bbox 1154 4524 1523 4595; x_wconf 75' lang='lat' dir='ltr'>Bootcostn.‚tom.1n,</span> 
     </span>
     <span class='ocr_line' id='line_1_36' title="bbox 289 4629 477 4694; baseline 0.005 -13"><span class='ocrx_word' id='word_1_272' title='bbox 289 4629 380 4682; x_wconf 81' lang='lat' dir='ltr'>Floril.</span> <span class='ocrx_word' id='word_1_273' title='bbox 395 4643 422 4694; x_wconf 90' lang='lat' dir='ltr'>p.</span> <span class='ocrx_word' id='word_1_274' title='bbox 434 4632 477 4682; x_wconf 86' lang='grc'>58.</span> 
     </span>
    </p>
   </div>
   <div class='ocr_carea' id='block_1_17' title="bbox 0 0 1572 5482">
    <p class='ocr_par' dir='ltr' id='par_1_18' title="bbox 0 0 1572 5482">
     <span class='ocr_line' id='line_1_37' title="bbox 0 0 1572 5482; baseline 0 0"><span class='ocrx_word' id='word_1_275' title='bbox 0 0 1572 5482; x_wconf 95' lang='lat' dir='ltr'> </span> 
     </span>
    </p>
   </div>
  </div>
 </body>
</html>
