3136 5482
159 384 165 396 ι
238 367 330 417 amr..
348 368 432 419 uir.
451 319 567 418 rinus.
586 387 632 399 -
646 365 800 417 anenno.
820 367 867 417 su
883 366 961 417 con.
980 365 1056 416 sare.
1220 356 1282 421 481

49 538 212 586 sanctorum
224 536 318 598 blauri,
331 535 416 589 salini
428 539 456 588 et
466 535 586 589 aratoris
597 540 661 588 sunt
677 536 702 587 ei
715 535 843 601 revelata,
860 536 907 602 qui
919 535 1044 601 plurimis
1056 536 1135 590 annis
1148 543 1283 592 antaeum

47 633 266 688 Virdunensium
279 635 421 688 ecclesiam
432 635 617 703 gubernantes
629 640 656 689 et
668 637 696 687 in
709 636 882 689 confessione
892 641 984 688 sancta
993 642 1208 705 perseverantes,
1220 653 1284 693 con·

46 732 139 798 juncti
152 734 217 800 beo,
231 735 369 800 conjuncti
381 747 491 802 quoque
503 734 579 789 brere
590 735 726 801 sepulcro.
739 735 791 788 Sed
803 735 866 788 licet
877 736 996 801 peccatis
1008 736 1179 803 exigentibus
1191 738 1284 791 multis

48 836 127 886 retro
140 833 221 885 annis
232 833 467 887 absconderentur
486 847 582 887 eorum
601 832 775 888 sanctissima
794 835 916 887 membra
933 834 1046 901 mundo,
1066 835 1144 888 istius
1156 849 1220 891 sero
1233 838 1283 891 viri

10 929 33 982 li
51 931 153 984 merito
161 944 244 998 quam
262 930 387 998 plurimis
400 933 428 986 in
441 937 581 999 posterum
595 932 664 987 iacta
680 938 744 986 sunt
755 933 784 985 in
797 933 928 986 remedio.
942 936 963 987 0
975 939 1068 986 sancta
1087 934 1245 1001 simplicitas
1257 942 1285 990 et

49 1042 117 1083 vera
137 1030 283 1084 humilitas.
302 1033 434 1096 Quoniam
456 1033 485 1085 iu
499 1038 575 1085 tanta
593 1032 754 1100 angelorum
769 1033 932 1099 jubilatione
945 1032 984 1084 illi
1003 1033 1049 1099 qui
1063 1034 1090 1086 in
1104 1034 1200 1087 eodem
1213 1040 1283 1090 tecto

48 1128 180 1194 jacebant
191 1142 247 1183 non
259 1135 386 1196 poterant
397 1131 527 1197 dormire,
541 1132 589 1184 sed
602 1144 651 1198 pro
665 1131 711 1183 tali
723 1130 830 1184 visione
842 1132 927 1182 nimio
940 1136 1018 1184 erant
1026 1134 1163 1198 perterriti
1174 1135 1282 1202 timore,

50 1228 155 1283 blande
167 1236 195 1283 et
206 1230 304 1284 leniter
316 1244 364 1285 eos
378 1231 528 1299 alloquitur
539 1239 566 1285 et
578 1245 614 1285 ne
626 1231 706 1285 alicui
720 1231 817 1285 diebus
830 1232 900 1285 ritae
912 1244 978 1284 suae
990 1232 1041 1285 boc
1059 1231 1185 1287 dicerent
1196 1234 1283 1288 omui-

49 1327 105 1382 bus
117 1329 208 1383 modis
219 1330 336 1397 imperat
348 1336 376 1385 et
388 1335 524 1397 precatur.

10 1426 32 1478 t)
85 1426 119 1480 θ.
133 1428 323 1482 childebertus
334 1443 409 1498 ergo,
423 1443 470 1483 rex
489 1431 698 1493 Germanorum,
721 1429 772 1482 iter
794 1429 896 1482 iaciens
908 1443 958 1496 per
969 1428 1092 1498 Galliam,
1105 1429 1217 1485 devenit
1227 1433 1282 1484 vir·

47 1525 166 1580 dunum.
181 1530 303 1595 Cumque
316 1541 331 1581 a
343 1534 438 1583 sancto
450 1528 577 1596 pontifice
591 1530 758 1595 reciperetur
771 1542 832 1582 cum
840 1542 937 1596 magna
947 1529 1059 1582 caritate
1071 1534 1098 1582 et
1109 1531 1200 1584 omnia
1210 1545 1281 1598 qnae

48 1627 153 1680 babere
174 1632 277 1695 ppterat
299 1628 324 1681 ei
336 1633 363 1681 et
382 1628 543 1682 satellitibus
561 1629 617 1681 suis
635 1629 754 1696 benigne
765 1629 908 1696 tribueret,
922 1629 1056 1682 accedens
1069 1629 1102 1682 ad
1115 1643 1178 1683 eurn
1191 1631 1282 1697 quiea

45 1739 121 1793 quae
145 1726 293 1779 sacerdotis
322 1732 399 1780 erant
421 1726 610 1792 distribuebat,
632 1726 726 1779 dixit:
746 1727 856 1780 Vinum
878 1740 940 1779 non
961 1726 1064 1794 liabeo,
1084 1728 1282 1783 sanctissime

39 1827 150 1892 pater,
162 1825 227 1878 nisi
238 1829 393 1892 quantum
400 1827 502 1894 potest
514 1839 578 1880 esse
589 1825 683 1879 unius
695 1828 812 1880 tannae
823 1826 985 1880 medietas.
1001 1829 1077 1879 Tunc
1089 1827 1131 1879 vir
1148 1827 1205 1891 bei,
1218 1841 1281 1882 con·

10 1919 118 1976 ltdsus
131 1928 159 1976 et
170 1923 269 1989 plenus
281 1924 316 1977 de
334 1923 434 1977 virtute
455 1925 511 1993 liei,
524 1922 615 1977 afferri
638 1924 690 1977 sibi
711 1923 746 1977 de
756 1923 852 1978 eodem
866 1925 895 1977 in
918 1937 974 1977 uno
992 1925 1102 1978 vasculo
1121 1927 1279 1992 praecepit;

46 2029 154 2077 etcum
165 2030 309 2092 gustasset,
321 2024 389 2077 dixit
402 2041 409 2078 :
424 2025 559 2093 Domine,
572 2028 672 2078 orout
684 2024 744 2093 fiat
754 2024 845 2078 istius
857 2024 925 2077 vini
935 2024 1150 2093 amplificatio.
1163 2028 1194 2078 lit
1211 2026 1281 2080 ludit

46 2122 176 2177 minister
187 2123 363 2177 benedictum
372 2125 466 2177 vinum
479 2124 554 2178 unde
565 2128 644 2178 antea
657 2125 826 2178 subtraxerat
843 2124 922 2177 illud.
943 2125 1007 2188 Quis
1021 2126 1107 2190 potuit
1119 2138 1280 2180 enumerare

47 2227 116 2290 quot
125 2223 201 2276 milia
213 2237 248 2276 ex
259 2223 355 2278 eodem
368 2223 434 2278 vino
447 2229 540 2291 postea
553 2224 666 2277 fuerunt
677 2223 841 2277 distributa?
853 2229 880 2277 et
892 2228 1025 2291 quantum
1038 2230 1101 2277 ante
1115 2226 1281 2280 benedictio

47 2336 114 2377 nem
127 2324 158 2377 in
170 2325 240 2393 regis
252 2325 375 2384 introitu.
389 2329 493 2378 tantum
505 2324 587 2378 etiarn
600 2329 737 2390 repertum
751 2324 832 2377 estin
845 2337 964 2392 egressu.
976 2326 1173 2391 namplurimis
1182 2326 1279 2379 diebus

10 2418 37 2473 n
49 2422 79 2476 in
90 2423 190 2476 eadem
211 2424 316 2478 civitate
336 2425 409 2478 stetit
429 2429 457 2478 et
477 2424 666 2478 sufficientiam
685 2422 719 2476 de
737 2424 875 2489 praedicto
887 2423 993 2491 liquore
1005 2424 1030 2476 ei
1042 2429 1069 2477 et
1082 2425 1138 2477 suis
1150 2426 1278 2479 omnibus

48 2523 172 2588 pontifex
184 2523 356 2577 ministravit.
379 2524 455 2588 Quali
477 2524 652 2577 veneratione
672 2527 700 2576 et
710 2522 891 2577 admiratione
903 2524 938 2577 ab
950 2524 1149 2590 antiquioribus
1162 2524 1213 2578 boc
1225 2525 1277 2577 luit

49 2620 214 2674 miraculum
225 2621 343 2674 ostendit
355 2635 429 2675 nunc
441 2622 526 2675 altare
535 2626 720 2675 constructum
734 2621 762 2673 in
775 2619 872 2674 eodem
886 2621 946 2675 loco
959 2621 1005 2674 ubi
1019 2622 1145 2687 precibus
1158 2623 1199 2675 sui
1212 2635 1276 2676 con·

49 2720 159 2773 sessoris
170 2721 344 2787 omnipotens
356 2722 487 2775 Dominus
498 2722 638 2774 abundare
651 2721 752 2773 lecerat
762 2722 866 2773 tinum.

82 2815 134 2869 10.
147 2816 268 2882 Quodam
289 2831 353 2872 vero
374 2823 507 2885 tempore,
526 2819 590 2872 dum
610 2818 661 2871 iret
681 2831 729 2883 per
750 2817 883 2870 civitatem
907 2816 1141 2882 beudonensium
1155 2818 1276 2884 quidam,

10 2912 34 2968 b
49 2915 152 2982 proprii
165 2915 293 2970 facinoris
305 2922 381 2970 reatu
393 2918 510 2971 vinculis
522 2917 618 2970 terreis
631 2917 803 2980 constrictus,
816 2917 845 2968 in
856 2920 955 2968 tetrum
965 2914 1121 2968 mittebatur
1128 2928 1276 2970 carcerem.

49 3015 80 3066 ltt
90 3015 262 3082 prospiciens
274 3029 347 3082 reus,
360 3017 407 3084 qui
420 3022 479 3070 erat
487 3022 560 3070 totus
573 3017 602 3069 in
614 3016 790 3069 tribulatione
802 3016 919 3081 positus,
932 3019 1057 3068 sanctum
1070 3016 1116 3068 liei
1133 3015 1275 3082 famulum,

47 3118 79 3165 ut
89 3127 141 3180 pro
152 3115 209 3168 suis
218 3116 369 3169 sceleribus
389 3122 416 3174 et
433 3130 483 3183 pro
497 3122 551 3170 tam
572 3116 655 3169 ilebili
674 3117 797 3185 angustia
808 3128 858 3168 sua
870 3115 942 3181 apud
952 3113 1074 3182 judicem
1088 3116 1134 3182 qui
1147 3129 1210 3168 eum
1222 3120 1276 3170 tor·

48 3213 150 3280 quebat
162 3214 341 3268 interveniret
352 3215 555 3269 lacrimabiliter
564 3214 726 3281 deprecatus
736 3218 787 3267 est.
803 3212 856 3267 sed
867 3226 929 3266 cum
938 3213 1030 3265 multis
1039 3213 1165 3279 precibus
1177 3214 1276 3266 christi

48 3312 178 3366 sacerdos
191 3319 350 3379 precaretur
358 3314 489 3380 judicem,
502 3320 529 3367 et
541 3313 587 3367 ille
600 3313 736 3367 obstinata
749 3318 841 3366 mente
854 3312 883 3364 in
895 3311 973 3365 nullo
991 3310 1115 3364 animum
1127 3312 1161 3365 ad
1174 3312 1277 3365 miseri·

10 3411 33 3465 b
50 3410 174 3465 cordiam
186 3411 316 3478 flecteret,
329 3419 416 3466 totum
431 3426 461 3466 se
473 3427 536 3466 cum
545 3413 647 3481 gemitu
656 3417 683 3466 et
695 3411 814 3464 lacrimis
831 3411 910 3464 vertit
919 3409 953 3463 ad
966 3413 1061 3463 beum.
1074 3411 1195 3476 Repente
1206 3416 1276 3464 cate-

48 3511 268 3565 naecontractae
290 3518 354 3565 suut
374 3518 401 3566 et
421 3527 483 3566 cum
505 3514 620 3579 strepitu
639 3525 736 3581 magno
753 3511 852 3564 saltum
870 3509 1104 3577 dederuntusque
1116 3510 1150 3563 ad
1163 3515 1275 3563 tectum.

48 3611 276 3678 Prospiciensque
285 3612 370 3678 judex
382 3613 428 3679 qui
441 3616 532 3665 tantae
547 3611 717 3665 crudelitatis
729 3617 824 3663 auctor
837 3610 935 3675 tuerat,
948 3610 1046 3663 timore
1058 3614 1084 3663 et
1095 3608 1278 3663 admiratione

47 3710 218 3777 percutitnr;
236 3710 333 3778 lugens
345 3716 373 3765 et
385 3712 496 3778 plorans
508 3725 557 3778 pro
570 3724 619 3764 sua
634 3710 848 3777 inoboedientia,
863 3709 892 3761 in
904 3709 983 3761 terris
1002 3708 1138 3761 volutatur
1155 3713 1182 3761 et
1194 3708 1276 3773 pedes

47 3808 135 3862 sancti
146 3809 249 3877 agerici
262 3810 411 3877 osculatur,
425 3813 451 3864 et
470 3811 517 3877 qni
536 3813 615 3864 antea
634 3809 717 3862 nullis
729 3809 855 3875 precibus
868 3808 1027 3861 tlectebatur
1039 3812 1069 3860 ut
1079 3820 1157 3860 reum
1169 3806 1204 3860 de
1216 3806 1274 3860 vin-

10 3906 33 3961 lt
46 3907 118 3961 culis
129 3907 255 3974 solveret,
269 3909 327 3975 ipse
346 3909 456 3963 vinculo
477 3908 695 3963 inoboedientiae
708 3908 870 3961 constrictus
881 3907 990 3974 culpam
1002 3905 1106 3959 dimisit
1117 3911 1145 3958 et
1156 3905 1276 3959 solutum

47 4006 190 4060 bominem
200 4008 234 4062 ab
247 4008 301 4063 alio
312 4008 429 4062 liberum
441 4009 517 4062 abire
528 4009 672 4063 concessit.
686 4008 798 4061 llultum
813 4007 975 4073 deprecatus
987 4006 1033 4059 liei
1047 4005 1165 4058 famulus
1177 4018 1213 4058 ne
1225 4018 1275 4071 pro

47 4105 100 4159 bac
109 4105 190 4171 culpa
201 4113 329 4173 raperent
340 4121 404 4161 eum
416 4108 544 4176 ligamina
556 4108 665 4161 interni.

82 4206 128 4258 11.
141 4205 402 4273 ltratergosanctus
414 4206 460 4259 liei
481 4207 580 4260 athleta
600 4206 673 4259 dulci
696 4205 860 4259 allocutione
880 4204 1008 4258 omnibus
1029 4201 1154 4267 affabilis,
1174 4203 1276 4256 salubri

45 4302 252 4371 praedicatione
273 4304 389 4357 multum
409 4305 544 4369 amabilis,
567 4306 595 4357 in
615 4306 740 4359 oratione
760 4303 884 4370 pervigil,
906 4304 935 4354 in
955 4301 1119 4367 elemosynis
1132 4301 1233 4369 largus,
1247 4301 1275 4354 in

10 4400 29 4457 b
42 4402 178 4457 mnrium
191 4401 379 4469 magnitudine
391 4403 511 4465 humilis,
525 4403 655 4468 patientia
668 4402 813 4470 benignus,
833 4401 924 4453 verbis
943 4399 1162 4467 inexpugnabilis
1175 4398 1205 4450 in
1217 4411 1275 4452 sae·

42 4500 101 4555 euti
112 4499 323 4554 adversitatibus
334 4503 462 4555 omnibus
475 4502 541 4555 suis.
555 4505 639 4555 Tanta
652 4502 753 4568 quippe
764 4501 895 4552 virtutum
907 4499 984 4564 copia
996 4498 1030 4551 de
1044 4499 1091 4551 illo
1103 4499 1197 4551 exibat
1208 4504 1238 4550 ut
1249 4498 1272 4549 si

41 4599 247 4668 qnisiuilrmus
267 4600 389 4669 eulogias
411 4599 446 4655 de
466 4614 550 4654 manu
567 4603 626 4668 ejus
645 4601 806 4666 susciperet,
829 4599 954 4666 protinus
969 4599 1112 4652 sanitatem
1131 4598 1276 4664 reciperet.

78 4710 178 4754 caret.
197 4711 286 4753 nmis.
306 4711 331 4751 τ.
351 4712 370 4752 ι.
1212 4699 1243 4749 bl
