3136 5482
289 106 333 171 26
633 126 757 175 cnrxn.
778 126 880 174 donn.
901 125 1072 174 anatona.
1092 125 1171 174 uxr.

291 292 437 345 nesciebat.
447 295 505 345 bon
518 293 593 344 enim
607 293 704 358 poterit
716 293 770 346 rim
779 294 844 344 tanti
855 293 957 346 doloris
969 295 1132 359 exprimere,
1144 295 1196 347 nisi
1208 293 1270 361 quis
1280 295 1385 347 viscera
1398 296 1558 347 materna

291 392 409 444 induens
425 391 561 444 didicerit.
576 392 618 442 Sic
631 391 725 444 dolore
748 397 840 444 tamen
853 393 925 444 inter
943 393 1117 458 bejuiationis
1130 393 1222 451 rerba,
1236 394 1286 446 ista
1304 398 1363 446 erat
1374 393 1507 446 xerbonn
1521 396 1558 437 1¹

291 491 434 557 repetitio:
448 491 559 556 Redde,
570 490 855 558 reddedeposilum,
866 491 955 545 beato
968 491 1183 558 bertarenae
1191 491 1364 559 depositum
1374 492 1558 546 eeclesia<

291 588 373 641 lculi
385 589 518 643 Claudii.
532 591 598 642 iiiia
611 603 655 641 res
668 607 674 640 :
689 589 754 641 dnm
767 590 833 641 baec
846 590 928 641 rerba
938 590 1046 655 repetit,
1060 595 1087 641 et
1098 590 1204 642 beatam
1217 591 1327 642 biaciam
1339 591 1558 657 sanctumgu⁴

291 687 433 739 Claudium
446 689 554 753 saepias
566 687 741 740 inclamando
754 689 808 738 rim
821 687 923 741 doloris
935 693 1118 755 exaggeraret,
1132 702 1195 740 cccc
1216 688 1307 749 belua,
1327 702 1393 742 suae
1406 688 1519 741 latitat
1530 677 1558 731 i*

293 787 385 850 oblita,
400 786 442 837 eni
456 787 596 852 proprium
609 793 649 837 est
662 799 717 838 non
740 799 851 852 parcere
864 785 914 837 sed
934 799 1040 850 rorare,
1053 786 1088 839 de
1101 787 1167 839 silva
1188 786 1318 852 perodiens
1329 792 1357 839 ot
1377 800 1426 839 ore
1448 790 1558 840 mar¹

293 890 371 937 sueto
384 898 498 950 pnernm
512 884 648 941 deserens.
662 899 725 936 eum
738 886 903 937 incolumem
926 885 1044 937 reddidit
1064 887 1142 938 matri
1163 899 1238 938 suae.
1251 888 1324 948 Quae
1337 886 1496 952 subsequen
1509 882 1558 931 ί(

293 984 403 1049 laetitia,
418 996 542 1036 macrore
556 991 727 1050 consumpte,
741 988 853 1049 coeptae
866 985 1093 1051 peregrinationis
1115 985 1165 1036 iter
1178 983 1362 1048 proficiscens,
1382 985 1411 1035 in
1425 984 1558 1037 multo·

295 1097 355 1133 rum
377 1084 529 1146 praesentia
557 1084 595 1134 rei
625 1084 724 1135 seriem
750 1085 904 1147 enarrante,
927 1088 954 1135 ct
980 1084 1008 1135 in
1033 1083 1115 1135 dorso
1141 1084 1221 1134 etiam
1249 1083 1327 1148 pncri
1354 1078 1555 1148 apparebant

294 1182 405 1248 vestigia
417 1180 551 1245 dentium,
565 1182 603 1233 rei
616 1188 707 1248 gestae
720 1182 879 1234 familiarius
890 1186 1090 1249 argumentum.

424 1281 508 1332 xm.
522 1282 568 1332 De
581 1293 678 1343 puero
690 1292 747 1344 pon
759 1281 889 1332 matum
900 1279 1067 1333 claudium
1077 1279 1111 1332 in
1122 1280 1196 1345 igne
1207 1281 1387 1332 reservato.

326 1380 429 1442 eranta
442 1377 476 1430 ad
486 1377 594 1431 landem
608 1379 654 1429 liei
667 1383 693 1429 ct
706 1378 777 1430 beati
790 1378 904 1430 clandii.
918 1381 948 1430 in
960 1379 1024 1430 xilla
1037 1392 1107 1444 quae
1120 1383 1230 1432 vocatur
1245 1378 1393 1435 Novariiia.
1407 1376 1527 1430 diocesis

292 1477 500 1539 bisuntinensis,
515 1477 597 1528 honio
610 1476 721 1543 qnidam
734 1478 761 1528 in
775 1477 957 1529 exterioribus
975 1477 1091 1544 negotiis
1103 1481 1259 1542 occupatus,
1273 1489 1335 1528 cum
1355 1487 1445 1528 uxore
1462 1487 1519 1533 sua.

291 1574 373 1626 domo
394 1586 442 1625 sua
464 1573 598 1639 obserata,
623 1575 714 1627 solnm
736 1576 908 1641 reliquerunt
929 1575 1093 1627 infantulum
1115 1576 1143 1626 in
1164 1574 1307 1627 cunabulis
1327 1573 1518 1626 dormientem.

291 1675 400 1725 interea
413 1673 483 1740 ignis
495 1673 639 1725 inveniens
660 1687 724 1726 snae
746 1675 963 1740 consumptionis
984 1675 1135 1738 materiam,
1148 1673 1277 1739 paulatim
1297 1672 1451 1725 crescendo
1463 1684 1517 1725 sese
1531 1672 1558 1723 i·

291 1772 411 1822 esterius
432 1772 594 1827 manifestat.
621 1772 728 1825 tlnnnna
747 1774 803 1839 jam
823 1775 850 1825 in
871 1775 932 1825 tecti
953 1772 1097 1838 superficie
1123 1772 1316 1824 debacchante.
1335 1771 1464 1825 Cucurrit
1484 1770 1518 1821 iiii

292 1869 458 1922 detrimento
470 1870 557 1936 plebs,
576 1872 671 1923 rolens
691 1885 861 1931 succurrere,
881 1872 929 1924 scd
950 1873 1104 1924 incassum:
1119 1884 1181 1923 nam
1202 1883 1342 1923 necessum
1360 1869 1518 1935 prohibebat

293 1968 417 2021 tiannnae
435 1982 534 2036 vorago
544 1971 756 2037 circumquaque
767 1969 873 2024 didirsa.
885 1972 1005 2024 Tandem
1015 1976 1143 2037 parentes
1154 1969 1324 2020 immaturius
1332 1967 1520 2034 decurrentes,

292 2072 318 2118 et
342 2069 420 2133 pueri
444 2080 545 2120 nomen
575 2071 684 2134 saepius
705 2071 892 2135 inclamantes,
913 2070 1030 2123 tundunt
1051 2077 1171 2136 pectora,
1199 2073 1330 2134 rumpunt
1355 2062 1468 2131 crines3
1495 2071 1521 2117 ct

293 2165 390 2218 (lomus
414 2180 469 2219 non
482 2168 564 2218 sentit
583 2167 741 2220 incendium
754 2175 897 2233 parentum
919 2168 1038 2229 dilectio,
1053 2169 1087 2220 de
1109 2168 1230 2234 periculo
1243 2167 1321 2233 pueri
1342 2167 1438 2218 sanius
1449 2162 1558 2217 acer-tt

292 2264 362 2315 bata.
385 2266 411 2315 Si
431 2264 541 2331 quando
559 2273 650 2318 axrtmn
669 2271 783 2319 matrem
803 2268 842 2319 ris
868 2267 970 2320 doloris
991 2268 1126 2333 respirare
1148 2266 1330 2332 permittebat,
1352 2266 1421 2316 baec
1441 2263 1521 2316 verba

294 2362 441 2429 ingeminat
455 2380 461 2416 ε
486 2363 550 2417 chi
566 2366 744 2419 conlucendo
764 2365 870 2433 filia-ue
880 2380 992 2433 circuni,
1004 2368 1112 2420 anatole
1135 2364 1266 2420 Claudi.-
1279 2366 1313 2416 tn
1325 2365 1389 2417 esto
1401 2362 1522 2430 clepera

291 2459 358 2524 ejus
370 2475 391 2513 u
404 2460 488 2529 ficeie
501 2463 582 2530 r‘pnis
603 2465 791 2518 decorantis.
806 2464 844 2516 nd
863 2466 998 2527 ultanum,
1012 2478 1074 2517 cum
1095 2469 1229 2516 structura
1249 2462 1367 2515 trabium
1387 2474 1443 2514 nna
1461 2472 1521 2512 cum

291 2561 440 2625 parietibus
461 2562 633 2629 concidisset,
655 2564 757 2615 intrant
775 2565 877 2631 ignem,
900 2569 1009 2617 orantes
1028 2568 1059 2616 ut
1077 2563 1111 2616 dc
1131 2575 1245 2628 corpore
1264 2562 1406 2614 inveniant
1424 2560 1519 2613 saitem

291 2660 413 2711 cinerem
426 2666 453 2711 et
474 2660 586 2712 iarillas.
600 2663 664 2723 eris
683 2674 739 2714 nen
761 2663 894 2714 miretur?
914 2662 1060 2714 inondant
1081 2663 1126 2727 qni
1145 2661 1260 2713 audiunt
1277 2665 1305 2712 et
1318 2661 1383 2712 tanti
1397 2656 1558 2711 miracnliil

98 2762 274 2828 ‘ccdstupet
293 2757 439 2810 rtoritatem
459 2759 573 2810 miretur
592 2765 619 2810 et
639 2763 765 2827 stupeat·
788 2765 858 2812 totns
878 2760 961 2814 orbis.
982 2763 1149 2813 invenerunt
1169 2758 1333 2811 infantulum
1354 2758 1521 2811 carbonibus

295 2855 476 2922 arridentem,
490 2861 517 2908 et
529 2859 665 2911 cunabulo
679 2872 740 2911 cum
762 2860 915 2924 panniculis
928 2860 1088 2923 incinerato,
1102 2861 1130 2910 in
1143 2859 1200 2910 seio
1219 2870 1304 2923 puero
1317 2857 1422 2908 saevire
1436 2855 1522 2908 nescit

295 2953 464 3007 incendium.
483 2956 561 3008 Certe
574 2957 595 3007 si
617 2958 678 3023 quis
690 2959 755 3033 velit
767 2959 920 3024 exprimere
942 2958 1147 3009 similitudinem
1160 2961 1187 3008 ct
1204 2955 1357 3022 praesentia
1369 2964 1522 3019 coaequam

295 3053 458 3120 praeteritis,
471 3054 505 3107 ad
519 3055 627 3107 landent
649 3056 695 3108 bei
717 3057 810 3108 matris
830 3063 857 3108 et
874 3057 946 3108 beati
967 3056 1071 3109 Claudii
1090 3053 1253 3107 declaranda
1266 3054 1362 3105 merita
1375 3053 1459 3105 lilius
1475 3050 1522 3103 bei

295 3151 379 3202 Patris
391 3152 535 3218 antiquum
547 3166 679 3207 renovare
689 3153 814 3222 algnatns
826 3158 867 3206 est
879 3154 1041 3206 miraculum
1054 3153 1206 3218 Babylonis.
1216 3154 1282 3202 Nam
1294 3164 1356 3204 cum
1369 3149 1459 3202 tribus
1469 3147 1525 3199 iliis
1539 3148 1558 3199 l

294 3249 385 3313 pueris
399 3250 448 3303 iste
461 3256 573 3317 qrrartus
586 3258 677 3317 posset
688 3254 815 3314 inveniri,
829 3253 852 3303 si
862 3252 970 3304 damma
982 3251 1135 3318 panniculis
1144 3248 1334 3303 tantummodo
1344 3249 1522 3314 pepercisset.

294 3349 331 3400 Eo
341 3361 406 3401 vero
418 3349 508 3402 ablato
520 3363 536 3402 a
549 3352 706 3416 parentibus
719 3355 746 3404 ct
758 3352 890 3403 ecciesiae
904 3356 1085 3417 praesentato,
1098 3355 1288 3402 comenemnt
1300 3348 1420 3414 plurimi.
1435 3346 1525 3398 bomi-

296 3459 362 3499 num
375 3447 571 3501 collaudantes.
585 3452 704 3512 Quemm
717 3451 841 3516 consilio,
855 3463 890 3502 nc
903 3463 947 3501 res
957 3462 972 3502 a
981 3449 1113 3501 memoria
1131 3448 1280 3509 tolleretur,
1294 3444 1369 3498 tideli
1383 3458 1526 3498 commen·

295 3543 376 3597 datur
389 3546 527 3600 custodiae
541 3547 701 3601 litteramm.

346 3643 539 3698 Miraculum
558 3648 658 3699 XLII.
680 3649 726 3699 De
746 3647 886 3711 quadarn
902 3646 1059 3711 neumega
1078 3659 1162 3710 quae
1182 3647 1255 3710 post
1277 3641 1473 3708 punitionem
1546 3644 1558 3695 i

718 3748 769 3798 nst
787 3743 926 3797 sanitati
936 3745 1101 3797 mtitntu.

334 3851 498 3902 procurante
512 3851 602 3896 autem
615 3845 727 3897 immani
739 3844 848 3912 generis
862 3844 983 3909 inimico,
996 3845 1043 3910 qui
1056 3843 1089 3895 ad
1097 3843 1302 3895 subversionem
1313 3840 1375 3893 ddci
1388 3841 1533 3893 incessam

299 3947 456 4010 tunditur,
470 3949 499 3997 ut
511 3946 592 4009 iupus
604 3943 715 4010 quidam
727 3956 836 3997 vaccam
849 3942 990 4009 cujusdam
1003 3943 1126 3995 mulieris
1136 3943 1254 4010 graviter
1264 3940 1417 3993 xninerarit
1432 3956 1439 3992 :
1452 3940 1533 4006 qnod

298 4044 474 4113 perpendens
486 4043 585 4095 mulier
597 4044 685 4109 coepit
697 4055 778 4108 qnam
791 4043 939 4108 plurimum
952 4048 1044 4094 tnente
1057 4047 1084 4094 et
1093 4041 1185 4093 animo
1198 4040 1365 4092 conturbari.
1379 4041 1535 4105 Propterea

297 4144 431 4197 accedens
443 4141 477 4195 ad
496 4141 649 4202 ecclesiam,
662 4145 689 4192 et
710 4144 846 4204 assumpta
866 4152 937 4206 aqua
959 4139 1111 4201 benedicta,
1134 4138 1232 4189 minus
1251 4149 1348 4190 vaccae
1370 4136 1558 4202 praedictae.

299 4244 436 4311 respersit,
448 4242 592 4308 sortilegiis
604 4244 631 4292 et
642 4239 822 4292 daemonibus
843 4239 974 4292 fallaciter
991 4236 1169 4291 inhaerendo.
1184 4239 1258 4302 Quae
1273 4237 1363 4288 statim
1377 4237 1406 4288 in
1418 4237 1536 4305 signum

298 4342 408 4395 ultionis
419 4341 527 4392 dirinac
549 4351 676 4404 percussa
696 4344 747 4397 est,
761 4339 797 4390 ita
819 4342 848 4390 nt
869 4343 972 4391 tremor
990 4337 1111 4390 enormis
1132 4340 1160 4388 et
1180 4336 1328 4387 continuus
1349 4335 1377 4386 in
1399 4337 1494 4403 capite
1507 4345 1538 4390 et
