3136 5482
330 319 422 368 amn.
441 318 525 368 mar.
545 319 659 368 rarus.
681 337 723 348 -
740 319 893 369 trenno.
914 320 960 369 an
976 319 1053 369 con.
1074 317 1148 369 sest.
1288 304 1355 370 503

473 539 681 652 Appendix
701 539 751 628 od
775 538 859 627 cod.
888 539 1011 629 5284.

389 773 607 821 droedonis.
626 773 758 821 nicotrr
778 755 860 841 (Cir.
880 775 991 840 supra,
1016 755 1096 838 16⁰).

372 949 550 1022 Incipiunt
566 949 744 1011 musculo
756 951 916 1023 atumem
928 949 1120 1022 praesulis.

151 1130 181 1182 1.
203 1128 397 1181 sanctissimus
420 1127 553 1192 Nicolaus‚
576 1129 697 1194 llyrreae
720 1128 835 1181 civitatis
856 1129 1086 1196 archiepiscopus,
1105 1145 1138 1184 ex
1151 1137 1267 1200 utraque
1279 1141 1355 1200 parte

138 1235 172 1282 ta
187 1227 320 1296 progenie
331 1226 420 1279 editus
433 1232 483 1280 cst.
500 1229 578 1281 Patre
587 1240 706 1293 namque
720 1228 880 1294 Epiphanio,
892 1234 977 1281 matre
991 1243 1055 1282 vero
1066 1231 1169 1296 llomia,
1180 1234 1252 1298 apud
1263 1235 1354 1288 Patbe·

138 1343 178 1382 nn
192 1328 331 1381 civitatem
343 1325 477 1380 oriundus
489 1327 585 1379 extitit.
607 1328 656 1391 Qui
677 1327 787 1394 utrique
808 1333 945 1393 parentes,
967 1342 1132 1396 quamquam
1152 1345 1254 1399 genere
1274 1334 1352 1396 clari,

138 1430 173 1483 dc
188 1435 283 1482 tamen
304 1433 331 1480 et
351 1428 447 1494 spiritu
469 1428 608 1492 clariores,
632 1429 705 1480 bunc
725 1428 813 1480 solum
835 1442 951 1495 puerum
964 1442 1177 1483 suarumrerum
1190 1444 1353 1499 morumque

138 1528 254 1583 eredem
266 1541 282 1581 a
294 1528 406 1581 domino
418 1528 556 1593 petierunt
567 1543 573 1578 :
583 1527 656 1594 quod
666 1534 760 1581 sancto
772 1529 873 1594 Spiritu
886 1528 1005 1581 donante
1015 1531 1236 1595 impetraverunt.
1251 1535 1354 1586 Revera

138 1629 224 1683 'enim
238 1628 267 1679 in
279 1627 326 1680 illo
338 1628 453 1694 spiritus
465 1627 551 1679 sancti
563 1628 650 1695 gratia
671 1626 852 1693 redundabat,
873 1641 936 1680 cum
953 1629 982 1680 in
995 1629 1072 1681 cunis
1086 1631 1155 1683 lacte
1167 1632 1261 1683 matris
1273 1632 1355 1685 absti-

138 1729 246 1782 entiam
258 1732 386 1780 servaret.
401 1726 493 1780 lnlans
505 1725 616 1793 quidem
629 1730 657 1780 et
668 1733 747 1780 tener
767 1741 889 1794 corpore,
904 1740 988 1781 sonex
1007 1734 1098 1782 mente
1116 1718 1144 1782 et
1155 1731 1251 1797 spiritu
1272 1732 1353 1784 babe-

138 1832 210 1888 atur,
223 1827 290 1879 dum
302 1825 394 1880 divina
405 1826 530 1879 Nicolaus
541 1827 625 1893 gratia
638 1825 752 1891 adlatus,
766 1828 872 1881 alienus
884 1828 918 1880 ab
937 1829 1011 1881 omni
1031 1829 1148 1895 lascivia,
1163 1828 1262 1883 christi
1275 1832 1354 1884 vesti-

138 1927 160 1979 la
172 1939 190 1980 a
203 1926 293 1992 prima
305 1925 419 1978 infantia
432 1929 604 1991 sequeretur.
616 1927 646 1979 ln
659 1939 714 1993 quo
728 1926 857 1980 nimirum
868 1940 929 1993 pax,
941 1926 1018 1993 fides,
1029 1929 1136 1995 caritas,
1148 1930 1233 1994 pietas
1243 1931 1352 1993 eximia,

138 2025 262 2090 atientia,
272 2024 393 2088 castitas,
407 2024 553 2089 humilitas,
566 2036 637 2092 quae
650 2030 690 2077 est
702 2025 907 2077 condimentum
926 2027 1050 2078 omnium
1069 2027 1208 2095 virtutum,
1222 2027 1308 2081 luere.
1325 2028 1351 2080 Si

138 2136 211 2191 aque
224 2124 253 2175 in
266 2125 367 2176 sanctis
379 2124 435 2177 suis
448 2123 581 2176 mirabilis
599 2126 641 2177 est
660 2126 740 2188 Deus,
763 2125 792 2176 in
814 2124 860 2177 illo
879 2130 971 2177 tamen
985 2125 1144 2191 mirabilior,
1158 2127 1180 2178 si
1194 2126 1283 2178 taliter
1295 2127 1348 2180 dici

139 2229 219 2289 otest,
234 2224 294 2288 luit,
310 2237 453 2291 perquem
466 2229 539 2276 tanta
553 2229 579 2276 et
591 2223 713 2277 inaudita
726 2224 857 2277 miracula
867 2226 973 2291 operari
992 2224 1121 2292 dignatus
1139 2229 1188 2277 est.
1203 2229 1240 2278 lle
1253 2228 1353 2293 qulbus

138 2335 172 2374 nn
195 2323 344 2389 praeclaris
365 2330 392 2376 et
409 2323 656 2377 innumerabilibus
676 2324 815 2376 miraculis
836 2323 972 2389 quoddam
994 2337 1106 2378 suorum
1125 2326 1202 2391 quasi
1220 2325 1353 2392 primitias

138 2421 317 2475 tiraculorum
330 2425 383 2475 beo
396 2421 542 2488 adiuvante
554 2422 701 2474 enucleare
712 2421 893 2487 disponimus.

153 2520 184 2574 Β.
197 2522 289 2576 Primo
302 2522 383 2590 igitur
399 2521 444 2574 die
457 2521 603 2575 nativitatis
615 2523 684 2588 ejus,
697 2521 763 2575 dum
777 2523 868 2575 nutrix
888 2523 972 2588 ipsius
990 2522 1120 2575 balncum
1133 2522 1171 2574 illi
1185 2524 1212 2575 in
1225 2522 1345 2591 quodam

138 2623 229 2676 asculo
242 2627 427 2688 praepararet,
439 2634 558 2688 eumque
573 2621 609 2674 ibi
622 2621 782 2687 deponeret,
798 2622 856 2687 jam
874 2623 949 2675 caelo
967 2604 1057 2675 inians
1070 2627 1176 2675 erectus
1188 2636 1236 2688 per
1248 2637 1278 2676 sc
1290 2625 1349 2678 sine

140 2720 234 2773 utricis
246 2719 290 2772 vel
302 2719 417 2785 alicujus
429 2718 615 2771 sustentaculo
627 2718 706 2786 quasi
720 2718 807 2770 media
819 2719 886 2772 bora
898 2732 981 2784 super
993 2718 1076 2786 pedes
1088 2730 1153 2772 suos
1166 2721 1249 2774 stelit.

386 2820 459 2872 Ores
473 2818 596 2871 miranda
609 2819 735 2883 nimium,
749 2832 793 2871 res
805 2830 837 2871 ac
849 2818 1039 2883 praedicanda.

386 2921 406 2972 0
418 2932 488 2986 puer
500 2919 625 2987 insignis,
639 2918 749 2972 divinus
761 2932 816 2985 quo
829 2918 880 2972 luit
892 2919 962 2986 ignis
976 2935 983 2970 :

384 3021 470 3082 Quem
483 3019 575 3071 nutrix
589 3022 704 3071 stantem
717 3017 783 3069 vidit
794 3019 993 3085 bominumque
1006 3024 1157 3087 rogantem.

153 3119 323 3185 Quicumque
343 3118 451 3171 titulum
472 3119 546 3171 bunc
567 3117 664 3185 legitis,
685 3131 814 3185 magnum
835 3117 973 3184 quoddam
995 3124 1022 3170 et
1043 3119 1194 3171 inauditum
1207 3132 1222 3171 a
1235 3122 1351 3173 saeculis

138 3218 283 3271 airaeulum
295 3218 396 3271 Nicolai
406 3220 573 3294 liyrreorum
584 3215 781 3284 archicpiscopi
791 3216 936 3282 dinoscite‚
948 3218 1045 3270 iratres
1055 3208 1188 3270 carissimi
1198 3233 1204 3268 :
1216 3218 1347 3285 quoniam

138 3330 179 3382 rso
190 3317 237 3373 die
248 3331 304 3385 quo
317 3323 398 3371 natus
413 3317 517 3378 mitre
538 3329 602 3370 vera
623 3318 679 3370 lere
700 3319 781 3369 unius
803 3318 885 3369 borae
898 3318 995 3384 spatio,
1009 3323 1040 3369 ut
1051 3318 1141 3369 veraci
1153 3318 1348 3384 comprobatur

138 3418 284 3478 estimonio.
298 3422 387 3471 reclus
399 3430 481 3482 super
493 3415 578 3483 pedes
589 3416 689 3469 dicitur
703 3416 866 3482 substitisse,
886 3429 917 3468 ac
932 3416 1033 3469 deinde
1046 3429 1121 3470 more
1133 3417 1251 3469 aliorum
1264 3417 1349 3469 inlan-

138 3531 188 3570 ‚nm
200 3518 229 3569 in
241 3516 322 3570 canis
338 3530 398 3570 sese
418 3517 576 3571 collocasse.
596 3519 653 3580 Qua
672 3517 700 3567 in
713 3528 742 3567 re
757 3519 841 3568 Deum
858 3529 966 3581 semper
987 3514 1157 3583 magnificate
1169 3530 1200 3569 ao
1211 3516 1351 3569 Nicolaum

140 3617 202 3684 igne
216 3616 403 3692 bonorillcate.

153 3716 185 3770 ³.
198 3718 278 3772 Aliud
290 3730 400 3784 quoque
412 3718 520 3785 insigne
540 3717 703 3770 miraculum
726 3717 806 3782 liujus
824 3717 988 3768 sanctissimi
1000 3717 1051 3768 viri
1065 3717 1115 3769 sub
1128 3717 1237 3770 silentio
1250 3722 1350 3782 praete·

138 3819 177 3871 ire
189 3817 338 3881 noluimus,
352 3817 427 3885 quod
440 3818 469 3869 in
480 3817 597 3883 pueritia
608 3818 667 3883 ejus
680 3817 794 3869 Domino
806 3820 937 3882 operante
950 3816 1050 3868 iactum
1060 3821 1110 3868 est.
1123 3816 1242 3880 Quadam
1261 3819 1353 3883 itaque

141 3920 175 3984 ie,
188 3919 255 3971 dum
267 3919 347 3972 solito
359 3919 461 3971 rediret
473 3932 489 3969 a
500 3917 611 3980 scholis,
625 3917 725 3970 librum
739 3917 767 3969 in
779 3930 834 3983 quo
846 3907 942 3968 sancta
963 3915 1144 3969 meditabatur
1157 3916 1225 3968 nulli
1239 3916 1352 3969 tradens
1368 3979 1371 3984 Ι

139 4019 250 4073 blivioni
265 4019 312 4071 sed
325 4020 353 4071 in
366 4031 450 4071 manu
461 4017 599 4082 deserens,
618 4017 755 4084 quandam
774 4016 891 4070 debilem
910 4017 1099 4070 mulierculam
1111 4017 1214 4069 viribus
1227 4019 1350 4082 corporis

140 4121 277 4174 estitutam
290 4124 317 4172 et
329 4120 436 4172 incessu
444 4119 525 4172 etiam
535 4118 636 4185 pedum
647 4119 780 4171 delectam
790 4117 897 4171 obviam
906 4118 1010 4170 babuit.
1023 4121 1096 4181 Quae
1106 4122 1230 4169 sanctum
1240 4117 1352 4169 intuens

138 4233 250 4282 uerum,
271 4218 387 4287 genibus
406 4220 466 4286 ejus
486 4218 623 4286 obvoluta,
637 4219 704 4271 lusis
724 4216 843 4270 lacrimis
863 4218 907 4283 pic
929 4215 1068 4269 exorando
1089 4216 1254 4283 adjutorium
1273 4216 1306 4269 ab
1319 4231 1352 4270 eo

138 4319 254 4387 oposcit.
276 4319 359 4385 Cujus
378 4331 470 4370 vocem
490 4317 605 4370 audiens
626 4328 694 4382 puer
715 4315 848 4380 dioclem,
869 4322 959 4367 motus
980 4315 1058 4367 solita
1071 4315 1181 4380 pietate,
1197 4327 1351 4367 manticam

138 4419 244 4474 enuitet
259 4419 399 4470 incessum
412 4417 531 4470 reddidit
543 4418 707 4483 sanitatique
720 4417 847 4468 restituit.
863 4419 936 4479 Quae
949 4414 1056 4479 mulier,
1071 4419 1145 4467 tanto
1157 4415 1186 4466 in
1198 4428 1227 4466 se
1240 4420 1350 4480 rcccpto

138 4520 265 4582 tiraculo,
278 4516 477 4585 gratulabunda
490 4516 565 4581 abiit,
579 4529 683 4581 suoque
701 4520 798 4580 patruo
816 4515 909 4567 retulit
926 4515 991 4566 baec
1010 4513 1119 4566 llicolao
1143 4513 1351 4578 episcopoque

138 4619 213 4673 odito
227 4617 374 4683 episcopus
386 4615 527 4677 miraculo,
541 4628 656 4668 evocans
668 4629 730 4672 eum
743 4614 777 4666 ad
799 4628 828 4666 se
845 4618 872 4665 et
890 4613 1008 4679 benigne
1028 4624 1090 4664 eum
1105 4612 1230 4665 manibus
1252 4611 1352 4677 ample·
