3156 5452
256 339 349 391 aran.
369 342 452 394 nar.
471 344 587 397 rents.
606 366 652 377 -—
666 347 819 400 menno.
839 349 887 399 an
903 349 980 399 oon.
1002 349 1114 401 crosa.
1230 337 1294 403 195

72 504 204 560 scilicet
216 506 334 562 ldelenl
353 509 535 567 floriacensis
548 513 766 570 additamentum
787 516 822 572 ad
834 517 963 572 lliracula
983 521 1010 572 S.
1023 519 1172 588 Benedicti,
1186 521 1231 575 ed.
1245 535 1296 588 ope

28 603 134 671 hujus
149 606 259 660 codicis
269 608 350 664 Mon.
368 609 481 677 Germ,
495 616 561 665 tom.
574 614 627 683 llll,
639 618 711 680 part.
724 617 747 680 l,
760 629 787 682 p.
800 618 919 671 libido.

159 705 200 780 'l‘'
218 705 348 785 Passio
361 713 463 787 v11¹⁸¹¹¹
482 708 790 791 dormientium:
811 712 853 790 id
866 723 956 794 sunt
969 716 1129 793 nomina
1143 740 1293 806 eorum,

211 829 477 924 Maximianus,
514 833 670 926 Malous,
707 836 942 928 Marcianus
979 839 1197 931 Dionisius,
1234 841 1296 920 Jo

217 955 376 1047 harnes,
398 957 614 1060 Seraphion
640 969 679 1039 et
707 961 982 1041 Constantinus
1000 963 1080 1053 (fol.
1102 963 1291 1063 stt-lblttl.

76 1088 153 1153 tto„
169 1088 265 1141 multis
276 1088 439 1144 lectionibus
451 1092 631 1159 variantibus,
645 1092 726 1147 aiot.
743 1093 856 1163 Casia,
871 1099 937 1149 tom.
953 1096 998 1162 tlt,
1013 1096 1138 1164 Florileg.
1151 1110 1177 1164 p.
1191 1097 1294 1150 lbi—w

382 1492 593 1604 appendix
613 1495 663 1582 cd
684 1494 767 1586 ood.
792 1496 906 1585 2768
929 1499 977 1588 A.

109 1722 161 1769 ns
179 1721 281 1770 onrru
297 1724 340 1772 nr
357 1725 554 1774 sseunruna
571 1728 600 1775 s.
619 1728 778 1777 rornnruu
795 1710 875 1799 (Cir.
896 1732 1006 1799 supra,
1029 1735 1069 1807 p.¹
1083 1715 1160 1793 194,
1179 1713 1238 1801 3⁰).

92 1889 163 1943 Post
173 1889 325 1944 discessum
344 1905 409 1946 vero
430 1893 579 1947 beatissimi
600 1895 651 1948 viri
665 1897 769 1960 Fursei,
782 1898 941 1964 tempestiva
963 1901 983 1962 ·,
997 1911 1079 1965 quam
1092 1898 1139 1951 ille
1155 1899 1183 1952 in
1197 1899 1294 1965 spiritu
1355 1926 1363 1944 ·
1404 1923 1411 1937 ·
1429 1963 1435 1975 .

57 1989 248 2056 praeviderat,
261 1990 446 2046 ultramarinis
467 1993 641 2048 desaeviebat
659 1995 687 2047 in
708 1995 775 2049 oris.
792 1996 910 2063 Expulso
932 2010 1051 2065 namque
1072 1998 1298 2053 christianissimo

60 2099 131 2156 rege
143 2091 230 2157 llnna,
243 2091 354 2145 incursu
368 2093 510 2160 gentilium
523 2094 729 2159 monasterium,
744 2096 817 2162 quod
830 2096 932 2150 ibidem
946 2103 1146 2164 construxerat,
1158 2099 1298 2151 monachis

28 2185 213 2245 sdestmctls
231 2192 370 2259 rebusque
392 2194 521 2255 omnibus
541 2194 686 2262 spoliatum
709 2201 761 2248 cst.
785 2198 847 2262 lpse
866 2196 951 2250 abbas
972 2197 1119 2251 l'oilnanus
1140 2201 1160 2262 ²,
1172 2198 1297 2251 uterinus
1359 2224 1368 2242 ι
1404 2221 1410 2233 ·

73 2291 218 2356 supradicti
238 2292 289 2346 viri
311 2293 403 2355 irater,
417 2294 468 2347 sub
489 2294 613 2348 custodia
634 2296 783 2348 moriturus
804 2295 904 2349 ductus
925 2301 1006 2362 esset,
1029 2296 1081 2349 nisi
1104 2297 1181 2350 illurn
1204 2296 1296 2350 divina

75 2388 192 2461 dextera,
205 2396 332 2449 nuntiato
348 2395 467 2449 adventu
480 2394 628 2463 supradicti
641 2399 735 2450 Annae
757 2395 829 2464 regis
842 2398 994 2464 perterritis
1014 2398 1173 2466 gentilibus
1187 2403 1298 2463 propter

81 2489 215 2546 multorum
228 2498 364 2547 servasset
377 2494 539 2560 proiectum.
553 2495 692 2548 llonachis
707 2496 781 2548 enim
802 2495 837 2548 de
850 2495 1004 2560 captivitate
1022 2496 1182 2561 redemptis,
1196 2495 1298 2548 sanctis

10 2604 17 2665 ᾗ
88 2597 182 2657 quoque
192 2593 309 2647 inventis
322 2593 457 2660 reliquiis,
477 2606 554 2648 sacro
567 2594 660 2647 altaris
683 2595 835 2648 ministerio
847 2600 875 2647 et
895 2594 971 2646 libris
983 2594 1011 2646 in
1025 2595 1086 2648 navi
1099 2594 1230 2659 oneratis,
1240 2595 1301 2660 ipse

44 2675 78 2729 ¹⁰
92 2692 223 2747 lastemas
241 2695 407 2747 Francorum
420 2693 515 2759 petivit
534 2699 631 2760 terras,
644 2698 726 2761 atque
747 2694 775 2746 in
789 2694 885 2747 eodem
906 2693 976 2756 loco,
989 2707 1044 2760 quo
1065 2693 1162 2747 beatus
1185 2696 1301 2746 Furseus

96 2789 253 2859 lcpulluscst,
264 2805 280 2846 a
292 2792 448 2859 supradicto
461 2793 631 2845 trehenaldo
642 2793 749 2859 patritio
759 2798 903 2859 susceptus
913 2798 963 2845 est.
976 2794 1034 2857 Quo
1047 2805 1103 2846 non
1116 2793 1202 2844 multo
1215 2796 1301 2858 posta

96 2887 180 2944 patritio
189 2893 259 2946 viros
270 2891 428 2959 peregrinos
437 2890 607 2956 despiciente
617 2891 720 2957 expulsi
731 2894 805 2956 sunt,
820 2888 894 2944 seda
907 2890 1112 2959 religiosissima
1125 2889 1172 2943 bei
1189 2890 1299 2956 lamule,

96 2977 239 3059 liobergane
251 2992 452 3059 cognominata,
465 2988 512 3058 [et]
525 2992 584 3057 ejus
604 2990 659 3043 fllia
671 3003 748 3044 sacra
761 2990 859 3043 Christi
871 2990 977 3057 virgine
989 2989 1138 3043 Garetrude
1151 2989 1300 3044 honorilice

10 3086 25 3145 ζ,
96 3087 437 3156 susceperuntpatrem
458 3090 594 3143 Grimaldo
607 3089 732 3156 praeside
746 3089 850 3142 eisdem
864 3092 872 3108 ·
887 3089 989 3141 sanctis
1001 3089 1210 3156 congratulante
1222 3089 1297 3155 viris,
1354 3103 1441 3159 w,

10 3168 14 3176 ¹
62 3168 280 3257 ¹⁵²¹lllleinvilla‚
293 3202 363 3256 quae
384 3202 416 3242 cx
429 3191 540 3243 nomine
561 3189 683 3242 lluminis
695 3189 868 3242 decurrentis
889 3191 1064 3254 nuncupatur
1082 3188 1213 3253 ltebrona,
1227 3187 1299 3242 ordi·
1328 3172 1462 3239 eluidw-

13 3332 17 3337 .
94 3283 366 3344 nimemonasterium
385 3289 572 3357 religiosorum
586 3289 740 3342 construxit
756 3288 963 3342 monachorum.
976 3285 1118 3341 Praedicta
1130 3288 1175 3340 ltei
1188 3287 1298 3356 lamnia,

93 3378 168 3439 uultis
185 3390 403 3458 elemosynarum
416 3389 550 3443 fructibus
570 3401 621 3455 per
640 3389 746 3442 diversa
767 3389 826 3441 loca
845 3387 1020 3454 dispensatis,
1035 3386 1182 3453 multisque
1202 3399 1302 3454 paupe·

10 3556 14 3563 .
93 3467 155 3533 ribus
165 3487 318 3554 consolatis,
333 3485 426 3540 multis
446 3486 528 3540 etiam
547 3485 699 3554 peregrinis
717 3487 860 3552 susceptis,
875 3486 1028 3539 esurientos
1047 3483 1183 3550 redolens,
1197 3485 1302 3554 algidos

93 3579 201 3651 ltstiens,
214 3592 317 3640 tectum
329 3586 483 3653 hospitibus
495 3585 640 3651 praebens,
654 3586 789 3638 immensa
802 3598 912 3653 quoquc
931 3597 1047 3638 munera
1065 3583 1169 3638 divinis
1184 3584 1303 3639 cultibus

23 3716 27 3729 ·
61 3664 213 3751 miliens,
227 3691 440 3753 sanctarumque
453 3685 588 3754 virginum
611 3698 709 3753 agmen
721 3699 784 3738 cum
799 3685 957 3751 supradicta
976 3683 1062 3738 nobili
1075 3683 1104 3736 in
1116 3684 1230 3738 bomino
1242 3697 1303 3738 con·

10 3853 19 3865 ν
95 3766 195 3850 flturnus,
216 3786 251 3841 ad
273 3798 391 3852 superna
412 3786 599 3853 commigravit
617 3798 709 3853 regna.
723 3786 769 3837 vir
789 3783 895 3838 bomini
918 3784 1075 3844 Foilnanus,
1089 3783 1124 3837 de
1144 3796 1198 3850 ouo
1220 3796 1302 3848 supra

10 3872 18 3883 ⁹
95 3884 293 3954 memoravimus,
312 3900 361 3953 pro
377 3886 494 3941 utilitate
505 3886 596 3954 gregis
616 3885 667 3939 sibi
681 3886 819 3938 commissi
832 3884 885 3938 lter
902 3883 1078 3952 adgrediens,
1091 3883 1136 3936 die
1148 3883 1301 3949 vigiliarum

94 3987 238 4041 arctissimi
252 3988 376 4054 martyris
396 3987 516 4053 Quintini
530 3986 676 4039 missarum
698 3986 842 4039 sollemnia
854 3984 883 4037 in
900 3983 1048 4036 llivialensi
1070 3982 1185 4035 ecclesia
1203 3982 1301 4034 decan·

10 4140 12 4145 .
92 4085 147 4150 ltus,
159 4087 312 4142 senioribus
325 4087 481 4153 supplicans
491 4085 621 4138 iratribus
630 4090 660 4138 ut
672 4098 771 4150 corpus
782 4083 865 4146 illius,
879 4082 965 4134 sicubi
982 4082 1054 4134 inter
1066 4080 1123 4132 vias
1134 4080 1203 4131 mori
1216 4079 1301 4131 conti·

10 4158 14 4183 Ἰ
44 4189 74 4246 2¹5
86 4184 166 4255 posci,
179 4201 193 4239 a
215 4186 344 4239 iratribus
358 4200 419 4238 cum
440 4198 473 4239 eo
486 4185 673 4238 laborantibus
687 4184 805 4236 caritatis
824 4182 926 4234 intuitu
938 4180 1134 4246 requireretur,
1148 4177 1303 4231 valedicens

82 4285 200 4339 omnibus
221 4285 358 4350 proiectus
378 4288 427 4336 est.
451 4284 606 4350 Eademque
629 4286 708 4335 noctc
730 4280 883 4345 aquodam
906 4279 1001 4344 iniquo
1023 4277 1132 4329 homine
1155 4290 1203 4341 par
1223 4274 1302 4328 devia

78 4385 181 4447 ductus,
193 4388 277 4449 atque
293 4381 326 4434 ad
339 4379 480 4447 cujusdam
493 4380 604 4432 villulae
616 4378 800 4432 habitaculum
811 4377 969 4444 iniquorum
980 4378 1122 4430 hominum
1136 4375 1303 4429 domicilium

71 4487 216 4547 intrantes,
230 4495 292 4535 cum
306 4481 394 4533 laliaci
407 4480 525 4547 suscepti
537 4485 602 4532 sunt
614 4480 792 4533 humanitate.
807 4479 924 4532 Comites
942 4490 1007 4530 vcro
1021 4476 1104 4539 beati,
1118 4475 1153 4528 de
1172 4476 1302 4543 habitato·

68 4588 147 4644 ribus
158 4583 290 4648 suspecti,
304 4588 410 4634 noctem
431 4580 536 4633 duxere
548 4579 716 4646 pervigilem.
731 4579 824 4631 Finitis
846 4591 910 4630 vero
933 4578 1073 4629 matutinis
1086 4577 1223 4642 laudibus,
1238 4576 1302 4630 allo
