3156 5452
315 320 407 371 mse.
426 319 509 371 nnr.
529 320 644 371 renis.
664 341 709 353 -
724 322 879 373 sereno.
900 322 947 372 so
963 320 1043 370 ooo.
1062 317 1138 370 5271.
1270 305 1336 369 425

99 492 265 547 tumeliam
276 491 395 559 facitis,
409 491 463 560 qui
474 493 541 557 eius
553 492 752 547 diuinitatem
765 492 860 546 mulis
874 506 912 546 ac
930 489 1159 545 insensibilibus
1177 501 1334 543 erramen·

100 592 144 646 tis
165 591 365 659 comparatis.
391 591 462 651 ouis
483 593 587 646 autem
613 592 656 645 sit
678 593 757 645 Deles
777 605 862 646 meus
886 594 914 645 cl
936 591 1086 644 Dominus
1109 602 1193 643 rneus
1212 588 1334 657 poteris

100 702 270 757 apnoscere
282 693 290 709 ·
303 691 332 743 si
346 689 535 756 disposueris
547 690 682 744 credere.
696 690 845 756 Respondit
860 704 910 743 rex
924 705 930 742 :
944 688 1002 743 Abs
1015 691 1044 743 te
1050 689 1145 756 prius
1157 688 1333 754 audiamus,
1363 693 1371 709 ·
1385 702 1500 757 eognos-

102 792 138 843 ut
159 789 237 857 quid
258 789 444 843 credendum
459 790 501 842 sit
513 791 658 843 sciamus.
672 793 746 843 Tunc
768 790 813 842 ille
831 790 860 842 in
873 791 943 842 hanc
963 801 1058 842 vocem
1080 789 1170 855 erupit
1186 802 1193 838 z
1207 788 1255 841 lia
1272 787 1334 839 ori·
1384 769 1447 809 (Ἕω
1459 758 1486 809 ²·

65 888 207 957 spineti
221 891 347 955 peccalo
368 888 547 942 tenebamur
558 888 612 941 sub
624 889 846 943 daemoniacae
853 888 1119 955 potestatisjupm
1133 887 1188 941 sed
1202 888 1335 953 propter

102 988 250 1043 intimam
264 992 272 1008 ·
284 989 450 1042 caritatem
469 1000 570 1053 suam,
582 1001 645 1055 qua
656 988 769 1042 ditescit
782 1000 837 1041 nos
858 990 945 1053 Deus,
960 987 1047 1041 misit
1068 987 1172 1054 filium
1193 999 1283 1040 suum
1297 985 1351 1038 in'
1365 986 1479 1039 nimiam
1490 990 1516 1041 i.

102 1085 186 1140 bunc
205 1087 385 1140 'anundum
404 1086 462 1141 Hic
480 1086 517 1140 de
537 1086 658 1154 Spiritu
675 1089 783 1141 sancto
803 1090 832 1140 el
854 1086 978 1152 cirpine
997 1086 1104 1140 Maria
1122 1089 1285 1153 conceptus
1304 1088 1333 1139 et
1374 1085 1454 1136 ‘om
1467 1085 1493 1137 Ξ.

101 1190 207 1252 nattes,
217 1186 300 1239 inter
313 1185 450 1239 nomines
463 1199 554 1239 cerus
568 1187 646 1240 Deus
654 1188 684 1240 et
696 1198 788 1239 verus
800 1185 888 1239 bomo
900 1198 995 1253 usque
1008 1185 1050 1239 ad
1069 1187 1188 1252 tempus
1207 1184 1335 1251 implen-

102 1286 162 1339 dae
171 1285 413 1353 dispensationis
422 1298 496 1339 suae
506 1286 714 1353 corporaliter
726 1288 771 1339 est
781 1288 990 1339 conversatus.
1003 1285 1134 1352 cumque
1139 1297 1200 1351 per
1211 1297 1335 1339 crucem

54 1390 86 1441 ib
102 1396 142 1440 ac
148 1385 327 1452 passionem
343 1386 380 1438 dc
390 1383 445 1438 doc
459 1384 575 1437 mundo
595 1385 686 1439 veltet
699 1384 839 1439 transire
851 1385 893 1439 ad
900 1387 1036 1452 patrem,
1050 1386 1152 1438 tentus
1166 1396 1186 1437 a
1197 1384 1334 1454 iudaeis,

103 1483 278 1550 crucinam
297 1487 389 1551 alque
406 1484 544 1551 sepultus
565 1486 609 1537 est
630 1482 685 1536 sub
706 1484 818 1536 Pontio
839 1483 943 1537 Pilato
966 1482 1124 1549 praeside.
1147 1483 1336 1537 Descendens

77 1644 80 1649 ,
102 1584 209 1637 autem
221 1583 263 1636 ud
274 1582 403 1651 inferos,
417 1583 514 1636 tertia
532 1582 583 1635 die
595 1581 773 1637 resurreoeit
785 1595 805 1635 a
818 1581 950 1635 mortuis
962 1584 992 1635 el
1004 1582 1156 1649 apparuit
1169 1581 1335 1649 discipulis

103 1681 170 1735 suis
178 1694 239 1749 per
250 1680 316 1735 dies
328 1681 544 1749 quadrapinia
565 1681 600 1734 in
613 1681 721 1735 multis
736 1681 940 1748 arpumentis.
957 1680 1070 1741 Quibus
1082 1680 1219 1735 tribuens
1231 1682 1333 1734 virtu·

104 1783 166 1835 tem
185 1793 281 1849 super
292 1793 411 1834 omnem
428 1781 615 1848 potestatem
630 1780 755 1834 inimici
767 1782 796 1833 et
808 1782 843 1833 ut
855 1780 889 1832 in
902 1782 999 1833 totum
1014 1780 1163 1833 mundum
1171 1780 1335 1846 praedica·

55 1883 87 1934 ib
104 1883 176 1934 rent
189 1880 384 1946 evanpelium
405 1880 504 1948 repni,
526 1880 766 1947 qrmdrapesimo
788 1880 1030 1934 resurrectionis
1050 1892 1124 1934 suae
1141 1879 1192 1934 die
1208 1879 1336 1933 uidenti·

103 1976 159 2032 bus
171 1980 180 1997 '
192 1979 339 2045 apostolis
357 1977 435 2031 abiit
449 1978 482 2031 iu
495 1979 625 2041 caetum,
638 1981 667 2031 et
679 1978 762 2032 sedet
774 1978 817 2031 ad
828 1977 992 2031 dexteram
1004 1979 1122 2046 Patris,
1140 1979 1221 2032 unde
1238 1978 1334 2032 etiam
1367 1974 1377 1994 ·
1391 1973 1498 2026 cunctis

104 2079 254 2132 uenturus
266 2078 465 2142 estjudicare
476 2077 559 2130 vivos
572 2080 601 2130 et
611 2080 747 2131 mortuos
759 2079 788 2130 ei
801 2078 959 2131 saeculum
966 2091 1027 2145 per
1039 2060 1152 2145 ipnem.
1171 2078 1254 2132 Tunc
1265 2077 1332 2132 red·
1375 2039 1449 2093 add·
1462 2041 1487 2093 ²·

104 2178 156 2231 det
168 2177 336 2245 unicuique
346 2177 513 2231 secundum
530 2189 606 2243 opus
616 2177 692 2243 ejus,
705 2179 734 2229 et
745 2190 795 2230 eos
816 2177 871 2243 qui
884 2177 1071 2245 capnitionis
1086 2178 1151 2244 ejus
1162 2178 1256 2246 fidem
1274 2191 1336 2231 non

105 2279 287 2345 receperunt
308 2276 412 2330 mittet
432 2275 466 2328 in
487 2276 644 2330 caminum
666 2276 750 2343 ipnis
763 2276 914 2344 ardentis,
929 2275 981 2329 ubi
996 2277 1058 2329 erit
1071 2275 1162 2342 fietus
1174 2279 1203 2330 et
1215 2278 1336 2330 stridor

54 2378 89 2430 20
106 2375 256 2441 dentium,
271 2388 354 2428 mors
366 2377 395 2427 cl
404 2375 553 2442 perennis
567 2374 724 2429 cruciatus
736 2374 928 2429 animarum.
938 2376 1027 2430 Hunc
1040 2375 1145 2443 itaque
1157 2374 1223 2442 tibi,
1236 2388 1254 2428 o
1267 2388 1333 2444 reu,

105 2473 259 2528 annuntio
272 2476 300 2527 et
315 2475 347 2527 ut
359 2474 479 2527 nulium
492 2474 639 2541 ‘praeter
658 2472 760 2540 ipsum
777 2475 860 2527 colas
879 2462 1105 2541 praemonstro.
1123 2474 1252 2533 Quodsi
1274 2487 1336 2527 non
1381 2469 1486 2522 'aliurn

106 2572 229 2643 feceris,
242 2573 420 2627 nullatenus
431 2573 654 2639 sempiternum
667 2572 830 2626 interitum
842 2573 972 2627 evadere
981 2574 1111 2640 poteris.
1377 2535 1451 2590 add·
1463 2538 1489 2590 ²·

140 2672 191 2724 21.
205 2670 243 2724 nd
256 2685 338 2738 quern
351 2684 396 2724 rex
411 2686 417 2723 :
431 2672 563 2724 Mentem
574 2684 676 2723 mam
692 2671 760 2737 ep'us
777 2671 880 2725 calleci
896 2671 1100 2741 ntancipabis,
1113 2671 1144 2726 si
1159 2671 1241 2740 forte
1253 2672 1334 2739 quod

105 2772 218 2827 dinero
230 2772 272 2824 ad
284 2770 427 2837 effectum
433 2770 636 2838 pertinueris.
650 2771 703 2823 Est
714 2783 841 2838 serpats
853 2771 887 2823 in
904 2783 997 2838 repno
1014 2784 1080 2825 nreo
1092 2773 1226 2825 muttum
1239 2771 1334 2825 mira·

54 2876 89 2929 tt
104 2872 188 2938 bilis,
200 2872 340 2938 decuius
352 2874 361 2892 ·
374 2883 502 2938 corpore
519 2870 655 2938 qur’rrpue
677 2870 784 2937 capita
805 2869 955 2938 feruntur
976 2882 1113 2939 strepere.
1135 2870 1193 2925 Hic
1213 2883 1333 2925 omnem
1394 2866 1472 2918 'uno
1517 2928 1521 2935 ¹

104 2985 201 3040 quam
212 2970 369 3025 inhabitat
381 2974 500 3024 terram
512 2973 677 3038 terraeque
688 2970 827 3039 confinia
840 2971 923 3023 neate
934 2970 1104 3039 dissipans,
1116 2971 1215 3024 sileas
1227 2969 1335 3024 eaurit
1376 2930 1450 2985 add·
1463 2933 1489 2985 ²·

104 3072 135 3125 el
146 3069 316 3125 anbeuttu'
328 3083 385 3124 suo
395 3083 496 3137 aquas
505 3081 624 3137 quoque
635 3081 776 3123 arescere
787 3069 876 3138 facil.
889 3071 1028 3137 Repnam
1045 3083 1148 3123 meum
1167 3066 1356 3124 subtractis·
1369 3063 1492 3117 anhelitu
1504 3064 1530 3116 Ξ·

104 3168 332 3224 habitatoribus
349 3169 533 3236 pessumdat
553 3171 582 3221 el
599 3169 725 3222 nullum
747 3181 896 3235 reutqrtam
908 3168 1053 3222 malitiae
1071 3182 1149 3222 suae
1166 3168 1334 3222 temnimnn

104 3270 211 3325 donat.
225 3270 299 3337 Eitis
320 3267 973 3334 insolentiamsinccessationepalimur·nc
984 3267 1334 3334 continuismalisperi-

54 3371 88 3424 to
103 3369 265 3424 clitamur.
282 3370 374 3428 Quem
386 3368 416 3421 si
428 3371 463 3421 tu
477 3367 511 3419 in
522 3366 647 3420 nornine
658 3366 714 3419 Dei
726 3366 774 3419 lui
785 3365 824 3420 ab
836 3365 896 3421 bac
908 3366 1032 3435 repione
1043 3367 1202 3434 depuleris
1219 3370 1277 3420 aul
1288 3366 1333 3419 in-

102 3468 262 3523 vocatione
272 3467 445 3534 majestatis
466 3467 533 3532 eius
544 3465 747 3533 sustinueris,
767 3478 815 3518 me
831 3468 861 3519 et
878 3478 982 3519 omnes
999 3478 1082 3520 meos
1094 3466 1148 3519 illi
1158 3466 1334 3520 creditu-ros

103 3564 356 3620 nedabitaoeris.
370 3566 418 3619 Cui
434 3565 599 3619 venerabilis
617 3564 762 3630 episeopus
775 3563 904 3617 irnulius
920 3579 926 3616 :
944 3564 1094 3632 Oredenti,
1117 3565 1216 3632 inquit,
1228 3565 1334 3619 onmia

98 3663 267 3734 possibilia
279 3668 353 3718 sunt
365 3667 394 3718 et
406 3666 503 3718 Deum
516 3663 639 3717 tr'menii
649 3665 762 3718 cuncta
775 3663 899 3732 facilia.
913 3665 987 3730 Ipsa
995 3664 1078 3717 euim
1087 3666 1236 3718 creatura
1247 3677 1335 3719 crea·

105 3764 248 3819 terissui
258 3764 439 3833 farruclalur
451 3764 580 3832 imperio
601 3766 630 3818 et
649 3767 762 3818 cuncta
786 3763 923 3817 vr'oenlid
943 3765 1070 3818 caelesti
1089 3767 1242 3831 repuntur
1254 3765 1334 3819 arbi·

54 3867 89 3919 tt
105 3864 178 3919 irio.
198 3865 289 3933 Uinde,
303 3867 337 3917 ut
349 3877 517 3931 coprtoscas
529 3864 691 3917 veritatem
704 3876 769 3917 esse
780 3877 860 3930 preste
871 3864 879 3882 ·
892 3864 1057 3930 andrentio,
1071 3863 1152 3918 barro
1165 3864 1335 3918 indomitae
1363 3866 1371 3884 ·
1384 3877 1465 3932 quam
1478 3864 1504 3916 2.

104 3962 215 4017 belem
225 3963 383 4032 feritatem
395 3976 458 4017 non
469 3975 538 4016 ritca
551 3964 604 4016 scd
617 3962 873 4029 divin-opolentia
883 3965 1016 4015 conteret
1028 3964 1153 4030 aruspice
1164 3964 1335 4017 cendacinm

104 4076 126 4116 a
139 4064 168 4115 ie
180 4063 303 4129 tuisque
320 4063 461 4116 omnibus
482 4066 658 4129 corrrpcscot.
678 4063 769 4117 Νιωιο
790 4076 861 4129 erpo
877 4065 1014 4129 paretur
1030 4062 1189 4116 mitridax
1200 4063 1333 4129 itineris,

105 4160 161 4228 pai
171 4173 220 4214 me
231 4161 274 4213 ad
285 4162 416 4214 erendem
434 4162 535 4215 locum
542 4162 700 4228 perducat
713 4160 766 4212 nbi
777 4173 904 4227 serpens
918 4161 975 4214 illc
981 4162 1147 4227 potestatis
1163 4162 1335 4229 srencprin·

105 4260 248 4329 amatum
262 4264 405 4328 resurpal.
421 4262 502 4313 Elceti
525 4267 590 4314 sunt
612 4263 701 4328 itaquo
724 4268 777 4314 tres
800 4263 849 4314 viri
868 4262 914 4327 qui
928 4267 1047 4315 montem
1060 4275 1142 4328 quem
1155 4269 1335 4328 occupaverat

46 4366 87 4419 lo
106 4364 387 4413 noverantetornnes
408 4363 467 4427 eius
488 4362 605 4414 latebras
626 4361 833 4429 diligentissime
856 4362 1017 4427 investigare
1039 4362 1171 4414 sciebant.
1193 4363 1250 4424 Quo
1272 4377 1332 4414 curn

103 4460 298 4528 perduxissent
310 4461 495 4512 venenritiicm
514 4461 611 4520 virum,
634 4466 791 4525 serpentem
813 4461 837 4511 ei
862 4473 991 4512 rnanuurn
1015 4460 1114 4513 indicio
1133 4462 1334 4514 demonstrave-

101 4564 180 4615 runt.
199 4561 283 4624 Quem
305 4560 452 4627 respiciens
473 4560 568 4613 boatus
587 4560 726 4626 nrnuliuS,
746 4560 895 4628 genuflexit
916 4566 943 4612 ct
967 4560 1117 4615 orationem
1136 4560 1169 4613 ad
1188 4562 1332 4614 borninurn
