3136 5482
422 358 514 406 slas.
536 356 618 407 aar.
639 356 756 406 rems.
776 377 820 386 -
837 356 913 405 coo.
934 353 1007 403 aras.
1258 341 1325 406 293

185 531 229 606 5⁰
248 529 346 607 ltcm
363 527 438 604 alia
456 525 644 627 praefatio
673 525 722 602 dc
748 530 882 602 sancto
905 523 1031 601 Marco
1051 525 1130 615 (fol.
1154 526 1320 617 iiv-itv).

102 665 237 718 Petrus
255 662 414 728 apostolus
435 659 607 714 secundum
627 657 780 712 historiae
790 659 884 726 fidem
908 658 1034 710 Claudii
1054 658 1243 725 temporibus
1255 673 1325 713 euru

57 765 110 818 de
122 763 273 819 mimicis
288 759 437 828 partibus
458 758 628 813 adoeru'ens
649 759 764 812 Romae
788 756 945 811 Christum
953 758 1146 824 praedicare
1167 760 1324 827 coepisset.

59 864 121 916 ita
134 873 251 915 sermo
263 860 330 925 citis
342 859 560 912 nrtiuersorum
572 860 689 911 mentes
696 857 825 924 placido
835 857 1013 911 illustrauit
1022 859 1159 911 aduentu
1169 861 1204 911 ut
1213 859 1326 913 cotidie

56 957 292 1015 audientibus
304 970 374 1009 eum
387 957 481 1009 nulla
493 969 642 1022 uinquam
653 955 784 1009 satietas
796 956 894 1023 fieret.
910 957 992 1009 Unde
1008 969 1107 1022 neque
1119 957 1242 1011 auditio
1258 959 1325 1024 eius

56 1061 149 1115 sola
165 1057 298 1125 suffieit,
311 1057 365 1110 sed
377 1058 530 1123 Marcum,
543 1056 681 1121 tp'usdem
698 1056 787 1109 Petri
804 1055 1007 1122 discipulam,
1021 1055 1163 1110 omuibus
1176 1058 1325 1125 precibus

55 1158 236 1223 mant,
249 1159 285 1209 nt
296 1168 333 1209 ea
346 1168 427 1223 artae
438 1155 495 1208 ille
506 1154 595 1209 verbo
602 1154 820 1221 praedicabat,
831 1154 874 1206 ad
881 1156 1068 1221 perpetuam
1080 1168 1188 1208 eorum
1200 1169 1325 1211 comme·

55 1256 296 1313 mercationem
315 1253 497 1320 habendam,
510 1254 691 1320 scripturae
709 1253 856 1320 traderet,
870 1255 906 1306 ut
923 1253 1008 1307 domi
1024 1253 1161 1321 forisque
1174 1256 1208 1307 in
1220 1255 1325 1322 buius·

58 1355 212 1413 cemodt
230 1353 315 1408 verbi
334 1353 536 1429 meditatione
550 1355 778 1421 permaneant3
795 1366 850 1433 nec
865 1352 961 1419 prius
982 1352 1020 1405 ab
1038 1352 1227 1408 obsecrando
1245 1356 1322 1409 desi·

55 1457 178 1513 stunt
190 1466 288 1522 quam
300 1465 381 1520 quae
392 1454 562 1506 oraverant
584 1452 798 1520 impetrarent.
812 1454 849 1505 Et
869 1452 943 1506 baec
964 1451 1029 1521 suit
1050 1465 1149 1507 causa
1166 1454 1325 1508 scribendi

55 1556 183 1624 heatus
194 1552 279 1621 qnod
290 1551 460 1606 secuudum
474 1551 615 1605 Marcum
636 1551 755 1606 dicitur
775 1552 981 1617 mespelium.
995 1552 1109 1605 Petrus
1129 1566 1201 1607 uero
1221 1556 1257 1607 ut
1263 1567 1324 1622 per

53 1655 235 1712 sanctum
247 1652 398 1720 spiritam
410 1651 557 1719 relipiose
568 1665 600 1704 se
611 1651 784 1719 spoliatum
801 1651 960 1719 comperit,
973 1651 1063 1721 furto
1080 1653 1252 1707 delectatus
1265 1656 1321 1721 est,

56 1756 184 1827 fldem
207 1753 339 1806 illorum
355 1764 415 1819 per
435 1750 511 1805 baec
530 1751 779 1819 devotionemque
799 1752 1021 1818 considerans,·
1033 1751 1154 1819 factum
1175 1755 1221 1806 est
1240 1757 1270 1807 et
1290 1754 1324 1806 in

46 1853 277 1926 perpetum
301 1850 462 1917 lependam
485 1851 680 1918 scripturam
703 1851 843 1904 ecelesiis
868 1850 1012 1903 tradidit.
1037 1852 1138 1916 Hujus
1163 1852 1267 1905 Marci
1290 1852 1323 1904 in

46 1953 195 2025 prima
207 1949 343 2016 epistola
354 1962 414 2002 sua
427 1949 508 2002 idem
522 1949 634 2002 Petrus
647 1963 740 2016 quam
753 1951 791 2003 de
802 1949 878 2003 urbe
889 1951 986 2004 Roma
1003 1949 1112 2004 scribit
1124 1951 1274 2016 meminit,
1288 1951 1323 2004 iu
1401 1934 1404 1943 ’

50 2064 138 2122 qua
155 2047 285 2115 tropice
297 2048 426 2102 Romam
438 2046 625 2113 Babylonem
634 2048 785 2115 nominat,
799 2061 870 2101 etim
882 2048 960 2102 dicit
973 2065 981 2102 :
993 2049 1118 2101 Saliltat
1129 2061 1181 2102 oos
1193 2062 1231 2102 ea
1243 2063 1323 2116 quae

50 2152 101 2205 in
114 2146 297 2211 Babylone
307 2145 439 2200 ecclesia
450 2148 496 2199 est
507 2148 536 2199 et
548 2145 676 2199 Marcus
688 2147 778 2214 filius
794 2159 891 2199 meus.
906 2146 963 2200 Hic
981 2146 1064 2200 enim
1082 2147 1209 2201 Marcus
1229 2147 1322 2201 Petro

51 2251 102 2305 in
115 2245 291 2314 baptismo
304 2245 393 2312 filius
404 2246 484 2298 erat.
500 2245 559 2305 Qui
570 2247 681 2313 postea
697 2246 740 2298 ad
755 2246 926 2313 Aepyptum
939 2258 1084 2313 pemeus,
1100 2245 1178 2299 inibi
1194 2258 1321 2314 eoaupe·

47 2349 160 2403 uum
180 2343 390 2412 praedicavit
408 2346 438 2397 et
460 2344 525 2411 ipse
539 2343 666 2411 primus
686 2344 850 2398 eeclesiam
871 2344 957 2411 apud
969 2344 1200 2397 Alexandriam
1212 2344 1321 2397 consti-

45 2447 132 2504 tuit
149 2463 163 2499 .·
181 2443 221 2495 in
234 2456 297 2510 qua
309 2445 340 2496 et
349 2443 493 2510 primum
508 2443 575 2511 ipse
585 2444 747 2511 episcopus
759 2442 832 2512 suit.
845 2445 904 2497 Hie
917 2443 1023 2510 mitur,
1033 2444 1206 2497 secandum
1220 2445 1320 2498 locem

41 2553 93 2605 in
117 2543 405 2610 eoanpetistarum
428 2544 539 2597 ordine
558 2547 672 2610 teneus,
689 2544 786 2597 leatus
807 2545 944 2612 mitram
963 2544 1054 2610 perit,
1068 2544 1145 2610 attia
1163 2544 1272 2597 statim
1286 2544 1320 2596 in

37 2639 246 2712 mayelti
265 2640 317 2693 sui
330 2641 492 2710 prinicipio
513 2643 607 2708 quast
628 2644 673 2696 leo
695 2643 728 2694 in
741 2655 842 2696 ascuto
863 2644 1022 2697 reclamat
1034 2643 1162 2696 diceus:
1182 2643 1245 2696 voa
1257 2644 1319 2696 ela·

36 2742 203 2804 mantis
218 2739 255 2792 in
264 2740 402 2808 deserta·
414 2741 533 2795 scilicet
545 2741 620 2806 quia
632 2743 671 2796 de
681 2743 814 2796 excelsis
823 2743 981 2809 acccipiens
990 2742 1153 2810 Spiritum,
1166 2742 1317 2796 universa

36 2849 91 2902 in
119 2838 321 2897 ministerio
341 2839 490 2894 sublimia
514 2840 629 2896 Christi
646 2846 733 2911 pesta
754 2843 901 2897 conticuit
914 2846 932 2894 ·.
950 2842 1070 2896 Omissa
1088 2842 1171 2895 enim
1192 2843 1321 2896 carnali
1379 2866 1388 2885 ι
1425 2864 1455 2918 '.

28 2949 129 3017 q'm
153 2939 380 3008 permultam,
392 2941 500 2994 statim
521 2955 541 2993 a
562 2940 710 3009 baptismi
726 2945 927 3009 petieratione
943 2954 1085 3008 exorsus,
1098 2941 1315 3008 expulsionem

28 3039 210 3103 asserti,
219 3040 597 3105 numerumjejuntorum
606 3040 867 3107 temptationem...
879 3047 896 3107 ·,
907 3044 943 3093 ut
955 3040 1111 3096 Christum
1119 3041 1208 3108 sequi
1216 3041 1317 3094 voleta-

31 3145 153 3205 ιωιω
176 3140 214 3191 et
235 3137 389 3204 oripinem
402 3139 531 3206 primae
551 3140 727 3193 tiatioitatt's
747 3138 895 3194 obliuioni
915 3141 1103 3193 tradendam
1126 3141 1318 3194 monstraret

29 3248 78 3305 et
92 3236 385 3297 renuntiantibus
395 3239 520 3292 saecun>
539 3239 640 3291 nullis
661 3240 831 3294 cedendum
842 3238 961 3294 diaboti
981 3238 1234 3306 temptationibus
1251 3238 1318 3293 edo·

29 3343 165 3405 oeret.
676 3325 681 3332 ’

173 3434 223 3512 6⁰
240 3433 310 3512 Die
328 3435 404 3511 kal.
427 3436 562 3525 maias,
579 3437 707 3537 passio
726 3438 849 3516 sancti
864 3437 1036 3539 Philippi
1052 3438 1219 3538 apostoli
1234 3438 1267 3531 (f
1289 3438 1314 3514 l.

239 3557 408 3661 sav-is).

83 3697 153 3756 nd.
171 3693 250 3748 Act.
266 3692 322 3760 SS„
336 3692 409 3746 add.
426 3696 435 3745 l
450 3694 521 3759 Maii,
535 3699 600 3747 toni.
614 3696 635 3759 i,
650 3709 675 3761 p.
692 3699 771 3747 11-12.
791 3699 850 3748 0m.
865 3710 941 3748 num.
956 3699 965 3748 t
982 3700 1009 3748 ct
1027 3694 1135 3748 initium
1152 3710 1228 3748 nuso.
1243 3698 1276 3761 ²3
1291 3697 1318 3747 in

33 3804 118 3859 nne
130 3791 291 3857 descripta
303 3797 345 3844 est
356 3791 528 3858 paraphrasis
541 3793 587 3846 illa
599 3793 706 3862 longior
717 3794 752 3848 de
764 3809 816 3861 qua
830 3795 907 3860 ibid,
921 3809 947 3861 p.
964 3797 1003 3855 12,
1017 3801 1110 3847 annot.
1124 3808 1154 3846 n.

177 3887 330 3990 '1⁰Ipso
349 3889 427 3979 die,
447 3891 576 3992 passio
607 3893 727 3970 sancti
748 3893 883 3970 Jacohi
905 3893 1033 3970 fratris
1062 3893 1218 3970 Domini
1237 3894 1317 3983 (tol.

239 4011 410 4108 sav-uo.

84 4154 154 4211 nd.
172 4161 227 4214 ap.
242 4146 435 4208 domiminum,
448 4153 468 4198 t.
483 4149 515 4199 11.
535 4147 640 4200 omisso
661 4149 739 4200 initio
752 4149 805 4200 inc.
830 4149 974 4215 Tempore
997 4148 1052 4201 illo
1072 4148 1209 4214 suscepit
1231 4149 1320 4201 ecete-

38 4258 154 4315 „nm
170 4243 221 4302 ab
232 4244 385 4311 apostolis
396 4244 500 4314 frater
511 4246 637 4300 Domini
647 4245 789 4300 lacobus.
816 4301 820 4309 ,

176 4345 224 4423 8⁰
240 4342 271 4418 V
287 4365 409 4421 nonas
422 4344 529 4434 maii,
545 4345 675 4445 passio
693 4355 917 4423 sanctorum
934 4343 1154 4431 Alexandri,
1172 4334 1321 4422 Eventii

234 4474 277 4544 et
295 4465 486 4545 'theoduli
506 4469 582 4566 (iol.
607 4467 771 4570 15219‘).

11 4658 16 4665 .
89 4608 150 4667 aa.
171 4602 247 4660 eat.
264 4600 381 4665 arus..
394 4605 458 4654 um.
472 4603 495 4667 1,
509 4615 536 4667 p.
549 4602 653 4655 sss-ss.
