3156 5452
269 339 363 389 srsn.
382 335 467 388 usa.
485 329 603 389 rums.
622 356 667 368 -
683 337 838 388 sereno.
856 338 904 388 no
920 338 998 388 con.
1017 335 1094 389 serr.
1233 324 1296 389 421

67 529 225 570 sermonem
248 529 330 582 super
350 514 538 581 hujuscemodi
560 515 630 568 racto
651 513 746 567 habuit
759 513 863 580 etquid
876 513 915 566 eis
935 512 1074 566 uideretur
1090 512 1298 580 diligentissime

66 616 217 683 inquisivit.
232 617 280 681 Qui
302 628 397 669 omnes
417 629 583 668 consensum
604 614 739 667 dederunt
760 619 908 666 astantum
923 613 1012 667 virum
1032 612 1195 667 caelestibus
1213 612 1297 679 signis

65 714 247 781 approbatum
267 714 362 781 majori
381 715 511 767 virtutum
524 711 729 766 sublimandum
751 724 811 765 esse
823 711 908 779 gradu
926 712 1155 766 exclamavemm.
1169 712 1296 765 Protinus

63 814 189 867 detonsis
197 814 301 880 capillis
313 825 419 866 comam
431 813 527 879 capitis
539 813 598 879 ejus
610 811 737 877 deposuit
748 824 780 865 ac
792 811 921 864 clericum
935 812 997 865 iecit
1008 818 1090 878 atque
1103 812 1131 863 in
1145 810 1230 877 ipsius
1240 810 1294 863 diei

12 902 45 966 '5
62 911 180 966 articulo
192 925 255 965 eum
267 911 301 964 ad
313 911 425 965 ordines
437 911 634 965 ecclesiasticos
645 909 789 977 promovit.
803 911 897 976 ltaque
908 911 1068 965 exorcistam
1082 923 1145 963 eum
1164 922 1225 962 esse
1240 910 1295 976 jus

63 1013 100 1066 sit
111 1012 214 1080 pariter
225 1016 253 1066 et
263 1012 442 1066 consecravit.

98 1113 148 1166 1².
161 1115 217 1177 Qua
229 1110 421 1181 benedictione
434 1110 689 1177 suscepissemus
702 1109 833 1163 ecclesiae
844 1110 956 1163 secretis
968 1110 1064 1177 exiret,
1078 1109 1186 1164 obviam
1199 1110 1294 1163 habuit

62 1211 134 1267 duos
143 1224 355 1279 energumenos,
364 1219 482 1276 quorum
492 1223 564 1263 unus
572 1209 691 1262 duorum
704 1209 870 1262 daemonum
883 1208 1048 1273 iuriis,alter
1060 1209 1142 1261 trium
1155 1208 1293 1261 continuis

61 1312 194 1380 metiatur
205 1311 332 1364 stimulis.
346 1311 417 1373 Quos
438 1324 500 1362 cum
522 1309 632 1362 vidisset
652 1308 754 1360 inimici
776 1307 949 1361 intestatione
970 1308 1068 1373 teneri,
1084 1307 1239 1375 indignatus
1257 1308 1293 1361 ita

10 1412 42 1464 l0
59 1410 118 1464 ait:
131 1411 240 1465 Nonne
252 1408 317 1477 tibi,
331 1409 491 1462 immunde
502 1420 539 1462 ac
552 1408 657 1460 invide
668 1406 811 1474 spiritus,
820 1405 937 1474 sufficit
948 1406 1030 1474 quod
1039 1418 1239 1474 papauerum
1251 1419 1288 1460 ac

60 1509 242 1577 iniquorum
261 1508 358 1563 corda
377 1508 533 1576 invasisti,
555 1506 619 1561 nisi
639 1506 804 1560 invaderes
827 1507 922 1560 etium
943 1505 1116 1573 redemptos
1139 1505 1292 1573 sunpuine

63 1607 202 1665 disistit
213 1608 293 1663 Satis
305 1621 368 1661 esse
383 1606 488 1660 debuit
499 1605 581 1674 quod
599 1605 745 1661 haetenus
757 1605 915 1674 apodixen
933 1604 1016 1660 ortis
1034 1608 1106 1660 tuuc
1122 1606 1292 1660 exercuisti

59 1720 98 1762 ue
103 1706 319 1775 praevaluisti
334 1706 368 1758 in
381 1705 600 1774 veneficiorum
616 1707 740 1758 tuorum
761 1703 1010 1772 inponendum
1027 1717 1108 1773 erpo,
1122 1704 1156 1758 in
1167 1703 1293 1759 nomine

58 1805 133 1859 Iesu
148 1802 265 1858 Christi
275 1804 447 1871 Nazareni,
461 1803 516 1871 qui
528 1805 557 1856 te
569 1803 679 1857 mortis
697 1815 772 1857 suae
784 1803 892 1870 jaculo
901 1803 1045 1871 peremit,
1059 1803 1166 1858 recede
1184 1803 1290 1873 confu-

10 1908 42 1961 le
55 1917 143 1960 susa
164 1904 307 1973 fidelibus
329 1903 395 1971 Dei,
409 1916 446 1958 ac
466 1903 586 1958 nuliam
607 1904 740 1957 ulterius
753 1904 940 1971 potestatem
960 1902 1072 1958 itabens
1085 1904 1119 1957 in
1134 1904 1190 1958 eis.
1204 1907 1286 1973 Cujus

61 2004 177 2071 imperio
195 2004 269 2057 velut
288 2004 399 2057 caelesti
420 2003 539 2057 tonitruo
560 2005 711 2070 perculsus,
735 2003 861 2057 homines
883 2003 1033 2071 dereliquit
1051 2004 1188 2073 inimicus,
1207 2009 1234 2059 et
1255 2019 1290 2059 ne

60 2103 226 2158 venerabilis
237 2104 287 2156 viri
300 2103 515 2172 indignationem
528 2104 691 2170 incurreret,
705 2117 769 2171 prae
779 2104 877 2157 timore
889 2104 1015 2157 discessit
1032 2105 1201 2170 perterritus.
1214 2108 1290 2159 ‘lunc

61 2205 200 2272 praecepit
211 2204 368 2257 hominibus
381 2204 435 2257 iliis
455 2217 490 2257 ne
511 2203 538 2256 id
552 2204 632 2257 alicui
654 2203 788 2267 dicerent,
801 2203 850 2256 sed
871 2209 982 2258 aeterno
1005 2203 1114 2259 silentio
1126 2207 1290 2259 absconsum

60 2308 198 2357 tenerent.
211 2303 251 2356 llll
265 2308 356 2356 autern
377 2304 490 2369 proiecti
503 2301 711 2357 diffamaverunt
722 2316 784 2356 eum
804 2304 832 2356 in
849 2303 992 2357 ecelesiam
1004 2304 1071 2357 etin
1083 2316 1192 2357 omnem
1206 2305 1290 2374 regio

10 2405 43 2457 20
60 2416 125 2475 nem
146 2402 230 2456 illam.
244 2404 308 2468 Quis
327 2403 432 2456 referre
452 2403 550 2469 poterit
567 2416 638 2470 quae
660 2402 851 2469 praesentibus
863 2415 895 2456 ac
906 2403 987 2469 longe
999 2403 1093 2470 positis
1105 2403 1170 2457 inde
1186 2403 1288 2458 laetitia

59 2502 161 2556 ilreriti
173 2500 341 2569 Quicumque
358 2502 410 2555 hoc
429 2506 614 2570 cognoverant
625 2501 782 2555 exultabant
802 2503 832 2554 in
850 2502 966 2555 Domino
985 2509 1011 2556 et
1030 2503 1185 2570 gaudebant
1206 2517 1289 2570 super

60 2601 247 2668 nujuscemodi
259 2602 339 2656 lacto.
349 2602 536 2669 requirebant
543 2613 640 2655 omnes
652 2602 839 2655 beatissimum
851 2601 940 2656 virum
953 2610 981 2656 et
992 2603 1064 2669 apud
1078 2604 1223 2657 Dominum
1233 2604 1285 2656 sibi

59 2700 253 2769 praeferebant
264 2701 436 2755 advocatum.

94 2800 144 2854 18.
158 2800 234 2864 Quod
247 2814 308 2854 eum
321 2801 441 2854 audisset
453 2800 548 2854 beatus
559 2800 698 2869 Amulius,
712 2799 790 2854 valde
802 2801 942 2867 pertimuit
954 2813 985 2854 ac
1004 2802 1194 2869 hujuscemodi
1215 2816 1291 2857 occa·

10 2902 44 2955 25
60 2900 140 2954 sione
151 2900 185 2953 ad
197 2900 251 2953 alia
260 2900 328 2966 loca,
340 2912 374 2953 ne
384 2899 564 2965 inveniretur,
577 2901 694 2966 migrare
707 2898 851 2966 disposuit.
865 2900 979 2953 Sanetus
989 2905 1079 2955 autem
1092 2902 1213 2968 pontifex
1226 2916 1289 2955 eum

59 2997 145 3052 adse
166 2999 261 3052 venire
271 2999 382 3066 jubens,
400 2997 524 3052 clanculo
544 2997 662 3051 detinuit
681 3012 712 3051 ae
733 3012 824 3052 seeum
846 2997 1006 3064 aliquandiu
1027 3003 1102 3055 extra
1122 3000 1289 3054 uoluntatem

59 3111 138 3153 suam
150 3099 312 3152 commorari
327 3099 398 3151 lecit.
411 3098 574 3152 llortabatur
586 3112 651 3152 vero
665 3099 741 3152 illum
758 3098 855 3151 diebus
866 3111 899 3152 ae
916 3099 1042 3153 noctibus
1054 3113 1090 3153 ns
1101 3100 1130 3152 in
1148 3100 1200 3154 lroc
1218 3101 1289 3156 iacto

58 3198 132 3252 ultra
144 3197 256 3251 modum
269 3195 476 3264 pertimesceret
487 3202 533 3250 aut
544 3210 559 3251 a
573 3210 683 3263 precum
705 3198 833 3252 instantia
846 3203 974 3263 cessaret,
987 3200 1036 3254 sed
1053 3201 1082 3253 in
1103 3201 1289 3256 misericordia

57 3297 106 3351 liei
119 3297 162 3351 sui
174 3295 335 3363 confideret,
350 3296 384 3349 de
395 3309 450 3362 quo
471 3297 574 3362 majora
595 3296 768 3363 postmodum
786 3311 961 3364 praesumere
974 3304 1075 3365 posset.
1088 3300 1127 3353 dd
1148 3315 1231 3368 quem
1248 3303 1287 3355 sic

10 3397 41 3450 io
56 3395 168 3449 aiebat:
182 3396 324 3462 Mopsus,
338 3394 436 3462 inquit,
449 3394 598 3448 Dominus
618 3397 647 3448 et
668 3396 898 3462 mapnitudinis
919 3397 984 3463 ejus
996 3411 1058 3451 non
1069 3401 1114 3452 est
1126 3412 1284 3468 numerus,

57 3495 115 3563 qui
129 3493 276 3550 bonitatis
296 3506 371 3548 suae
390 3493 584 3548 abundantia
604 3493 742 3548 omnibus
765 3495 803 3549 de
823 3509 855 3550 se
870 3498 1141 3562 praesumentibus
1161 3486 1286 3566 maiora

56 3592 181 3648 cuilibet
193 3606 287 3661 quam
308 3595 449 3660 repatur.
462 3594 520 3647 itte
532 3592 616 3647 euim
637 3593 721 3648 inter
739 3593 831 3647 bonos
847 3597 1005 3663 mulosque
1021 3599 1104 3651 sotus
1124 3597 1285 3665 discernit,

56 3691 134 3760 quia
145 3691 241 3745 etium
249 3694 428 3759 peccatores
439 3705 510 3745 suos
522 3693 611 3759 elipit
618 3705 679 3760 per
691 3693 785 3761 fldern
796 3698 825 3748 et
837 3696 1046 3763 operationem
1057 3700 1087 3750 et
1103 3698 1285 3767 mapnificut

52 3803 115 3859 per
125 3791 278 3844 virtutum
290 3789 521 3846 sublimitatem.
537 3793 569 3845 Si
589 3804 672 3860 erpo,
686 3793 810 3846 cumeis
827 3797 972 3861 peccator
992 3808 1030 3850 uc
1041 3795 1181 3866 frapilis,
1195 3801 1226 3851 te
1242 3798 1285 3853 ad

10 3892 41 3945 it
57 3888 138 3944 haue
155 3891 295 3958 pretium
310 3891 476 3958 perduxit,
488 3891 649 3945 serviendo
669 3891 702 3944 in
725 3892 837 3945 timore
856 3896 885 3945 et
906 3894 1077 3949 exultando
1097 3895 1128 3948 ei
1143 3909 1213 3951 cum
1225 3900 1285 3951 tre·

54 4002 142 4043 more
153 3990 395 4057 mupnipendere
406 3989 492 4043 debes
509 3991 628 4044 viscera
640 3991 832 4059 dipnationis
844 3992 980 4046 divinae.
998 3995 1097 4061 Opera
1109 3998 1212 4048 autem
1225 3998 1281 4052 tua

56 4089 199 4156 quumvis
211 4092 245 4142 ut
257 4102 377 4157 semper
389 4090 508 4143 lateant
520 4092 629 4157 optare
641 4090 758 4159 debeas,
769 4092 810 4144 ad
829 4092 1076 4160 aedificationem
1098 4097 1200 4148 tumen
1214 4097 1283 4163 plu·

56 4188 213 4242 rimorum
225 4188 355 4255 dipnum
367 4192 411 4243 est
423 4192 457 4242 ut
469 4190 640 4256 aliquando
662 4194 845 4259 appareant,
851 4193 951 4257 jueta
972 4192 1027 4246 hoc
1040 4193 1122 4259 quod
1135 4195 1284 4249 Dominus

49 4287 214 4354 proecepit
226 4287 260 4339 in
272 4288 431 4354 consepelio
443 4300 451 4336 :
465 4305 474 4336 ι
487 4289 599 4342 Luceni
614 4289 670 4341 tuos
682 4291 785 4343 cestra
796 4302 903 4343 coram
915 4289 1096 4358 hominibus,
1107 4295 1142 4345 ut
1155 4293 1282 4347 uideant

10 4390 34 4444 l)
53 4399 150 4454 opera
162 4389 266 4439 vestra
275 4386 390 4440 donaet
399 4386 705 4454 plurificentputrem
718 4391 854 4440 oestrum
866 4389 920 4456 qui
933 4389 1069 4443 incaelis
1082 4394 1135 4444 est.
1150 4410 1159 4439 ι
1177 4391 1279 4445 Glori-

53 4486 151 4555 ficato
163 4499 234 4538 vero
248 4486 376 4539 Domino
389 4486 424 4538 in
435 4486 577 4552 operibus
589 4487 715 4555 nostris,
729 4485 870 4554 fauorem
888 4490 1050 4543 evadimus
1061 4491 1183 4557 ptoriae
1189 4506 1281 4559 prae-

53 4584 163 4652 seniis,
176 4584 229 4639 sed
241 4585 409 4651 recipimus
416 4589 597 4652 praemium
609 4586 816 4665 sempiternae
829 4586 1001 4656 felicitatis.
