3136 5482
320 346 386 411 416
666 365 790 415 caran.
809 364 912 418 cono.
932 362 1105 414 sacroue.
1124 360 1205 412 nna.

355 534 386 586 2.
400 537 549 602 Antequam
564 535 645 604 igitur
656 536 868 603 baptizarentur,
881 538 960 589 erant
973 532 1055 586 ambo
1068 530 1175 584 steriles
1187 535 1214 584 et
1227 542 1322 584 amore
1333 529 1433 584 sobolis
1442 532 1521 583 scarb

321 633 422 686 bantur
442 646 492 699 per
512 634 635 701 singulos
653 633 723 688 dies.
741 635 818 688 llnde
839 635 939 688 factum
960 631 1091 698 estquod
1111 630 1202 684 omnia
1227 641 1298 697 quae
1311 628 1339 681 in
1351 629 1521 696 rilla‚lleiteste

124 732 308 786 'traderenth
322 733 444 798 nomine,
466 734 566 787 habere
587 734 760 799 videbantur,
782 740 876 788 sancto
896 733 1021 802 Remigio
1038 730 1213 784 tradiderunt
1222 730 1241 797 ·,
1263 733 1295 783 ut
1310 730 1369 797 ejus
1380 728 1472 782 meritis
1481 727 1519 779 sibi

322 830 394 884 filius
407 831 617 885 condonaretur.
632 833 688 884 sub
700 846 754 899 qua
766 831 921 898 proditioue
934 831 1116 885 arrhabonem
1130 831 1154 883 ei
1167 830 1249 882 etiam
1261 827 1399 883 dederunt
1408 833 1443 897 ut
1454 827 1519 880 siboc

161 931 242 1008 'cm3
256 933 280 983 l.
322 932 361 984 eis
371 935 379 952 ·
389 932 569 999 contingeret,
584 932 643 998 ipse
655 937 732 998 pater
744 934 803 999 ejus
816 932 965 999 spiritualis
978 932 1055 986 fieret
1063 932 1093 997 ·’,
1106 934 1134 984 et
1146 935 1231 998 esset,
1245 943 1297 984 nec
1309 936 1434 985 renueret
1442 926 1541 994 adopbi

153 997 287 1118 ”gfff
322 1044 384 1083 vum
398 1030 498 1084 habere
516 1029 602 1083 filium
624 1044 707 1098 quem
728 1031 763 1084 de
780 1031 866 1085 sterili
887 1036 999 1098 parente
1020 1031 1103 1083 sciret
1123 1030 1303 1083 nasciturum.
1323 1031 1377 1082 Nec
1392 1028 1520 1093 multoposi

321 1131 444 1199 angelico
457 1130 567 1184 oraculo
586 1136 767 1197 suscoperunt
785 1130 881 1197 fllium,
903 1131 947 1184 cui
965 1131 999 1184 ab
1012 1129 1125 1198 antiqua
1138 1133 1298 1183 senatorum
1310 1128 1432 1196 prosapia
1442 1138 1518 1181 nonen

321 1230 509 1297 imposuemnt
520 1230 674 1284 arnulfum.
688 1232 773 1294 Quem
784 1244 848 1285 cum
860 1230 988 1297 baptizari
1001 1229 1109 1283 fecisset
1121 1232 1232 1282 sanctus
1244 1226 1394 1296 Remigius,
1403 1227 1519 1294 ipsepatcr

321 1330 485 1396 acceptionis
497 1332 556 1397 ejus
567 1336 608 1383 est
620 1331 648 1382 in
661 1330 822 1397 baptismate
843 1330 939 1383 factus.
958 1330 1123 1396 baptizatum
1140 1340 1206 1382 vero
1226 1327 1353 1396 genitrici
1373 1325 1518 1380 nutdenduo

124 1424 307 1492 ’(d.acp.tr.)
323 1426 408 1493 dedit,
422 1440 453 1481 ac
464 1431 526 1494 post
537 1426 704 1481 triennium*
715 1428 766 1481 sibi
779 1429 961 1482 reexhibitum
971 1427 1125 1494 disciplinis
1138 1426 1300 1481 liberalibus
1308 1425 1472 1481 imbuendum
1481 1430 1518 1476 trt-
1529 1420 1548 1474 o

157 1493 284 1611 .ἶῖζῶ
322 1525 398 1579 didit.
411 1528 443 1579 ln
455 1527 555 1593 quibus
567 1527 697 1581 nimirum
715 1527 818 1580 artibus
840 1533 867 1581 et
884 1526 985 1582 cotidie
1005 1525 1165 1593 proficiebat
1185 1533 1212 1580 et
1234 1526 1288 1580 sibi
1311 1524 1517 1581 macerasse

167 1636 235 1677 neos
252 1625 278 1676 Ξ.
321 1625 424 1678 meritis
437 1639 518 1693 quam
531 1625 628 1679 studiis
640 1626 721 1694 longe
733 1627 865 1693 praeibat.
885 1626 958 1679 lnfra
980 1625 1131 1691 pubertatis
1152 1638 1218 1679 suae
1238 1629 1362 1691 tempora
1373 1624 1514 1685 constitutus

146 1725 156 1746 ·
167 1725 260 1778 animo
271 1725 297 1777 i.
320 1725 375 1791 jam
388 1728 454 1778 tunc
466 1725 557 1779 anima
568 1728 577 1745 ·
589 1726 726 1792 perfectus
739 1726 886 1793 putabatur
898 1729 925 1778 et
936 1724 1069 1779 moribus.
1082 1727 1146 1778 Erat
1158 1724 1233 1778 enim
1245 1722 1301 1778 fide
1311 1724 1449 1792 perfectus,
1457 1731 1516 1775 scta

323 1825 441 1891 sobrius,
455 1838 583 1879 sermone
596 1830 701 1893 cautus,
715 1825 935 1893 elemosynarum
947 1824 1070 1893 largitate
1087 1825 1225 1891 profusus,
1234 1824 1334 1893 vigiliis
1345 1828 1374 1877 et
1383 1820 1516 1878 orationiblt

322 1923 441 1991 deditus,
462 1923 510 1977 sed
531 1930 558 1978 et
575 1925 650 1977 omni
671 1925 792 1979 bonitate
815 1925 953 1991 repletus;
975 1925 1012 1978 ita
1033 1937 1063 1977 se
1080 1924 1270 1978 conformabat
1289 1914 1544 1978 bonisonnibrscttt

321 2023 419 2076 virtute
431 2027 571 2088 putaretur
588 2023 727 2091 angelicus
748 2028 776 2076 et
797 2022 934 2091 angelicae
953 2022 1024 2075 vitae
1044 2023 1143 2075 socius.
1166 2021 1263 2075 fldhuc
1283 2022 1313 2074 in
1333 2026 1417 2075 aetate
1435 2014 1513 2087 phalli

321 2122 503 2174 meditabatur
515 2122 559 2174 die
572 2135 604 2175 ac
616 2127 696 2176 nocte
708 2123 737 2174 in
749 2122 809 2190 lege
822 2122 939 2188 bomini,
953 2122 1025 2175 hanc
1037 2121 1122 2175 corde
1129 2121 1299 2189 concipiens,
1309 2132 1391 2189 opere
1397 2116 1512 2185 complebt

318 2221 394 2286 juxta
404 2220 471 2273 illud
482 2221 638 2287 psalmistae
649 2238 655 2274 :
666 2222 788 2277 Bonum
797 2220 878 2275 mibi
891 2221 1016 2276 loboris
1027 2220 1180 2288 estsuper
1189 2220 1285 2274 milia
1293 2220 1370 2274 aura·
1377 2210 1510 2285 emend

322 2319 385 2374 ldeo
398 2327 462 2375 ante
475 2324 628 2376 licum-suis
650 2322 820 2389 temporibus
841 2323 969 2376 inventus
982 2326 1023 2376 est
1032 2323 1134 2390 justus,
1147 2326 1175 2374 et
1187 2322 1258 2376 sicut
1269 2320 1375 2389 lignum
1385 2316 1450 2387 quod
1458 2316 1509 2385 plin·

321 2427 394 2474 tatur
406 2436 484 2475 secus
495 2423 628 2477 decursus
640 2436 783 2490 aquarum,
796 2424 947 2489 pretiosum
959 2421 1034 2476 dedit
1046 2422 1184 2475 bonorum
1196 2434 1313 2487 operum
1329 2421 1446 2474 bustum.
1455 2405 1536 2469 lece!

323 2520 363 2586 pit
374 2521 448 2573 cuim
460 2520 680 2574 benedictionem
693 2534 708 2574 a
720 2521 834 2574 bomino
847 2526 874 2573 ct
885 2518 1102 2574 misericordiam
1114 2533 1130 2572 a
1142 2522 1196 2573 beo
1215 2520 1329 2573 salutari
1346 2531 1404 2585 suo,
1415 2517 1510 2570 intooeli

149 2616 264 2671 ‘habuit
275 2618 299 2669 2.
323 2620 450 2673 manibus
462 2626 489 2672 et
500 2619 604 2674 mundo
616 2619 715 2686 corde;
728 2619 775 2685 qui
788 2631 844 2672 non
857 2619 979 2685 accepit·
993 2619 1021 2671 in
1035 2631 1103 2672 vano
1118 2620 1240 2672 animam
1258 2632 1337 2673 suam
1349 2631 1398 2673 nec
1406 2608 1510 2686 jandin

324 2716 388 2770 dolo
400 2717 523 2782 proximo
536 2730 595 2770 suo.

357 2813 388 2867 3.
402 2817 533 2867 Processu
544 2827 608 2867 vero
621 2815 760 2880 temporis,
774 2827 835 2867 cum
851 2816 907 2881 jam
921 2813 950 2867 in
963 2816 1048 2869 robur
1059 2816 1145 2868 virilis
1162 2817 1284 2870 venisset
1302 2816 1403 2882 aetatis,
1419 2807 1511 2865 diriaitli

323 2912 420 2968 accidit
432 2914 504 2980 quod
517 2914 666 2967 ctodoveus
685 2927 743 2979 rex,
757 2919 869 2967 eatenus
879 2914 998 2982 gentilis,
1009 2915 1214 2969 christianitatis
1226 2917 1317 2984 legem
1329 2914 1445 2981 suscepit
1455 2894 1537 2974 prm}
1558 2906 1560 2911 '

324 3015 474 3066 cumomni
487 3017 652 3066 Francorum
665 3011 788 3065 exercitu
801 3018 911 3066 sanctus
929 3014 1066 3082 Remigius
1083 3015 1230 3080 baptizavit
1244 3020 1271 3068 et
1283 3016 1413 3082 baptizato
1425 3012 1511 3067 metuo

132 3115 150 3134 ··
163 3113 272 3190 tolleret
284 3113 295 3190 i
306 3127 314 3177 ;
327 3113 497 3178 arnulphum
511 3125 590 3178 prece
603 3126 657 3178 qua
669 3113 756 3178 potuit
775 3113 985 3181 commendavit,
999 3127 1029 3167 ac
1047 3118 1077 3167 ut
1096 3114 1246 3180 plurimum
1265 3115 1368 3169 coleret
1377 3115 1387 3134 '
1397 3105 1512 3179 supplici&

154 3178 307 3314 {lgrss‘t'uffl
326 3213 486 3265 obsecravit.
505 3212 553 3276 Qui
576 3213 604 3264 in
626 3217 699 3264 tanta
720 3212 791 3277 apud
814 3226 877 3264 eum
890 3214 998 3267 habitus
1010 3217 1051 3266 est
1063 3214 1177 3267 honoris
1192 3216 1347 3268 reverentia
1363 3218 1393 3268 ut
1408 3210 1513 3265 inerat

141 3314 269 3365 ‘auctum
283 3314 306 3364 l.
326 3313 488 3366 domesticos
509 3313 681 3378 praecipuam
704 3312 850 3365 meruisset
876 3313 1065 3367 familiaritatis
1083 3315 1208 3382 gratiam.
1226 3315 1454 3369 hincactum·cst
1465 3296 1515 3359 liii

327 3418 437 3478 neptem
450 3426 537 3477 suam,
551 3412 663 3464 nomine
675 3412 872 3479 scaribergam
885 3412 1004 3466 traderet
1016 3413 1076 3467 loco
1097 3427 1216 3480 sponsae
1229 3420 1257 3468 et
1268 3415 1392 3483 conjugis
1399 3425 1454 3466 cum
1461 3384 1541 3460 dmi,

326 3516 383 3564 tatu
395 3511 522 3564 Remcnsi
533 3516 559 3564 et
572 3511 677 3564 honore
690 3511 836 3577 frequenti.
850 3514 904 3564 llos
915 3513 1010 3566 ambos
1023 3512 1145 3581 legitimo
1153 3515 1332 3568 matrimonio
1342 3516 1444 3582 junctos
1453 3506 1515 3561 ruffi

327 3611 482 3665 venerando
490 3610 608 3676 pontifici
619 3613 740 3679 Remigio
753 3613 960 3679 reconsignavit,
972 3616 1034 3666 etut
1046 3626 1093 3666 eos
1104 3614 1175 3667 bene
1183 3614 1294 3668 utendi
1307 3614 1424 3684 reguiam
1434 3601 1515 3666 oldris

138 3712 271 3763 'exorsus
285 3710 308 3760 i.
331 3711 468 3764 tianorum
488 3711 575 3778 legem
594 3710 722 3765 edoceret
739 3711 806 3764 satis
825 3725 960 3778 superque
981 3714 1137 3767 exhortatus
1149 3716 1159 3735 ·
1171 3720 1222 3768 cst.
1236 3717 1309 3779 Quos
1328 3714 1374 3767 ille
1385 3725 1442 3766 cum
1451 3699 1516 3776 gildi

331 3812 492 3876 suscipiens,
514 3811 620 3863 fortiter
640 3812 669 3862 in
691 3810 744 3864 fide
755 3816 782 3864 et
794 3824 887 3865 amore
900 3812 1019 3865 nominis
1031 3814 1128 3865 Christi
1145 3812 1328 3880 confirmavit,
1338 3827 1369 3867 ac
1379 3798 1517 3879 postremi

328 3910 488 3978 virginitatis
506 3911 568 3976 jura
589 3912 660 3963 inter
677 3924 706 3962 se
726 3911 855 3964 inviolata
876 3911 1046 3965 custodirent
1068 3914 1231 3967 ammonuit.
1249 3915 1334 3980 Cadus
1345 3880 1542 3967 membrana!

331 4009 420 4063 cordis
439 4008 638 4075 applicuerunt,
655 4016 681 4062 et
699 4010 773 4062 velut
789 4010 854 4063 boui
872 4010 998 4077 discipuli
1019 4011 1119 4065 abono
1140 4012 1269 4080 magistro
1282 4012 1382 4077 edocti,
1394 4012 1420 4063 in
1431 3996 1516 4063 eutiiilia

151 4107 273 4175 'quippe
284 4107 309 4157 i.
332 4108 446 4176 pudoris
470 4122 499 4160 se
516 4121 677 4173 permanere
698 4108 875 4161 devoverunt.
894 4109 1015 4175 rigebant
1033 4122 1096 4177 ergo
1109 4110 1118 4127 '
1131 4111 1313 4176 corporaliter
1325 4107 1517 4165 minuendae

153 4213 322 4289 'sanctimo-
334 4209 398 4274 lam,
408 4208 456 4261 sed
466 4210 611 4262 servabant
620 4209 796 4275 spiritualiter
810 4210 939 4262 castitatis
949 4210 1119 4263 sanctitatem
1128 4210 1149 4262 '.
1162 4213 1262 4264 Beatus
1276 4217 1318 4264 est
1338 4222 1410 4277 ergo,
1429 4200 1517 4260 ponus,

153 4280 307 4405 ‚gfffflffi
332 4309 382 4360 iste
402 4311 512 4361 sanctus
533 4322 615 4374 quem
629 4308 751 4375 elegisti:
772 4309 903 4362 habitabit
920 4311 948 4361 in
960 4310 1053 4362 atriis·
1065 4309 1129 4374 tuis,
1143 4310 1295 4376 replebitur
1315 4312 1343 4364 in
1363 4308 1436 4362 bouis
1452 4303 1518 4356 donli

178 4411 290 4487 enimin
333 4412 404 4469 tuae,
422 4407 563 4458 satiabitur·
584 4420 646 4459 cum
664 4408 822 4472 apparuerit
841 4407 926 4474 gloria
939 4413 993 4473 tua,
1008 4406 1126 4460 revelata
1138 4408 1317 4463 credentibus
1331 4410 1358 4461 in
1377 4414 1409 4460 te.

179 4476 290 4597 ἓξὲξ
367 4508 399 4558 4.
413 4510 443 4559 ln
457 4507 507 4559 hoc
519 4509 601 4573 crgo·
614 4507 752 4572 proposito
764 4507 860 4559 beatus
881 4507 1036 4572 hrrrulplrus
1053 4520 1115 4560 cum
1132 4507 1299 4563 decrevisset
1315 4510 1393 4561 vitam
1408 4500 1518 4559 teruiwt

159 4609 272 4675 'itaque
284 4611 309 4662 2.
332 4609 456 4672 omnino,
470 4608 594 4673 protinus
603 4606 637 4659 ad
650 4608 753 4674 majora
766 4608 896 4661 virtutum
915 4613 1054 4674 promotus
1073 4615 1113 4661 est
1129 4609 1242 4663 caelesti
1254 4609 1337 4664 dono.
1350 4606 1447 4675 litenis
1456 4594 1520 4656 cubit
