3156 5452
327 344 425 395 aran.
443 343 528 395 naa.
546 342 665 394 rems.
681 359 728 375 -
743 343 898 396 urrann.
916 341 965 392 xo
981 344 1059 394 coo.
1078 342 1141 394 asos
1157 342 1194 392 x.
1312 326 1379 394 359

140 519 246 571 tuam.
259 516 385 583 Olybrius
397 529 508 583 praeses
521 517 588 569 dixit
601 534 608 570 :
620 519 755 571 Multam
769 517 825 570 tidi
835 517 959 572 indatsi
968 534 978 583 ,·
987 518 1076 570 nitra
1094 514 1151 570 tibi
1160 526 1224 569 non
1231 527 1377 583 paream.

140 618 172 668 at
182 616 270 682 jussit
281 629 344 669 eum
358 616 474 669 tustinus
487 617 574 670 caedi.
589 616 638 682 Qui
659 617 790 669 continuo
803 617 864 669 tacti
887 620 951 668 sunt
962 617 1039 683 quasi
1061 629 1203 682 papyrum.
1217 616 1249 666 Et
1266 614 1336 666 dixit
1353 614 1379 666 ei

140 729 259 783 praeses
271 731 279 767 ι
292 715 457 784 Maleficas
476 729 509 770 es
533 718 576 768 tu.
589 719 704 769 sanctus
724 718 816 768 iustus
836 714 977 782 respondit
991 731 997 768 :
1011 714 1134 783 Infetior
1150 716 1180 768 et
1198 712 1304 780 miser,
1317 725 1380 766 non

140 813 292 883 canescit
304 815 380 881 qaia
400 827 463 868 non
482 817 557 867 sant
576 815 736 884 maleficia
748 815 802 868 sed
813 816 888 868 sunt
899 815 956 868 Dei
975 814 1149 868 mirabilia.
1162 815 1274 866 praeses
1286 812 1356 865 dixit
1371 825 1378 861 :

140 912 380 980 impeniteeam
392 912 426 964 in
435 913 522 980 rotis,
532 915 568 967 nt
579 911 802 980 cotafrinpatnr
811 925 924 980 empus
938 900 1015 979 eins.
1025 914 1147 978 Cumque
1161 912 1261 964 iactum
1274 910 1379 973 diisset,

140 1013 235 1067 statim
249 1013 433 1065 comminutae
445 1016 509 1070 sunt
521 1018 596 1066 rotae
607 1018 637 1066 ut
646 1013 743 1079 pulvis.
757 1015 829 1066 Haec
838 1013 934 1066 videns
947 1025 1068 1078 praeses,
1079 1011 1147 1065 dixit
1157 1010 1191 1064 ad
1201 1024 1264 1064 eum
1275 1009 1380 1063 :Vides

140 1115 342 1182 mentumis
357 1113 512 1166 sustinent
531 1113 579 1165 dii
598 1113 700 1167 nostri
711 1115 741 1167 et
751 1125 815 1167 non
836 1115 865 1166 te
878 1115 1011 1180 tanpnnt
1029 1115 1193 1167 tormenta.
1207 1110 1291 1165 dadi
1307 1122 1380 1178 erpa

140 1226 189 1267 me
202 1214 234 1266 et
245 1214 373 1266 consule
393 1212 458 1280 tibi,
471 1213 546 1281 qnia
562 1225 646 1280 pnes
668 1213 856 1266 terserrimas
873 1225 915 1281 es,
933 1214 969 1265 nt
984 1225 1048 1267 non
1066 1214 1095 1266 te
1106 1213 1269 1266 consumat
1286 1209 1378 1277 ianm.

140 1313 262 1366 sanctus
272 1314 364 1365 iustus
377 1312 518 1378 respondit
532 1328 538 1364 :
556 1312 785 1367 consolationes
798 1314 871 1366 tuae
882 1311 1027 1366 malitiae
1033 1312 1151 1379 penae
1167 1311 1242 1364 sant
1254 1311 1283 1363 et
1295 1308 1381 1364 omni

140 1410 287 1479 nequitia
300 1428 309 1477 ‚·
322 1413 357 1464 tn
370 1413 399 1464 te
409 1412 511 1465 solnm
523 1412 686 1465 consulere
696 1413 726 1465 et
731 1424 869 1478 pomam
880 1412 1043 1464 aeternam
1054 1422 1135 1478 qaae
1147 1410 1176 1462 te
1187 1410 1378 1476 emperiam.

140 1513 221 1564 itanc
232 1509 318 1562 iratus
331 1522 440 1576 praeses
449 1511 531 1575 jussit
544 1510 612 1562 mitti
624 1524 689 1563 eum
708 1512 736 1562 in
749 1511 889 1564 fornacem
902 1510 1053 1564 ardentem.
1064 1512 1187 1575 Cumque
1201 1509 1301 1562 iactum
1314 1507 1379 1560 tuis·

140 1613 193 1675 set,
207 1608 306 1662 heatus
319 1614 420 1675 martyr
431 1608 599 1662 benedicens
611 1609 755 1663 Dominum
768 1609 876 1664 dicebat
889 1625 896 1661 ε
910 1609 1097 1664 Benedictus
1108 1621 1150 1676 es,
1161 1607 1379 1662 DomineDens

140 1709 274 1775 patrum
285 1711 517 1778 nostrorumst
533 1709 692 1764 amnicae
705 1712 734 1764 te
745 1710 855 1764 anima
866 1723 935 1764 mea
949 1709 1048 1765 nodie.
1062 1709 1121 1771 Qai
1132 1708 1281 1776 eripuisti
1299 1708 1380 1763 Ana·

140 1807 243 1875 niam,
264 1808 418 1862 azariam
438 1812 467 1862 et
487 1807 669 1864 Misattetem
689 1810 728 1863 de
754 1809 878 1864 camino
898 1809 980 1878 ienis
1000 1809 1153 1876 ardentis,
1176 1808 1264 1863 mitte
1287 1805 1376 1875 mitti,

141 1905 285 1974 Domine,
298 1907 461 1960 ancilium
473 1910 562 1961 taam
574 1911 603 1961 et
614 1907 750 1976 spiritns
770 1911 844 1962 tates
854 1921 894 1962 ne
914 1908 1054 1963 discedat
1071 1920 1092 1961 a
1103 1920 1161 1961 me.
1179 1910 1292 1960 Praeses
1310 1906 1379 1959 haec

142 2005 273 2066 audieus.
285 2005 356 2059 dixit
368 2022 376 2059 ι
390 2007 470 2061 Puto
482 2008 557 2074 qnia
570 2007 658 2063 nomo
669 2008 728 2062 iste
739 2009 903 2078 maleficus
914 2011 960 2062 est
972 2007 1027 2075 qni
1046 2007 1163 2062 missas
1173 2010 1219 2061 est
1231 2006 1266 2059 in
1284 2005 1375 2073 ipae:

145 2102 252 2159 adhuc
263 2103 350 2157 vivit.
359 2104 476 2158 Vadam
496 2117 567 2173 erpo
578 2108 607 2159 et
626 2106 733 2160 videbo
753 2106 892 2174 eamque·
911 2106 1060 2174 inipnem
1081 2105 1162 2159 tatia
1181 2104 1329 2172 loquitar.
1347 2106 1380 2157 itt

147 2216 210 2257 cum
222 2204 382 2257 accessisset
401 2204 435 2257 ad
457 2205 607 2271 fornacem,
629 2206 726 2259 exiens
749 2206 820 2274 ignis
838 2207 990 2259 combussit
1012 2205 1109 2258 taciem
1130 2206 1209 2271 ejus3
1232 2205 1315 2257 etiam
1345 2217 1380 2257 ex

148 2303 189 2356 his
202 2303 251 2370 qui
263 2304 372 2357 stabant
388 2304 460 2358 circa
480 2304 558 2358 illum
570 2318 627 2358 non
646 2317 746 2372 paucos
760 2305 940 2358 inflammavit
952 2305 988 2358 ita
1001 2303 1051 2373 [ut]
1071 2308 1256 2358 morerentur.
1269 2305 1381 2357 praeses

148 2402 214 2456 dixit
227 2418 233 2454 :
249 2402 379 2457 deducite
388 2415 460 2457 enm
472 2405 510 2458 de
520 2403 651 2472 fornace
662 2407 691 2459 et
704 2404 801 2473 facite
812 2405 916 2458 atium
928 2403 1090 2459 caminum
1101 2403 1263 2457 ardentem
1273 2402 1380 2470 nima,

149 2503 184 2554 at
196 2512 262 2555 non
272 2501 367 2570 vivat,
375 2505 405 2555 et
416 2501 578 2557 videamus
589 2504 618 2557 si
629 2503 791 2570 adjuvabit
802 2516 873 2557 enm
885 2504 967 2557 Dens
979 2516 1067 2557 snus.

181 2600 214 2654 3.
228 2604 350 2670 Cumque
367 2603 455 2670 jussio
476 2604 608 2670 praesidis
629 2603 799 2670 impieretur,
811 2604 920 2670 juvenis
941 2603 1064 2670 quidam,
1089 2601 1237 2656 dabundus
1257 2603 1382 2669 nominc,

148 2704 223 2754 stans
241 2701 312 2754 inter
329 2704 454 2769 populos,
476 2702 604 2757 dicebat:
621 2705 643 2758 o
663 2703 812 2771 quomodo
833 2704 963 2757 sanctas
983 2705 1090 2756 noster
1109 2704 1139 2755 et
1158 2702 1265 2774 doctor
1284 2701 1381 2757 bonas

146 2798 322 2854 custodiens
344 2801 439 2868 kaem
459 2802 515 2856 Dei
534 2815 605 2856 cnm
623 2802 734 2857 tinoore
752 2804 782 2855 et
802 2801 1016 2855 abstinentia!
1036 2803 1123 2866 Quem
1143 2802 1152 2819 ·
1173 2813 1236 2854 cum
1255 2799 1377 2855 audisset
1395 2804 1484 2865 teos.
1498 2809 1557 2876 qui.

144 2896 298 2952 Alexander
318 2901 455 2966 tribunus,
469 2902 603 2956 nuntiavit
623 2900 751 2967 praesidi,
769 2901 864 2954 dicens
878 2916 885 2953 :
899 2899 958 2955 Hic
980 2899 1068 2955 horno
1088 2896 1192 2954 nescio
1203 2899 1279 2967 qnid
1297 2901 1378 2954 maii
1400 2976 1402 2979 Ι

140 2996 277 3064 patitur.
285 2998 368 3053 Dicit
377 3000 452 3067 qnia
464 2999 618 3056 nominem
629 3000 840 3055 christianam
852 3000 968 3066 iniuste
979 2999 1132 3068 interjicit
1137 3011 1277 3068 praeses.
1289 3001 1376 3053 iratus

143 3109 257 3164 praeses
267 3100 347 3165 jussit
358 3114 423 3154 eum
442 3101 541 3155 adduci
560 3106 587 3155 et
598 3102 664 3154 dicit
675 3102 721 3154 ei:
739 3101 842 3161 Qaare
852 3112 916 3155 non
928 3099 1211 3166 timuistijnssioni
1226 3113 1313 3154 meae
1329 3100 1377 3154 de·

145 3195 399 3264 manera-dicens
410 3213 444 3255 eo
459 3202 540 3269 qnod
551 3214 604 3268 epo
617 3200 901 3267 dominemjastnm
912 3199 981 3253 sine
993 3211 1092 3254 cansa
1104 3199 1378 3268 interfleijnbeam

144 3297 203 3349 ant
215 3297 358 3365 temptem
369 3300 535 3354 Dominum
546 3303 688 3354 nostram
699 3300 729 3352 si
740 3299 823 3353 vodis
835 3299 870 3351 in
881 3299 953 3365 iane
961 3298 1091 3365 adiutor
1101 3299 1114 3352 t
1123 3300 1238 3352 sanetus
1248 3298 1379 3353 abundus

142 3392 214 3446 dixit
226 3410 233 3447 :
247 3395 388 3466 Praeses,
400 3399 469 3453 nati
480 3399 623 3452 insanire
633 3398 716 3453 sient
736 3398 826 3452 canis
845 3399 969 3451 latrans
990 3397 1087 3464 :qnia
1103 3397 1216 3465 paenis
1236 3398 1300 3452 tais
1316 3411 1379 3453 non
1471 3427 1473 3430 ·

146 3500 267 3552 terreor
277 3510 375 3566 necne
383 3498 488 3551 minas
500 3501 572 3552 tnas
578 3498 774 3565 pertimesco.
790 3497 890 3552 timeo
901 3500 1009 3551 antem
1026 3497 1192 3551 Dominam
1204 3497 1260 3565 qai
1270 3497 1305 3551 in
1316 3511 1380 3553 cae·

146 3597 188 3652 lis
199 3598 255 3664 est,
268 3597 323 3665 qni
333 3610 382 3651 me
392 3598 511 3652 creavit
520 3601 550 3652 et
562 3598 770 3665 judicaturae
789 3599 834 3650 est
854 3597 938 3651 oioos
960 3599 990 3650 et
1007 3598 1144 3651 morinos
1168 3599 1199 3650 et
1213 3597 1377 3672 saccatum

142 3706 204 3765 pet·
220 3696 322 3765 ianam
338 3697 372 3750 in
381 3698 486 3764 picria
493 3698 600 3766 patris
611 3697 673 3750 sni.
687 3699 798 3749 Praeses
811 3697 897 3749 dixit:
911 3697 1012 3764 Dolet),
1026 3696 1125 3763 inquit,
1140 3698 1285 3764 superte,
1301 3696 1377 3764 quic

140 3797 270 3863 jaceatis
282 3811 323 3852 es.
335 3800 391 3854 Sed
403 3812 487 3853 nanc
499 3799 579 3853 andi
592 3811 640 3852 me
651 3797 743 3866 quasi
754 3797 844 3866 sitias
851 3798 988 3865 patrem,
1002 3798 1031 3849 et
1043 3796 1172 3850 immola
1184 3796 1257 3866 diis,
1270 3800 1306 3850 nt
1319 3799 1376 3851 tor·

146 3900 252 3952 menta
259 3899 364 3966 possis
376 3900 515 3953 evadere.
526 3902 641 3952 sanctus
653 3897 785 3951 doundus
798 3896 956 3961 respondit:
970 3895 1181 3973 Onimejnbes
1192 3896 1378 3951 immolaret

147 4001 261 4053 Praeses
273 3998 342 4051 dixit
355 4016 362 4050 :
376 3999 527 4067 Sacrifica
538 3997 607 4051 Iovi
619 3998 674 4050 dea
685 3999 802 4050 nostro.
822 3999 937 4048 Sanetus
955 3995 1105 4048 Habundus
1126 3994 1268 4060 respondit
1281 4011 1288 4047 :
1306 3996 1379 4049 Vere

146 4100 176 4151 et
189 4100 224 4150 tn
235 4096 352 4150 similis
364 4109 396 4150 es
409 4097 469 4150 itti.
484 4097 544 4150 Itis
554 4096 638 4149 enim
650 4108 721 4149 cam
733 4106 840 4148 sorore
850 4096 880 4147 et
891 4094 962 4161 pitia
975 4107 1035 4146 sna
1045 4091 1222 4160 fornicatos
1234 4096 1288 4146 est.
1306 4096 1378 4154 Quo

147 4197 237 4251 modo
250 4196 303 4248 itti
309 4209 439 4262 possam
452 4197 637 4264 sacrificare
647 4196 659 4247 t
671 4197 747 4247 iuno
765 4195 848 4246 iratus
866 4193 992 4260 Olybrius
1008 4206 1117 4258 praeses
1128 4193 1209 4259 jussit
1226 4207 1289 4246 eum
1309 4195 1377 4246 mitti

150 4298 180 4349 in
200 4309 339 4350 carcerem
358 4298 506 4362 caminum,
525 4296 640 4348 dicens:
658 4295 737 4354 Quid
759 4294 898 4360 antptins
918 4292 973 4346 tide·
992 4292 1140 4360 facturas
1160 4306 1239 4359 stent,
1260 4293 1325 4346 nisi
1344 4297 1379 4347 nt

147 4395 248 4450 sinant
259 4395 374 4448 ardeas
386 4409 457 4448 casin
469 4396 525 4448 itta
540 4397 552 4447 t

183 4497 215 4547 4.
230 4498 352 4561 Cumque
375 4496 474 4548 tactum
497 4495 602 4559 fuisset,
624 4498 733 4546 sanctus
753 4491 902 4545 iiabundus
922 4494 1001 4546 heato
1021 4494 1096 4544 tusto
1117 4490 1184 4543 dixit
1197 4507 1204 4543 ε
1217 4491 1307 4545 Serae
1325 4493 1381 4545 Det

146 4598 247 4664 laste,
260 4607 318 4650 ara
333 4607 394 4662 pro
416 4607 464 4648 me
484 4594 526 4647 ad
547 4593 712 4648 Dominam
732 4595 768 4646 at
784 4591 904 4659 possim
926 4590 1059 4657 sufferre
1072 4593 1224 4646 tormenta
1246 4591 1318 4646 ista.
1332 4592 1380 4644 iiie
