3136 5482
277 352 344 417 218
623 364 748 415 cirus.
769 365 869 415 cono.
890 366 1063 418 usercen.
1083 368 1163 420 etr.

276 545 395 599 mendo
413 544 532 599 Credite
546 556 642 596 unum
656 543 753 596 mum
774 542 808 594 in
820 541 963 597 trinitate
974 546 1004 596 et
1022 543 1142 598 trinum
1155 544 1190 598 in
1207 546 1341 602 unitate.
1355 547 1443 601 Scire
1461 560 1510 601 uos

278 647 345 700 coto
364 645 440 713 quia
454 658 526 712 pau
546 658 567 698 n
590 643 717 698 Domino
737 640 866 697 dubitur
885 645 1015 698 sunctae
1034 644 1191 699 Ecclesiae
1204 648 1280 713 post
1300 648 1514 712 tyrannorum

272 744 530 811 persecutionem,
543 746 573 797 et
591 741 802 797 Narbonensis
819 742 951 796 ecelesia
963 743 1207 809 praedicabitur
1218 745 1253 798 in
1264 744 1422 813 purti'bus
1439 747 1514 800 coci·

278 842 455 896 dentalibus
473 841 614 896 omnium
630 838 835 895 ecetesiururn
854 840 1069 895 eccellentior.
1087 844 1159 895 ilaec
1178 841 1284 903 disens,
1305 845 1365 896 neo
1387 843 1516 909 spiritum

278 939 405 994 reddidit.
429 944 583 1006 tantusque
604 938 672 992 odor
692 939 793 1004 pariter
813 952 910 991 omnes
931 939 1044 1004 replevit
1063 945 1093 991 ut
1114 941 1203 993 omnis
1226 940 1306 994 dolor
1331 942 1422 1007 patris
1446 942 1509 993 miri
1531 942 1546 992 s

277 1039 369 1093 odoris
381 1038 526 1092 dulcedine
539 1039 699 1091 auferretur.

310 1137 360 1190 10.
374 1137 500 1204 Sepultus
521 1141 562 1188 est
573 1141 664 1189 autem
677 1137 704 1187 in
723 1137 837 1189 ecclesia
859 1142 967 1190 sanene
985 1138 1031 1190 Dei
1052 1138 1192 1206 genitricis
1204 1140 1303 1193 itariae
1319 1154 1326 1191 :
1344 1141 1375 1193 in
1397 1152 1456 1206 qua
1469 1152 1520 1206 per

279 1234 489 1302 quadriennium
504 1234 596 1287 nultus
613 1233 672 1286 dios
685 1235 773 1288 extitit
793 1236 839 1301 qui
856 1235 994 1288 miraculis
1014 1249 1115 1290 vacuus
1135 1238 1271 1290 transiret.
1286 1239 1405 1304 scripsit
1425 1243 1519 1291 autem

277 1333 428 1399 disciputus
449 1333 508 1398 ojus
525 1333 678 1398 Stephanus
700 1333 727 1384 in
750 1332 839 1398 lapide
861 1334 1050 1400 porphyretico
1071 1334 1113 1387 ad'
1127 1340 1209 1401 eaput
1228 1336 1289 1402 ejus
1309 1336 1425 1389 titulum
1440 1351 1448 1388 :
1461 1334 1521 1391 Hic

277 1433 443 1501 requiescit
453 1435 582 1487 suiectus
599 1433 732 1499 Pnutns,
745 1433 921 1499 disciputus
944 1435 1081 1501 apostoli
1091 1435 1200 1503 Pauli,
1212 1435 1381 1505 episcopus
1398 1435 1520 1491 Narco
1537 1436 1563 1489 n

279 1532 385 1587 nensis
396 1532 553 1588 ecclesiae.

749 1732 1040 1742 Μ

476 1997 619 2085 CXLV.
644 1996 768 2084 Codex
788 1995 977 2105 signatus
997 2019 1110 2083 num.
1133 1993 1244 2082 2843
1267 1993 1314 2082 Β.

309 2238 377 2291 otim
399 2237 486 2289 Caroli
508 2236 542 2288 de
557 2235 692 2289 Montehat
715 2233 816 2287 deinde
838 2234 1145 2287 Tetterianodtemensis
1168 2234 1225 2297 119,
1239 2231 1344 2285 deinde
1361 2232 1471 2299 Regius
1490 2233 1519 2284 C.

276 2338 350 2389 tias.
363 2339 389 2388 i.

309 2435 444 2488 Foliorum
461 2438 514 2489 tat.
529 2437 594 2487 min.
607 2433 827 2500 (damnati),
840 2434 921 2486 lineis
933 2432 1031 2498 plenis,
1045 2440 1170 2485 exaratus
1182 2443 1256 2484 saec.
1273 2433 1330 2484 xli.

374 2534 409 2607 1⁰
430 2527 527 2638 [vita
545 2540 699 2612 sanctae
718 2533 1006 2632 Euphrosynae]
1026 2529 1106 2625 (fol.
1130 2527 1356 2624 star-ter).

309 2665 356 2717 rc.
371 2668 398 2718 r.
412 2669 452 2730 1.,
467 2672 532 2719 tom.
546 2669 656 2730 Luxus,
670 2680 696 2731 p.
709 2667 813 2719 cia-ss.

371 2763 409 2840 2⁰
427 2765 523 2859 [Vita
541 2774 694 2843 sanctae
711 2757 892 2869 Marinae]
914 2759 995 2860 (iol.
1019 2758 1219 2859 wir-tiit)

309 2899 356 2951 es.
372 2899 448 2964 sna,
462 2913 489 2964 p.
501 2901 604 2951 soi-or.

462 3362 626 3452 exivi
650 3365 774 3453 codex
794 3367 984 3475 signatus
1005 3389 1116 3452 num.
1142 3363 1254 3452 2843
1277 3366 1326 3454 u.

311 3604 378 3656 Olini
392 3605 491 3671 Regius
504 3607 533 3656 n.
548 3607 622 3669 2156,
638 3608 664 3656 Ρ.
680 3607 752 3666 tiis,
767 3609 795 3656 (1.
810 3607 883 3657 tota.

312 3704 447 3756 Foliorum
460 3706 501 3769 79,
515 3705 581 3755 min.
595 3704 797 3769 (rumoni),
811 3705 891 3756 tineis
904 3705 1003 3769 plenis,
1018 3711 1143 3756 exaratus
1155 3716 1227 3756 saee.
1244 3707 1313 3757 xlt'.

374 3800 456 3876 Vita
476 3800 513 3875 S.
537 3801 694 3877 ioannis
713 3800 877 3900 apostoli
897 3799 974 3898 (iol.
996 3798 1167 3885 ddi-iiiii).

310 3934 423 3984 Auctore
443 3932 696 3986 Pseudo-Melitonr.
718 3932 878 3995 ed.‚1nultis
899 3933 1062 3988 lectionibus
1082 3932 1263 3997 variantibus
1288 3936 1321 3987 P.
1347 3941 1392 3994 G..
1415 3945 1483 3992 tom.
1496 3942 1523 3998 t,

278 4047 304 4097 p.
322 4033 436 4084 testi-50.
450 4031 544 4083 Addita
558 4034 637 4083 estin
652 4032 705 4085 tine
719 4034 761 4097 pia
775 4033 934 4084 exhortatio.

750 4201 1042 4216 ᾖ

746 4226 1040 4247 ἡ
