3136 5482
190 315 258 381 450
529 334 656 384 caran.
675 334 776 384 cono.
797 335 971 387 nne1oon.
991 336 1072 387 aar.

188 506 359 565 sequestrare
378 499 504 553 diuortio.
518 501 575 553 Tibi
597 513 661 569 ergo
682 503 906 568 superexcellenti
929 505 982 557 lieo
1001 504 1152 572 gratiarum
1169 502 1205 557 sit
1221 502 1370 567 actinlms
1384 506 1409 557 et

187 597 273 666 gloria
284 611 334 665 per
345 604 444 653 cuncta
457 600 629 654 saeculorum
642 602 764 655 saecula.

189 809 241 867 Do
271 806 407 867 iterata
433 804 661 867 mentatione
682 809 810 867 Keban
838 804 877 865 ln
896 809 1061 869 motum
1085 806 1162 881 nei,
1184 806 1224 865 et
1250 780 1403 879 qumodo

243 905 456 967 cornubiam
477 905 637 967 deseruit
658 919 703 967 ao
728 906 960 968 Domnoulam
979 909 1095 984 pettit,
1114 906 1240 980 ibique
1255 901 1346 965 obiit

221 1105 252 1157 9.
266 1106 333 1157 cum
346 1109 437 1157 autem
450 1102 639 1157 sanctissimus
657 1104 796 1165 lionanus,
810 1110 841 1158 ut
861 1104 891 1158 in
911 1106 1056 1161 antedictis
1076 1104 1207 1160 sudatum
1226 1106 1278 1170 est,
1288 1096 1420 1169 :potitii-⁵

188 1203 241 1258 lem
253 1205 334 1258 vitam
347 1203 377 1257 in
397 1202 476 1256 terris
497 1203 612 1257 duceret
633 1208 766 1271 actusque
786 1204 919 1272 plurimos
940 1210 994 1262 lieo
1014 1207 1130 1274 placitos
1151 1206 1286 1271 actitaret,
1296 1200 1396 1257 omnim

187 1305 297 1360 invidus
308 1303 393 1358 bostis
413 1303 549 1357 bonorum
561 1303 682 1372 zabulus,
694 1303 794 1357 dolens
812 1304 898 1360 sancti
920 1307 971 1361 viri
992 1307 1028 1361 de
1039 1307 1140 1361 virtute
1159 1306 1190 1360 in
1205 1305 1328 1361 virtutem
1339 1298 1397 1355 exili

51 1404 60 1424 ⁶
96 1401 102 1415 '
119 1439 127 1455 ·
187 1407 238 1460 bus
249 1408 269 1471 ',
281 1403 374 1458 denuo
386 1402 556 1469 supradictae
580 1403 705 1456 mulieris
717 1410 839 1458 mentem
857 1406 892 1459 ad
914 1406 1000 1472 ipsius
1012 1406 1136 1461 incitavit
1148 1398 1396 1473 inquietudinem&

155 1566 166 1587 ο
186 1505 316 1574 quoniam
328 1502 416 1569 ipsius
427 1500 530 1555 infame
543 1507 730 1556 commentum
752 1502 958 1557 iraudulentum
971 1504 1072 1559 iactum
1084 1506 1177 1559 dierat
1187 1501 1321 1565 birotum,
1329 1495 1395 1566 qood

184 1605 248 1658 dam
258 1603 357 1656 iterum
369 1602 409 1653 illi
421 1601 518 1655 suadet
535 1601 624 1654 moliri
637 1600 898 1668 machinamentum,
912 1602 987 1657 unde
999 1604 1042 1657 vir
1059 1603 1107 1658 liei
1119 1602 1187 1671 pelli
1200 1601 1284 1670 possit
1293 1590 1424 1653 mutu-¹⁸

182 1703 308 1757 minium.
321 1704 375 1755 lieo
395 1713 480 1766 mora,
493 1700 585 1754 lleban
606 1701 707 1754 mulier
733 1701 901 1769 inreverens,
915 1708 942 1757 et
962 1708 1040 1757 vetus
1060 1702 1156 1758 odium
1177 1702 1268 1756 adbuc
1284 1699 1313 1753 in
1330 1692 1393 1751 corte

182 1803 314 1866 retinens,
327 1813 465 1868 superque
478 1800 519 1854 sui
538 1800 628 1853 mariti
649 1800 803 1868 frequentia
815 1815 878 1856 cum
897 1808 992 1857 sancto
1004 1803 1063 1857 viro
1074 1801 1186 1869 dolens,
1198 1798 1334 1855 moetitue
1346 1804 1392 1849 uss

183 1914 273 1955 tuma
291 1914 321 1955 se
332 1900 432 1967 petitae
453 1897 552 1967 pudico
564 1900 624 1953 viro
645 1899 757 1953 molitur
773 1902 905 1970 irrogare,
919 1908 949 1955 ut
969 1915 1020 1969 per
1039 1903 1092 1956 boc
1104 1915 1173 1955 suus
1187 1900 1299 1955 mantus
1314 1894 1391 1965 spiriti

181 2001 329 2068 zelotypiae
340 2000 498 2068 exagitatus,
511 1998 660 2053 venerabili
677 2000 736 2054 viro
748 2013 783 2053 ex
802 2002 889 2055 amico
901 1999 947 2054 liat
959 2002 1176 2055 inimicissimus.
1188 2002 1244 2055 Nec
1254 1998 1336 2053 sdan
1351 1994 1390 2047 bot

184 2100 273 2154 manti
285 2100 326 2153 sui
346 2099 458 2153 auribus
478 2099 645 2152 vinulentum
666 2099 807 2167 eloquium
826 2101 981 2168 specialiter
1002 2101 1115 2166 inludit,
1127 2114 1225 2154 verum
1244 2084 1423 2155 aiamtobul!

184 2198 378 2267 perambulans
394 2196 533 2263 viciniam,
545 2197 656 2251 celebre
667 2198 718 2250 viri
732 2209 835 2252 nomen
849 2198 921 2266 turpi
934 2200 1047 2253 infamia
1061 2200 1214 2254 conabatur
1225 2198 1334 2267 turpiter
1342 2188 1395 2245 illi*

185 2309 271 2361 stare,
287 2295 402 2364 vulgans
420 2307 468 2349 ore
479 2307 619 2348 venenoso
640 2295 730 2349 virum
751 2302 876 2351 sanctum
900 2297 1061 2352 castimonia
1083 2299 1222 2367 insignem
1241 2293 1352 2363 corporis
1364 2286 1396 2341 ni

185 2397 276 2464 specie
288 2402 396 2462 captum
410 2400 437 2449 et
446 2395 523 2449 illum
534 2395 693 2449 multotiens
704 2397 806 2463 petisse
819 2396 995 2465 impudenter
1007 2399 1067 2466 elus
1076 2398 1264 2453 concubitum.
1274 2392 1395 2449 aurinis

184 2500 276 2548 autem
296 2495 364 2548 baec
384 2507 481 2547 omnes
501 2494 672 2547 mirabantur
683 2499 710 2547 et
731 2495 760 2548 in
783 2495 857 2549 illam
879 2496 1079 2563 irascebantur,
1098 2497 1302 2551 conclamantes
1320 2487 1395 2545 uidit

184 2607 267 2662 quam
291 2598 318 2646 et
340 2606 448 2646 versam
468 2605 530 2646 esse
550 2594 579 2647 in
599 2595 759 2648 amentiam.
773 2597 806 2649 Ut
825 2600 916 2649 autem
938 2594 1190 2651 facinorosissimae
1207 2592 1324 2649 mullor'u
1337 2580 1424 2657 pne-2

185 2693 274 2745 dictae
286 2697 440 2746 commenta
453 2698 546 2746 sancto
559 2692 617 2746 viro
629 2693 784 2756 innotuere,
798 2693 866 2747 illud
879 2694 990 2749 tandem
1008 2696 1102 2749 animo
1115 2708 1167 2751 suo
1179 2694 1275 2769 incidit
1285 2688 1349 2761 quod
1357 2698 1393 2755 pet
1433 2746 1438 2763 .

185 2792 359 2845 salomonem
374 2791 505 2857 scriptum
517 2805 579 2845 esse
590 2792 724 2860 cognovit.
735 2793 869 2861 scriptum
883 2799 925 2847 est
936 2795 1031 2849 enim:
1049 2795 1244 2851 commorari
1251 2786 1392 2849 draow'd
1434 2796 1438 2813 ¹

186 2891 268 2944 moni
282 2889 419 2957 placebit
439 2904 531 2957 quam
550 2889 692 2945 babitare
707 2904 777 2946 cum
789 2892 920 2946 muliere
941 2906 1084 2961 nequam.
1104 2894 1216 2949 Brevis
1227 2891 1307 2948 enim
1315 2882 1392 2945 ami

184 2989 311 3043 matitia
322 3001 415 3055 super
428 2989 585 3043 ›nnlitionc
596 2991 751 3043 tnulicris.
765 2992 790 3045 A
803 2991 950 3045 cornibus
963 2993 1028 3047 tuis
1040 2992 1166 3048 abscide
1179 2994 1392 3059 illuminem

178 3101 239 3154 per
250 3087 397 3141 abutimur
409 3090 445 3141 te.
469 3088 514 3140 llis
533 3088 644 3141 ‹lemum
664 3096 691 3142 et
703 3090 763 3142 aliis
776 3092 845 3142 sacri
859 3091 961 3158 eloquii
986 3093 1233 3147 ammonitionibus
1244 3091 1285 3145 vir
1295 3088 1336 3143 bei
1345 3074 1419 3138 pp!

184 3187 254 3240 tiens
272 3186 477 3238 scelestissimae
499 3187 623 3239 mulieris
643 3188 856 3242 malivolentiam
881 3190 1039 3244 nullatenus
1060 3191 1108 3245 illa
1119 3192 1230 3246 vivente
1248 3191 1303 3244 iore
1319 3184 1391 3239 trien

185 3287 257 3353 dam,
272 3292 363 3340 mente
376 3293 463 3339 ratum
475 3287 551 3339 (luxit
563 3294 648 3341 totam
661 3290 801 3357 regionem
813 3290 886 3342 illam
900 3290 1097 3359 derelinquere
1110 3300 1137 3345 et
1149 3294 1215 3346 inde
1227 3292 1285 3345 loca
1302 3285 1390 3341 dimitti

188 3390 292 3438 remota
304 3399 444 3451 quaerere,
458 3400 528 3452 qliae
540 3387 757 3440 sceleratissimis
777 3388 889 3455 quidem
902 3390 1126 3444 oblocutionibus
1139 3391 1285 3446 malivolae
1297 3380 1391 3441 mulieris

190 3485 291 3537 munda
304 3485 408 3549 possint
419 3485 545 3537 existere.
559 3486 793 3549 Quemadmodum
812 3489 886 3541 enim
908 3489 998 3541 llelias
1017 3489 1084 3543 olim
1098 3491 1291 3556 prophetarum
1301 3480 1391 3541 ammiti
1435 3514 1437 3527 ι

189 3584 408 3649 persecutionem
421 3596 519 3649 passus
531 3590 572 3636 cst
583 3584 767 3638 delitescendo
780 3587 985 3640 crudelissimae
994 3588 1113 3654 lezabel,
1127 3589 1168 3641 sic
1179 3596 1208 3641 et
1218 3588 1270 3640 iste
1280 3568 1420 3639 servoffl

189 3682 235 3733 lici
248 3694 343 3733 servus
362 3681 559 3735 insecutionem
572 3695 668 3747 passus
690 3686 732 3735 cst
744 3684 837 3737 lleban
856 3686 1104 3739 truculentissimae
1122 3686 1256 3741 mulieris.
1268 3686 1393 3737 morona

188 3787 280 3846 postea
292 3782 435 3834 curriculis
445 3782 552 3834 dicrum
563 3780 688 3845 evolutis,
699 3784 872 3849 saepedictus
882 3786 934 3838 boc
946 3786 1078 3854 opusculo
1100 3787 1254 3854 theologus,
1266 3780 1394 3838 salmias

188 3881 258 3932 notis
278 3881 306 3931 in
327 3881 372 3931 bei
393 3879 539 3933 dilectione
557 3886 585 3933 ct
604 3882 720 3947 proximi
740 3884 924 3953 manentibus,
947 3886 976 3938 in
1001 3887 1172 3940 bomnoniae
1196 3892 1286 3952 partes
1306 3877 1396 3946 sumiti

187 3978 292 4031 cbristo
304 3979 356 4030 iter
367 3991 447 4031 suum
460 3979 566 4044 direxit,
581 3980 726 4045 increpans
740 3982 833 4035 lleban
845 3983 928 4051 digna
940 3984 1087 4051 praefactis
1099 3991 1128 4038 et
1139 3985 1222 4039 dictis
1234 3986 1291 4039 suis
1310 3978 1399 4037 tnndr

189 4077 339 4130 lentissima
352 4082 442 4131 rnentc
456 4077 486 4130 in
499 4079 574 4131 illum
588 4080 757 4147 excogitatis.
770 4083 818 4134 (lui
832 4088 859 4136 el
872 4084 957 4150 ipsius
970 4085 1112 4153 progeniei
1125 4086 1174 4139 illa
1185 4086 1271 4140 sancti
1283 4084 1333 4137 viri
1342 4070 1433 4135 aiul5

190 4177 358 4241 imprecatio,
372 4178 602 4243 (pucinatlmodum
612 4182 731 4233 Naaman
741 4182 799 4247 Syri
812 4182 889 4249 lepra
901 4184 971 4235 Giezi
984 4184 1109 4237 adhaesit
1118 4185 1274 4253 falsiloquo,
1285 4184 1405 4237 indicente

187 4275 238 4328 sibi
251 4289 307 4327 non
327 4277 439 4329 minimo
460 4279 653 4343 prophetarum
675 4280 790 4334 llelisco.
805 4283 860 4346 liic,
875 4284 958 4350 impie
981 4284 1086 4349 zabule,
1101 4286 1241 4340 scelerum
1264 4286 1336 4341 lons.
1348 4284 1409 4336 ritu

187 4369 333 4439 nequitiae,
347 4373 412 4439 quid
426 4375 495 4426 valet
510 4389 584 4427 nunc
606 4376 653 4428 tibi
675 4390 770 4430 vorum
788 4380 834 4432 liei
857 4381 990 4434 ramulum
1002 4395 1052 4448 per
1063 4386 1142 4436 tuum
1162 4385 1332 4453 mancipium
1344 4381 1414 4436 tant'u

186 4472 350 4525 tribulasse?
363 4477 471 4527 l'rustra
485 4476 590 4535 niteris,
604 4476 695 4535 livide,
710 4478 738 4530 in
759 4479 923 4545 expellendo
944 4480 981 4534 de
1001 4481 1088 4535 electo
1101 4484 1154 4536 sibi
1174 4485 1237 4539 loco
1256 4487 1419 4538 resistentem

185 4570 233 4622 tibi
247 4584 360 4638 magnac
373 4573 478 4625 virtutis
497 4575 649 4642 agonistam
673 4590 720 4641 per
741 4578 953 4644 insuperabilem
975 4579 1171 4636 invincibilem
1184 4585 1257 4653 repis
1268 4586 1436 4639 valentiam·
