3136 5482
267 345 308 412 10
607 363 731 413 caran.
751 362 853 413 conn.
872 361 1046 412 saetosa.
1066 361 1146 410 oar.

262 528 319 582 lum
331 530 355 582 si
367 530 471 597 aliquid
484 531 598 584 haberet
615 530 750 594 utilitatis,
763 530 872 584 edicere
896 529 965 583 lorie
977 542 1129 596 possemus,
1142 529 1208 582 dum
1230 529 1259 582 in
1277 529 1412 584 coenobio
1427 530 1504 583 beati

65 664 68 669 -
91 629 173 707 ‘coac
184 627 232 680 de·
264 627 430 682 contessoris
443 631 452 651 ·
464 630 563 683 Christi
578 630 708 683 Martialis
730 605 851 697 expleret
864 629 976 697 aliquod
996 629 1103 683 abbatis
1116 629 1158 681 sui
1168 630 1250 695 jussu
1263 635 1381 695 tempus
1394 630 1505 696 gravis·

77 694 253 748 mamm·
267 728 337 780 simo
349 728 524 782 incommodo
542 728 682 791 astrictus,
697 729 731 782 ad
743 733 863 782 extrema
876 741 963 794 paene
974 733 1016 781 est
1027 728 1171 782 deductus.
1187 730 1310 795 cumque
1322 729 1351 780 in
1363 728 1425 781 dies
1439 741 1503 797 gra·

260 825 329 878 viori
350 840 461 892 semper
482 828 614 895 languore
634 835 835 895 perurgeretur,
858 828 938 894 eique
963 828 1159 894 propemodum
1188 827 1295 880 horrori
1315 828 1405 880 omnis
1427 831 1505 881 esset

119 920 204 1001 '0043
266 925 355 991 cibus,
378 926 496 992 quadam
517 930 597 980 nocte
617 933 679 994 posi
698 928 886 992 parvissimam
910 925 1022 979 somni·
1042 927 1257 994 degustationem
1279 925 1422 993 evigilans,
1446 926 1540 980 illisti

105 997 214 1105 wmnffh
266 1025 407 1078 acerrimis
419 1026 544 1079 dolomm
557 1026 671 1091 aculeis,
684 1041 754 1094 quos
766 1026 846 1094 vulgo
859 1033 988 1092 spunctas
1012 1039 1212 1092 nuncupamus
1226 1025 1294 1078 adeo
1307 1039 1369 1078 sese
1380 1026 1507 1092 repperit

264 1123 407 1176 obsessum
421 1129 453 1176 ut
464 1123 577 1178 sinistra
589 1126 641 1178 suh
654 1126 765 1192 scapula
778 1134 902 1193 apertum
915 1126 967 1178 slhi
980 1125 1120 1179 videretur
1131 1125 1255 1178 foramen
1273 1137 1328 1178 non
1349 1125 1501 1190 modicum,

179 1225 181 1228 ’
261 1223 340 1288 ouius
359 1224 503 1276 vexatione
517 1225 553 1277 lta
574 1226 648 1279 breti
670 1225 784 1291 spatiolo
798 1225 884 1278 sensit
913 1238 943 1277 se
956 1225 1015 1277 lore
1034 1224 1203 1277 confractum
1224 1229 1255 1277 ut
1276 1237 1366 1290 neque
1388 1223 1505 1291 proprio

262 1323 361 1374 satiare
374 1322 460 1375 halitu
475 1337 565 1390 neque
578 1324 606 1376 in
619 1323 694 1377 aliud
707 1325 778 1377 latus
795 1324 898 1377 valeret
907 1324 1047 1376 declinare
1059 1324 1093 1376 ad
1106 1329 1207 1375 votum.
1220 1322 1369 1389 llisltaque
1382 1323 1505 1375 miseriis

261 1421 393 1488 dejectus,
417 1437 480 1476 eum
500 1423 567 1490 quid
591 1430 683 1492 ageret
703 1437 869 1491 quorsumve
894 1437 923 1476 se
942 1428 1061 1476 verteret
1083 1422 1232 1491 ignoraret,
1258 1427 1335 1488 pater
1358 1423 1504 1487 piissimus
1524 1422 1556 1473 to

261 1521 381 1572 occurrit
393 1521 542 1575 memoriae
556 1522 673 1575 llilarius
684 1528 712 1574 et
725 1522 808 1574 multa
821 1534 892 1588 quae
904 1521 1042 1587 quondam
1055 1520 1092 1573 dc
1106 1520 1245 1572 miraculis
1258 1518 1383 1572 audierat
1394 1520 1484 1586 ipsius
1495 1538 1504 1586 3

261 1631 378 1685 moxque
390 1632 539 1685 parumper
553 1620 723 1680 melioratus,
737 1621 838 1673 talibus
851 1633 913 1672 euni
928 1621 1036 1673 invocat
1048 1619 1197 1673 faminibus
1210 1633 1218 1670 :
1232 1619 1295 1673 Nec
1307 1619 1506 1687 bapalmis·

260 1716 339 1769 sime
353 1716 470 1771 Christi
489 1731 589 1787 sacer,
605 1720 683 1772 latet
702 1719 814 1787 quibus
829 1719 1018 1787 passionum
1039 1719 1179 1772 stimulis
1198 1719 1335 1785 coartor,
1348 1717 1504 1785 quibusve

260 1815 498 1870 camuziintibrcs
519 1818 614 1872 oiiali
636 1818 800 1885 deficiente
811 1818 948 1885 flatund
968 1831 1073 1872 necem
1086 1821 1168 1872 totas
1185 1817 1366 1887 pertrahor.
1378 1817 1506 1871 Idcirco

261 1914 356 1967 solita
373 1916 494 1983 pietate
515 1917 630 1972 misero
648 1917 730 1970 mihi
749 1918 926 1971 subveniet
945 1917 1111 1985 exstingue
1131 1918 1164 1970 in
1181 1931 1230 1970 mc
1247 1915 1394 1984 precibus
1416 1917 1503 1970 iram
1525 1922 1557 1973 ts

262 2025 357 2078 quam
368 2017 481 2069 merui.
495 2018 595 2070 Omira
608 2017 702 2071 llilarii
718 2019 813 2083 pietas.
828 2019 904 2071 Prius
926 2017 1037 2085 quidem
1059 2030 1141 2084 quam
1160 2017 1228 2071 haec
1240 2017 1320 2083 plene
1333 2022 1502 2083 perorasset,

208 2148 214 2161 .
269 2114 401 2168 reclinato
413 2118 502 2182 capite
515 2119 610 2183 parieti
624 2119 723 2172 lectulo
736 2133 786 2171 suo
799 2131 943 2172 connexae
954 2120 972 2187 ·,
986 2132 1019 2172 ac
1031 2131 1080 2184 pro
1093 2118 1241 2184 emplastro
1253 2130 1396 2184 opponens
1408 2117 1504 2170 dexte·

265 2223 322 2264 ram
335 2214 360 2266 ei
372 2215 446 2280 quod
459 2228 489 2268 se
501 2217 642 2270 cruciabat
654 2217 791 2281 foramini,
807 2222 881 2270 tanta
897 2218 1030 2271 suavitate
1043 2218 1204 2283 consopitur
1224 2222 1354 2283 quantam
1371 2229 1422 2269 nec
1434 2229 1503 2268 sen·

126 2308 134 2325 ·
147 2307 211 2382 cod.
269 2318 341 2365 serat
353 2314 512 2381 aliquando,
522 2316 611 2381 etjam
622 2317 784 2369 sanissimus
794 2323 877 2383 atque
886 2317 1029 2384 ignorante
1038 2329 1068 2368 se
1082 2314 1207 2368 caelestis
1216 2314 1369 2367 medicina·
1380 2317 1502 2379 optatam

93 2371 244 2425 memma·
268 2413 383 2464 salutem
400 2414 514 2467 obtentu
526 2415 657 2468 amatoris
681 2415 779 2467 Christi
792 2415 885 2468 domni
907 2415 1001 2467 llilarii
1015 2416 1042 2466 ln
1065 2427 1097 2467 co
1118 2420 1257 2481 operatur.
1272 2413 1395 2480 lienique
1415 2410 1503 2480 [cum]
1520 2413 1555 2464 20

264 2509 300 2562 ad
312 2512 500 2565 nocturnalem
513 2513 636 2579 synaxim
657 2512 811 2578 pulsaretur
832 2511 952 2579 signum,
965 2513 1040 2565 omni
1063 2513 1155 2579 fugato
1175 2511 1270 2564 dolore
1290 2510 1501 2577 expergiscitur,

264 2621 295 2662 ac
308 2610 483 2664 multimodas
500 2613 554 2664 lieo
567 2607 718 2677 sanctoque
730 2612 790 2677 ejus
811 2612 895 2663 relcrt
906 2612 1016 2677 gratias,
1029 2624 1085 2677 quo
1106 2616 1247 2664 annuente
1258 2610 1294 2663 ab
1315 2609 1381 2676 ipsis
1401 2607 1503 2661 mortis

264 2715 373 2774 ereptus
386 2716 427 2761 est
437 2709 572 2763 faucibus.
588 2712 642 2763 lloc
655 2710 763 2777 nequis
776 2715 851 2775 putet
873 2709 1032 2773 conticium,
1046 2723 1096 2764 nos
1109 2710 1144 2762 ab
1157 2710 1203 2762 illo
1216 2711 1371 2774 accepimus
1384 2707 1427 2759 cui
1442 2706 1500 2759 tale

266 2819 427 2860 concessum
440 2813 482 2860 est
494 2809 632 2861 solatium.

298 2906 392 2974 [m]
404 2908 485 2959 ltem
497 2907 585 2960 abad
595 2908 795 2961 miraculum.
809 2936 841 2946 -
858 2908 996 2961 Adiciatur
1016 2907 1117 2961 deinde
1138 2907 1213 2960 aliud
1235 2906 1409 2970 miraculum,
1422 2903 1500 2970 quod
1518 2907 1553 2958 2⁹>

220 3040 222 3045 ·
265 3005 390 3070 quamvis
410 3005 509 3058 ordine
529 3007 564 3058 sit
585 3007 706 3069 tertium,
730 3005 863 3073 dignitate
884 3006 970 3060 videri
991 3011 1081 3071 potest
1105 3004 1235 3072 primum.
1259 3004 1374 3068 Quidam
1395 3002 1500 3055 etenim

265 3104 422 3171 homuncio,
436 3105 543 3158 laticem
561 3106 708 3172 aquodam
725 3106 802 3159 ionie
822 3106 936 3159 ebibens
949 3107 1054 3172 absque
1068 3104 1209 3171 signaculo
1229 3103 1340 3169 Christi,
1354 3102 1501 3168 sanguisu-

265 3215 326 3269 gam
338 3203 488 3256 absorbuit.
502 3202 661 3270 Quaojusto
683 3205 728 3258 liei
738 3205 842 3271 judicio
854 3205 939 3257 multa
953 3217 1001 3270 por
1022 3209 1144 3270 tempora
1157 3204 1217 3269 ejus
1238 3203 1366 3255 obtinens
1377 3199 1497 3265 viscera,

266 3301 381 3355 efficitur
401 3305 576 3369 permaxima,
591 3305 720 3372 illiusque
741 3305 871 3358 hauriens
890 3318 1027 3369 cruorem,
1042 3305 1126 3356 totius
1143 3302 1339 3356 imbecillitatis
1360 3300 1390 3352 lit
1403 3312 1499 3353 causa.

266 3402 413 3457 bellciehat
425 3405 560 3471 siquidem
573 3405 601 3457 in
620 3418 652 3458 eo
665 3419 727 3459 curn
740 3404 835 3459 doloro
855 3405 941 3471 rigor,
953 3410 1035 3471 atque
1053 3404 1127 3472 iugis
1150 3403 1250 3458 cotidie
1271 3401 1501 3470 augmentabatur
1519 3407 1554 3456 50

126 3502 210 3578 'cod
267 3484 354 3556 dolor.
368 3504 537 3570 Perquiritur
557 3503 666 3557 interim
680 3505 856 3557 circumcirca
869 3504 903 3556 ah
915 3503 1043 3557 alilnibus
1064 3503 1170 3556 medela
1183 3508 1259 3556 tanto
1273 3501 1400 3569 negotio·
1413 3506 1477 3565 apta
1493 3521 1499 3549 ι

109 3576 226 3636 mmm·
266 3615 321 3669 qua
341 3616 396 3656 non
418 3604 538 3667 inventa,
553 3603 642 3656 altiori
654 3604 768 3657 consilio
777 3603 812 3656 ad
823 3604 897 3657 beati
910 3603 1001 3655 llilarii
1012 3615 1075 3655 eum
1087 3602 1214 3655 deterunt
1223 3602 1301 3653 atria.
1314 3603 1502 3666 introgressus

65 3701 152 3754 'cod
162 3701 242 3753 mala.
263 3701 363 3767 itaque,
374 3713 465 3753 coram
476 3707 571 3753 sancio
583 3701 708 3766 sepulcro
718 3701 907 3768 prosternitur,
917 3700 1095 3765 orationeque
1105 3699 1263 3766 praemissa,
1279 3698 1350 3750 malo
1362 3699 1369 3715 '
1380 3710 1394 3748 a
1407 3710 1436 3749 se
1449 3695 1502 3749 diu

121 3800 204 3877 'cod
264 3800 394 3852 nutritam
408 3801 417 3820 ·
437 3812 566 3852 evomens
578 3801 729 3868 bestiolam,
742 3802 848 3854 cunctis
860 3801 907 3868 qui
925 3801 1040 3854 aderant
1056 3800 1245 3862 cernentibus,
1259 3813 1291 3852 ac
1311 3801 1421 3852 demum
1440 3810 1502 3851 ere·

76 3872 252 3919 'mmmmm'
264 3898 334 3963 ptori
343 3909 394 3950 suo
407 3899 451 3965 pia
464 3899 622 3963 persolvens
636 3899 746 3951 laudum
757 3899 913 3965 praeconia,
923 3899 958 3952 ad
967 3912 1017 3952 sua
1027 3899 1282 3951 revertitur.verum
1294 3897 1422 3964 quoniam
1432 3897 1503 3948 haec
1521 3899 1556 3949 :si

265 3995 398 4049 henedcia
410 4010 425 4050 a
438 4004 534 4050 sancto
554 3997 611 4050 viro
623 3997 792 4063 supplicibus
812 3998 869 4051 suis
882 4010 1013 4051 concessa
1031 4011 1080 4063 per
1100 3995 1207 4050 bomini
1227 3995 1401 4050 clementiam
1424 4007 1502 4047 mon·

266 4096 422 4158 stravimus,
435 4101 518 4148 restat
530 4102 560 4149 ut
572 4109 643 4163 quac
656 4097 776 4162 praemia
788 4096 926 4162 aliquibus
939 4097 967 4148 in
985 4109 1047 4149 sese
1060 4109 1116 4149 non
1129 4096 1157 4148 in
1171 4098 1225 4148 lieo
1239 4094 1386 4148 fidentibus
1398 4093 1505 4158 irroga·

263 4194 333 4246 verit
345 4194 530 4247 revolvamus.
544 4195 629 4260 liujus
641 4207 739 4259 nempe
751 4195 837 4247 sancti
850 4194 983 4259 praesulis
1003 4196 1087 4261 pietas
1101 4199 1131 4246 ut
1144 4207 1255 4260 parcere
1273 4192 1416 4246 consuevit
1433 4191 1503 4243 sub·

65 4296 73 4315 ·
88 4293 132 4346 itu
145 4293 210 4347 cod.
259 4291 332 4349 ditis.
347 4293 382 4343 ita
395 4296 422 4344 et
431 4293 564 4346 rectitudo
577 4294 733 4345 'contraire
745 4292 880 4358 superbis.
891 4293 1008 4346 castello
1021 4293 1105 4359 igitur
1116 4294 1302 4345 laiaevocato
1314 4291 1505 4357 temporaliter

267 4391 379 4458 quidam
392 4392 509 4459 praefuit
528 4392 689 4452 aimericus.
709 4407 765 4446 non
786 4392 890 4445 infimis
901 4399 1033 4460 quantum
1056 4394 1089 4446 ail
1103 4392 1233 4446 mortales
1251 4391 1389 4444 natalibus
1411 4396 1502 4452 ortus,
1523 4392 1559 4441 itt

266 4491 315 4544 sed
327 4497 461 4558 quantum
474 4491 537 4544 linis
548 4492 619 4545 vitae
630 4490 733 4553 docuit,
747 4493 869 4545 moribus
887 4492 955 4545 vixit
966 4498 1110 4559 tyrannus.
1124 4489 1173 4544 llic
1191 4504 1258 4543 sane
1276 4490 1414 4556 quandam
1429 4489 1505 4542 locu·

87 4591 136 4642 oei
146 4591 239 4642 hnusi.
259 4590 357 4654 pletam
381 4596 484 4642 curtem
499 4590 569 4642 beati
589 4591 682 4643 llilarii
702 4590 745 4644 eui
764 4603 896 4644 vocamen
921 4591 1006 4643 Amisi
1020 4593 1039 4655 ·,
1052 4595 1159 4644 vastare
1177 4602 1208 4643 ac
1225 4588 1398 4655 depraedari,
1414 4587 1462 4641 sed
1477 4596 1507 4641 et
