3136 5482
189 290 257 356 392
527 300 653 352 ouran.
672 298 774 350 cono.
793 296 968 348 uuuuoon.
986 295 1067 347 nau.

225 474 360 529 Foliorum
381 475 423 535 tt,
446 470 518 525 rncd.
538 470 606 536 (iere
626 470 837 536 0m‚525><0,ti),
858 466 940 521 lineis
961 466 1059 534 plenis.
1080 466 1155 529 Quae
1175 462 1257 517 modo
1275 461 1389 515 citabimus

190 576 355 629 documenta
367 572 504 638 descripta
516 573 590 635 sunt,
603 569 722 635 primurn
740 570 851 636 quidum
870 580 943 621 saec.
956 568 999 633 xl,
1012 563 1166 619 meandum
1186 561 1386 629 recommonet

190 679 318 743 quartum
330 685 402 725 saec.
416 674 447 724 x.

291 773 326 847 i⁰
345 768 517 871 Epistola
544 768 680 847 domni
711 765 898 845 iohannis
927 784 1051 865 pupae
1080 760 1164 863 {un}
1181 759 1231 838 de
1257 758 1383 837 ueritate

340 893 548 996 purissima
566 891 805 993 apostolatus
823 889 926 967 beati
948 886 1146 975 Martialis,
1162 906 1210 963 eo
1227 881 1323 986 quod
1336 879 1382 957 ille

343 1041 420 1097 non
439 1015 792 1118 pseudoapostolus
810 1023 880 1111 est,
902 1012 1049 1090 directa
1074 1034 1146 1111 per
1172 1006 1380 1111 magniicum

340 1141 520 1219 abbatem
552 1137 780 1218 Odolricum
812 1146 851 1215 et
879 1135 1012 1238 plures
1049 1133 1245 1211 nobilium
1272 1130 1314 1209 ad
1336 1128 1381 1207 de

333 1263 561 1345 struendam
588 1262 880 1341 contentionem
910 1261 991 1339 sive
1009 1258 1204 1337 haeresim
1223 1255 1379 1358 imperito

341 1412 429 1467 rurn
448 1388 625 1467 omniurn
643 1386 720 1488 (iol.
742 1386 881 1485 iil-10¹¹).

226 1524 275 1578 uo.
291 1527 319 1577 r.
333 1527 374 1587 n,
388 1528 454 1577 tom.
468 1523 553 1583 ortu,
565 1536 592 1587 p.
608 1523 726 1574 rtur-rs.

293 1621 330 1697 2⁰
346 1620 431 1697 Vita
448 1617 663 1696 beatissimi
677 1615 882 1695 iustiniani
901 1615 1027 1716 pueri,
1043 1617 1155 1716 cujus
1168 1614 1299 1695 festum
1312 1609 1378 1690 coli·

344 1752 501 1822 turnum
519 1742 594 1818 kal.
617 1741 767 1842 augusti
786 1739 862 1839 (fol.
886 1738 1097 1839 latr-tttn.

229 1880 266 1930 he
279 1878 359 1943 hujus
371 1875 456 1929 sancti
475 1875 638 1928 confessoris
651 1875 763 1927 historia
776 1873 844 1925 nihil
863 1871 965 1926 rescire
977 1878 1125 1939 potuerunt
1136 1875 1253 1940 majoros
1263 1868 1378 1933 nmtnlci.

196 1978 261 2032 rici.
274 1978 331 2045 δῖ,
344 1976 388 2029 ad.
401 1976 428 2028 d.
444 1977 474 2027 to
486 1975 550 2040 tuh,
564 1980 630 2027 tom.
645 1976 685 2039 lv,
698 1989 726 2040 p.
741 1975 807 2039 tut),
827 1987 878 2027 nec
889 1973 954 2026 alibi
967 1974 1074 2039 uspiam
1095 1973 1245 2042 quidquam
1256 1972 1334 2028 deilio
1343 1968 1378 2024 cul·

197 2082 288 2145 gutum
301 2075 481 2142 repperimus,
494 2076 557 2141 Ejus
568 2075 654 2126 Vitam
666 2075 758 2141 itaque
772 2074 816 2125 hic
829 2074 957 2127 exhihere
967 2075 1057 2127 uisum
1069 2077 1118 2127 cst.
1131 2073 1190 2127 Vid.
1202 2072 1312 2141 append

295 2174 334 2252 3ο
352 2173 456 2264 Quae
475 2173 661 2251 miracula
674 2172 785 2273 [iacta
802 2172 890 2273 sint]
908 2180 996 2273 post
1008 2172 1293 2275 translationem
1308 2166 1379 2247 beuti

347 2297 518 2398 almique
538 2297 650 2397 pueri
681 2295 936 2396 confessoris]
954 2295 1161 2374 iustiniani
1180 2297 1220 2374 in
1249 2296 1323 2376 looo
1335 2289 1379 2370 uli

14 2420 99 2475 '⁶⁰d·
111 2420 185 2486 1²¹⁰st
346 2444 488 2523 corpus
502 2425 604 2522 Jacet
621 2422 825 2499 humatum
843 2421 948 2521 *iiol
973 2419 1187 2523 titt-toth.

31 2487 166 2539 humatus.

234 2556 346 2609 inedita.
360 2555 418 2608 vid.
431 2554 555 2621 append.

297 2654 336 2731 4⁰
352 2653 436 2732 Vita
454 2653 575 2731 sancti
594 2651 764 2730 Pardulfi
783 2652 935 2731 abbatis
948 2653 1025 2753 (iol.
1048 2654 1258 2755 tior-146⁹).

231 2783 609 2852 n‹1.ucu.ss.‚auo.ooeu.‚
623 2790 688 2838 tom.
705 2786 750 2850 nr,
763 2799 791 2850 p.
804 2787 907 2838 num.

544 3207 753 3320 Appendix
772 3208 822 3296 ud
843 3209 927 3297 cod.
956 3210 1080 3298 5240.

425 3459 550 3506 virus.
569 3459 758 3506 uusrrnruru
782 3458 886 3507 ruunt
904 3439 986 3529 (Cir.
1006 3463 1119 3528 supra,
1137 3443 1198 3530 2⁰).

240 3628 370 3700 Incipit
384 3630 562 3700 praefatio
588 3629 625 3689 in
649 3630 728 3691 vita
752 3632 957 3695 beatissimi
981 3631 1184 3693 Justtntam
1198 3632 1303 3705 puori,
1315 3629 1391 3703 cuius

199 3746 331 3804 fastum
346 3744 475 3803 colitur
489 3748 592 3804 XVII
607 3748 680 3805 kal.
697 3749 858 3819 augusti.

232 3858 258 3907 1.
272 3856 400 3923 hngcliro
422 3856 532 3909 oraculo
552 3858 664 3923 jubetur
684 3857 817 3913 diuinitus
838 3860 865 3910 in
885 3859 1045 3927 Apocalypsi
1067 3860 1250 3929 evangelistae
1268 3866 1294 3915 et
1310 3855 1398 3927 apostoli

199 3955 304 4008 homini
314 3954 446 4007 iohannis
456 3962 486 4006 ut
496 3956 608 4008 laudum
617 3959 765 4022 praeconia
775 3958 929 4024 persolvant
938 3959 1052 4011 homino
1065 3971 1165 4012 omnes
1175 3963 1247 4014 serui
1256 3963 1321 4029 ejus,
1332 3954 1419 4029 pusilii

199 4060 226 4107 ot
237 4055 338 4121 magni.
351 4055 484 4121 linguato
496 4054 579 4106 enim
590 4057 635 4107 est
649 4056 729 4108 Deus
741 4059 844 4110 noster
858 4058 888 4109 et
903 4055 1076 4111 loatdabilis
1092 4060 1202 4130 niani-s,
1216 4062 1287 4116 sieut
1297 4060 1406 4128 praecinit

202 4166 330 4219 praesaga
342 4152 441 4219 egregii
454 4166 506 4205 vox
519 4153 718 4219 psalmographi
730 4173 738 4221 ;
752 4160 778 4208 et
789 4154 850 4208 idco
863 4155 914 4208 rite
926 4157 1054 4224 congruit
1066 4164 1097 4210 ut
1116 4161 1333 4229 magnitudinem
1344 4160 1410 4227 insiti

201 4252 288 4304 laudis
301 4251 392 4303 cuncti
405 4252 573 4304 unanimiter
583 4251 731 4307 decantent
748 4255 849 4319 populi,
866 4256 956 4308 omnis
973 4262 1051 4309 actas
1069 4264 1097 4311 ct
1117 4261 1211 4313 omnis
1231 4276 1320 4325 sexus,
1342 4262 1416 4315 omnis

202 4352 326 4404 voluntas
339 4356 365 4404 et
378 4351 540 4415 intellectus,
551 4366 661 4406 necnon
672 4361 699 4407 et
708 4356 797 4407 ornnis
815 4356 927 4411 omnino
940 4364 1034 4413 coetus
1052 4362 1267 4415 christianitatis
1279 4364 1308 4418 in
1319 4366 1374 4431 ejus
1383 4374 1419 4415 nc

201 4463 276 4502 cesse
287 4454 327 4502 est
339 4451 443 4503 exultet
454 4451 536 4503 laude
548 4452 708 4520 diuinitatis,
726 4454 822 4507 dicens
835 4470 898 4509 eum
911 4459 1051 4522 spiritibus
1070 4459 1211 4526 angelicis
1224 4478 1233 4515 ι
1257 4464 1363 4521 Gloria
1376 4465 1419 4518 liet

201 4548 234 4600 in
243 4549 408 4603 altissimis
420 4553 449 4603 ct
461 4550 496 4603 iu
509 4553 596 4606 terra
608 4553 650 4606 sit
657 4568 727 4620 pom
739 4553 914 4608 honut'nr'hus
926 4554 1022 4609 honac
1034 4558 1228 4617 saturitatis.
1243 4566 1367 4621 Laudent
1378 4580 1419 4633 erp
