3136 5482
257 324 348 373 aiau.
368 326 650 378 aar.eua1s.—
665 328 819 379 ueram.
839 331 887 379 uo
903 329 981 379 cop.
1001 328 1058 379 ers.
1231 316 1270 380 41

98 494 148 545 bes.
158 493 270 547 Idcirco
279 496 373 547 estote
379 495 500 562 parati,
514 498 549 548 ut
561 495 596 548 in
613 496 674 550 illo
691 497 743 551 die
755 510 826 552 cain
838 502 938 553 oestro
944 502 1041 567 patre
1062 501 1219 569 Eutropio,
1232 503 1275 555 od

67 592 146 655 crpus
154 592 295 645 spleniato
308 593 504 661 convenistis,
516 595 588 648 sitis
599 596 704 650 secari
714 599 744 649 et
755 609 827 650 cam
838 610 872 651 co
884 599 927 650 od
939 598 1114 652 coavivium
1128 603 1274 654 aeternae

67 689 220 744 dulcedinis
226 691 356 758 possitis
368 692 483 746 venire.
500 694 584 752 Quod
596 693 678 747 eoba
686 697 856 762 proestare
866 696 1056 763 depactam...

153 797 183 873 6ο
198 798 280 876 Vita
297 800 418 877 sancti
438 800 614 902 Eutropii
633 801 807 903 episcopi
828 802 906 890 lfol.
931 801 1146 904 tor-llo).

100 922 141 973 Ed.
155 925 209 976 Act.
221 925 278 992 Si,
292 925 365 977 add.
379 928 411 978 27
423 926 494 989 binii,
508 931 574 979 tom.
587 928 629 987 vl,
646 942 672 993 p.
687 929 769 979 toul.
784 930 815 979 ln
836 929 934 980 iisdem
955 928 1045 982 verbis
1067 929 1162 981 mutila
1174 929 1278 983 desinit

71 1021 121 1072 iila
133 1023 154 1072 in
164 1022 248 1075 codice
260 1023 290 1076 iu
303 1025 402 1090 quibus
414 1026 472 1077 iila
485 1025 567 1078 edita.

157 1131 187 1204 l⁰
201 1131 283 1209 tica
300 1132 515 1211 beatissimi
534 1133 655 1210 Rocbi
675 1135 848 1234 episcopi
864 1134 1101 1230 [aeduensis]
1120 1144 1158 1214 et
1177 1159 1278 1214 mar·

195 1256 288 1355 tyris
306 1256 386 1356 (fol.
410 1257 619 1357 litt-lla).

102 1376 151 1428 til.
162 1380 273 1444 append.

528 1525 789 1541 *-

409 1742 618 1854 Appendix
638 1743 687 1829 ad
708 1743 804 1829 cod(
817 1744 911 1832 916.

10 1947 15 2075 ἱ
207 1976 317 2023 russro
333 1976 481 2023 ssucrue
497 1977 662 2024 vacuane
687 1957 768 2045 (Cir.
788 1979 898 2044 supra,
919 1980 950 2045 p.
971 1962 1026 2037 40,
1046 1960 1110 2046 2⁰.)

107 2139 268 2195 1.liaccrero
288 2145 382 2196 civitas
401 2143 592 2210 anitquissima
610 2143 700 2197 iuerat
720 2145 829 2198 condita
842 2159 857 2199 a
870 2160 933 2214 rege
953 2145 1107 2211 Lemovico,
1122 2161 1155 2199 ex
1172 2160 1275 2216 genere

79 2237 175 2303 prcoles
189 2250 256 2294 etex
277 2244 389 2296 nomine
409 2256 459 2296 suo
479 2249 573 2296 vocata
592 2244 761 2308 temporibus
782 2243 910 2297 Pammae
932 2246 1001 2312 regis
1014 2247 1022 2263 ·
1034 2247 1205 2313 Assyriorum
1218 2247 1276 2299 sive
1295 2263 1472 2330 ·004‚,0310‚

81 2336 176 2390 mauis
189 2343 386 2408 Aegyptiorum,
407 2356 461 2408 quo
484 2346 604 2408 tempore
625 2342 735 2395 Gedeon
748 2345 756 2362 ⁰
766 2343 906 2409 judicabat
927 2344 1075 2408 Hebraeos,
1093 2350 1156 2410 post
1170 2345 1276 2398 bebora
1331 2368 1416 2421 m,

82 2438 104 2483 et
119 2435 183 2491 barac
199 2441 313 2506 judices,
336 2443 382 2507 qui
403 2441 578 2507 praefuerant
599 2442 728 2494 Hebraeis
749 2443 829 2494 annis
850 2455 894 2494 xu.
914 2444 1013 2495 beatus
1033 2444 1125 2509 itaque
1147 2443 1276 2496 Martialis
1316 2433 1435 2487 Gedesso·

49 2530 165 2593 stupea
175 2539 283 2593 bomine
295 2539 359 2591 illuc
380 2541 555 2605 perveniens,
569 2541 738 2593 salutiferam
759 2541 867 2606 publice
887 2542 1014 2594 omnibus
1035 2541 1127 2607 coepit
1147 2542 1276 2595 exhibere

79 2626 207 2699 micinam,
220 2645 247 2689 et
259 2651 308 2702 per
320 2639 380 2703 eius
392 2638 624 2704 praedicationem
645 2653 676 2692 ac
698 2640 829 2692 miracula
841 2640 1005 2692 venerabilis
1022 2642 1147 2692 Susanna
1161 2639 1277 2692 credidit

79 2739 127 2778 turn
139 2733 205 2787 arici
225 2736 279 2790 tilia
298 2752 348 2790 sua
368 2738 483 2790 Valeria.
498 2741 568 2802 Quas
589 2740 671 2791 etiam
690 2739 831 2804 baptizans
852 2739 898 2791 bei
920 2737 1043 2802 antistes,
1057 2740 1144 2792 oravit
1165 2752 1215 2805 pro
1237 2741 1278 2792 eis

80 2825 201 2900 bairum,
214 2842 241 2888 et
253 2837 372 2903 repletae
384 2844 448 2890 sunt
459 2838 555 2890 ambae
567 2839 669 2903 Spiritu
682 2843 777 2891 sancto
789 2857 796 2904 ;
809 2850 961 2905 omnesque
981 2840 1027 2905 qui
1042 2838 1069 2891 in
1083 2838 1165 2892 domo
1178 2842 1279 2892 Susan-

80 2935 119 2975 nae
128 2940 191 2984 cant
201 2936 341 2987 christiani
354 2936 415 2988 lacti
436 2944 511 2989 sunt.
523 2938 556 2988 Et
568 2938 596 2988 in
609 2935 790 3003 sequentibus
802 2937 900 2990 diebus
918 2950 1016 2989 omnes
1028 2950 1043 2990 a
1057 2938 1172 2990 minimo
1192 2950 1279 3005 usque
1370 2958 1373 2963 ·

37 3018 65 3069 ¹⁰
78 3020 237 3085 idmaamum
249 3035 296 3101 qui
312 3033 341 3088 in
353 3035 449 3088 cadem
462 3037 569 3088 civitate
585 3041 665 3088 erant
684 3037 711 3087 in
729 3037 875 3088 bominum
897 3036 1085 3101 crediderunt,
1107 3043 1134 3089 et
1150 3037 1280 3103 baptizati

78 3130 132 3187 sunt,
142 3135 164 3180 et
173 3140 265 3186 cuncta
278 3134 414 3187 idolorum
428 3136 534 3188 maenia
546 3143 573 3188 et
586 3134 685 3202 figuras
702 3135 855 3187 diruerunt.
869 3136 947 3202 Virgo
968 3148 1033 3188 vero
1050 3134 1156 3188 Valeria
1177 3135 1277 3189 cotidie

78 3223 123 3286 iius
131 3231 356 3298 praedicationem,
367 3235 425 3299 ejus
439 3234 650 3287 celebrationem
658 3234 784 3299 audiens,
795 3239 823 3287 et
835 3248 918 3299 super
930 3234 1141 3301 omncsgradus
1154 3234 1277 3287 bdelium

77 3324 181 3382 exoeberc
191 3333 372 3399 virginitatem
384 3345 563 3399 cognoscens.
576 3340 637 3399 post
650 3333 754 3385 obitum
768 3331 864 3385 aratris
877 3346 943 3385 suae
957 3333 1123 3385 venerabilis
1135 3335 1277 3385 susannae

78 3421 271 3495 abiciendam,
285 3438 347 3484 voto
359 3444 389 3484 se
402 3432 563 3484 constrinxit
576 3431 692 3484 bomino
707 3432 842 3500 virginem
854 3445 1075 3497 permansuram.

36 3517 63 3568 ts
99 3520 125 3572 2.
138 3527 185 3588 Quo
197 3535 319 3596 tempore
331 3543 449 3595 sponsus
462 3532 521 3596 ejus
534 3532 588 3583 dux
602 3532 757 3596 Stephanus
768 3537 844 3583 trans
853 3529 970 3598 Ligerim
984 3532 1172 3596 etchuanam
1183 3537 1279 3585 contra

73 3616 243 3695 banasam
256 3627 387 3681 Romanis
400 3627 578 3693 rebellabant,
591 3642 654 3680 cum
676 3629 799 3681 exercitu
822 3632 1002 3694 processerat.
1018 3627 1094 3680 Unde
1116 3629 1231 3695 contigit
1249 3634 1279 3681 ut

73 3720 126 3773 nibil
134 3724 221 3779 bomrn
233 3740 305 3794 quae
317 3728 390 3780 circa
402 3728 612 3780 sacratissimam
625 3727 759 3795 virginem
773 3729 818 3779 bei
836 3728 922 3794 gratia
935 3741 985 3792 per
997 3727 1108 3780 beatam
1127 3726 1277 3780 llartialem

69 3819 252 3892 taeatoperata
272 3839 438 3893 cognoscere
450 3827 589 3893 quivisset.
603 3828 738 3879 Reversus
758 3839 823 3878 vero
841 3827 927 3879 victor
940 3839 956 3878 a
969 3826 1095 3879 barbaris
1113 3827 1276 3879 Germaniae

66 3921 174 3988 regionis,
186 3924 297 3978 devenit
309 3938 373 3977 cum
385 3937 483 3992 magno
503 3924 625 3976 exercitu
645 3923 826 3989 Lemovicum,
839 3925 955 3990 cupiens
978 3924 1030 3976 sibi
1043 3924 1179 3977 valeriam
1198 3937 1278 3989 spon·

23 4016 319 4093 tisamcumdignitate
340 4024 484 4090 principali
506 4022 536 4076 in
557 4022 736 4076 matrimonio
759 4024 873 4077 sociare.
887 4023 941 4076 Sed
962 4038 1024 4078 cum
1045 4024 1127 4077 velox
1147 4024 1221 4077 lama
1243 4023 1278 4076 ad

10 4164 12 4175 .
57 4134 127 4173 auras
144 4125 200 4189 ejus
221 4123 396 4190 pervenisset
415 4122 489 4189 quod
508 4122 612 4175 valeria
634 4135 690 4174 non
712 4122 764 4174 sibi
787 4120 924 4176 sociatura
948 4136 1012 4175 eum
1031 4127 1113 4187 esset,
1129 4122 1195 4189 quia
1216 4123 1279 4188 plus

53 4220 130 4274 alium
140 4236 269 4289 sponsum
282 4220 420 4289 diligeret,
432 4222 586 4287 Stephanus
599 4221 656 4275 dux
668 4219 755 4274 nimio
769 4221 862 4274 lurore
875 4227 1025 4287 permotus,
1036 4235 1099 4274 cum
1111 4221 1277 4274 satellitibus

49 4323 102 4376 atis
112 4324 183 4375 venit
192 4323 227 4376 ad
238 4323 355 4376 domum
367 4320 458 4386 palatii
471 4322 500 4372 in
513 4333 568 4387 qua
580 4325 638 4373 erat
649 4321 729 4373 beata
743 4321 832 4387 virgo;
850 4319 898 4373 ubi
912 4321 970 4386 ipsa
989 4320 1087 4373 diebus
1099 4324 1127 4372 et
1152 4321 1280 4375 noctibus

46 4421 208 4478 orationibus
228 4421 353 4476 instabat
364 4425 392 4472 et
403 4420 530 4473 laudibus
542 4419 641 4472 Christi
654 4420 776 4485 vacabat,
791 4420 819 4471 in
837 4419 935 4487 vigiliis
953 4433 985 4472 ac
995 4419 1108 4485 jejuniis
1121 4421 1278 4487 ceterisque

10 4523 117 4584 sbonis
132 4523 269 4589 operibus,
282 4519 388 4588 quibus
400 4526 514 4573 ornatur
532 4519 616 4572 decus
634 4518 807 4586 virginitatis,
821 4531 932 4584 operam
954 4518 1020 4570 dare
1042 4517 1122 4571 solita
1139 4524 1209 4572 erat.
1223 4522 1275 4573 l‘ro

35 4627 210 4692 ipsoquoque
223 4632 333 4690 sponso
346 4630 407 4684 suo,
420 4622 449 4670 ut
461 4630 477 4669 a
488 4618 569 4670 beato
587 4616 708 4670 llartiale
727 4617 803 4682 jussa
825 4616 923 4681 iuerat,
939 4616 1093 4683 postulabat
1110 4618 1196 4670 baum
1214 4617 1275 4671 sinc
