3136 5482
303 368 394 420 emt..
414 367 635 421 manemus.
654 390 700 401 —
715 369 870 420 sernum.
889 370 936 420 an
953 369 1030 420 con.
1049 368 1125 420 sato.
1264 356 1327 421 401

138 537 285 603 putationis
298 537 375 605 ordo,
389 551 475 591 senex
487 538 614 592 videlicet
625 543 707 606 atque
728 552 806 605 puer,
828 539 952 605 ephebus
966 538 1022 593 sive
1041 539 1221 609 plumigeram
1233 540 1330 593 faciem

138 648 211 699 rens,
223 635 393 703 mixtumque
406 636 503 703 vulgus
515 637 544 689 in
556 641 674 703 utroque
688 650 764 702 sexu,
779 638 808 688 in
826 636 937 691 laudum
949 650 1060 704 operam
1073 636 1206 704 vertitur3
1221 642 1330 704 totaque

140 732 260 787 ndiualis
273 736 420 802 negotiatio
432 736 592 802 quaestibus
604 735 749 799 absistens,
763 736 792 788 in
804 734 861 790 sola
874 741 997 790 votorum
1010 737 1196 791 celebratione
1205 738 1331 790 immora-

138 845 155 885 r.
168 833 354 887 Jmtinianum
375 847 440 888 vero
452 847 547 888 sacrae
568 847 600 886 ac
612 835 807 888 memorandae
816 835 937 901 justitiae
957 836 1089 890 cultorem
1103 849 1166 890 vere
1181 835 1262 904 digne
1281 847 1329 902 pro

138 933 203 985 tritis
215 932 382 1000 praedicant,
396 935 432 988 ob
444 936 522 1001 cujus
539 933 657 1002 gloriosa
671 935 766 988 merita
780 934 894 989 caelitus
915 935 979 990 talia
992 941 1166 1002 praestantur
1183 935 1325 989 miracula.

140 1031 230 1085 ilicet
242 1034 394 1100 puerilibus
415 1035 505 1089 adhuc
517 1035 671 1101 pubescens
691 1032 772 1086 annis
796 1033 958 1087 caelestibus
977 1034 1006 1086 in
1027 1037 1113 1088 morte
1138 1033 1331 1087 decumbendo

138 1135 236 1184 teratur
247 1131 363 1199 gaudiis,
377 1146 426 1199 pro
445 1147 568 1187 summae
580 1133 729 1187 sanctitatis
747 1133 861 1200 apostoli
874 1135 883 1152 '
899 1132 1051 1202 Martialis]
1071 1133 1175 1186 meritis
1196 1132 1328 1186 virtutum
1379 1151 1468 1205 wod,

138 1241 191 1281 nen
211 1229 357 1283 decoratur
377 1230 593 1296 incrementis,a
614 1243 668 1298 quo
689 1231 816 1285 salutaris
836 1233 906 1286 vitae
915 1233 973 1298 jam
993 1231 1098 1285 dudum
1111 1232 1202 1284 hausit
1214 1230 1288 1284 dona
1300 1230 1328 1282 in
1354 1217 1503 1283 ³b0⁵l0111⁵·

138 1331 175 1379 lte
195 1328 373 1395 baptismatis.
386 1330 521 1396 spiritalis
541 1330 616 1383 enim
629 1334 706 1397 pater
727 1329 813 1384 lilium
831 1331 979 1398 spiritalem
999 1330 1132 1399 genitrice
1144 1330 1217 1383 unda
1240 1326 1329 1396 partu·

138 1427 172 1493 it,
185 1441 266 1493 quern
288 1428 407 1496 denique
428 1442 549 1497 superna
569 1429 763 1483 benedictione
783 1435 973 1484 consecratum
989 1431 1065 1483 omni
1087 1428 1216 1495 spurcitie
1229 1428 1329 1481 veteris

138 1527 215 1594 ntagii
227 1526 378 1580 immunem
392 1529 584 1594 praeveniente
606 1533 692 1582 morte
705 1529 777 1582 inter
788 1530 919 1584 caelestes
939 1530 1067 1583 concives
1087 1528 1195 1582 locavit.
1210 1526 1330 1581 contulit

138 1627 238 1679 nocenti
250 1627 384 1692 pueritiae
406 1640 472 1680 suae
494 1627 612 1680 sublime
629 1627 781 1684 sanctitatis
798 1627 909 1680 culmen
927 1628 1057 1694 perfectio
1075 1625 1263 1693 regenerantis
1284 1636 1328 1690 pa·

138 1723 188 1788 tris,
201 1736 353 1791 perquem,
367 1723 490 1791 deposita
502 1725 602 1778 veteris
614 1725 736 1778 hominis
748 1728 863 1794 macula,
877 1727 956 1780 ilium
969 1741 1069 1782 novum
1083 1725 1225 1781 hominem
1237 1723 1330 1779 indue

138 1825 195 1889 tqui
208 1824 360 1878 secundum
381 1828 466 1879 licum
478 1830 585 1879 creatus
598 1830 640 1878 est
659 1825 687 1878 in
701 1828 776 1880 omni
798 1827 968 1894 plenitudine
979 1827 1098 1881 deitatis.
1112 1828 1172 1880 lton
1190 1826 1265 1879 enim
1277 1825 1329 1877 dis·

139 1930 193 1988 epat
212 1925 268 1978 ulla
289 1925 318 1979 in
338 1925 442 1980 christo
464 1931 548 1992 aetas,
569 1926 616 1993 qui
638 1927 719 1981 etiam
742 1926 860 1996 vagienti
883 1927 1019 1981 aetatulae
1042 1925 1182 1980 deservire
1206 1924 1330 1991 promisit

138 2024 323 2078 aestimabilem
343 2037 409 2078 suae
430 2024 580 2078 divinitatis
601 2025 800 2080 excellentiam.
814 2026 911 2079 Omnia
931 2025 1052 2092 profecto
1067 2035 1257 2092 quaecumque
1270 2022 1328 2076 vult

138 2123 226 2176 minus
246 2123 310 2176 facit
331 2125 359 2176 in
380 2125 455 2178 caelo
467 2130 495 2178 et
516 2125 632 2178 interra
653 2130 680 2178 ct
692 2125 722 2177 in
744 2125 871 2179 omnibus
892 2124 1006 2192 abyssis.
1020 2123 1096 2176 illius
1117 2126 1185 2174 nutu
1198 2121 1326 2174 universa

138 2227 289 2289 sponuntur,
302 2223 503 2290 imperiumque
521 2223 644 2290 jubentis
665 2225 712 2277 liei
733 2237 908 2291 quocumque
925 2223 1039 2290 iubetur
1056 2221 1146 2275 omnis
1159 2232 1251 2272 rerum
1265 2219 1328 2271 sub·

138 2322 196 2374 tutia
207 2335 295 2388 prona
315 2324 448 2391 sequitur.
463 2324 546 2391 Erigit
567 2325 696 2389 humiles,
710 2324 822 2390 deponit
840 2322 982 2385 sublimes,
1003 2334 1035 2373 ac
1052 2318 1166 2373 nemine
1183 2318 1328 2371 resistente

154 2421 281 2474 universis
300 2427 477 2488 prosperatur
497 2422 645 2476 voluntatis
659 2424 719 2489 ejus
740 2422 860 2476 effectus.
874 2422 939 2488 Ejus
960 2421 1052 2488 itaque
1072 2417 1187 2485 provida
1206 2416 1329 2470 bonitate

138 2524 227 2572 rtutum
245 2522 424 2575 incrementis
436 2523 510 2576 beati
522 2523 667 2575 iustiniani
689 2521 807 2576 adoleuit
818 2522 946 2588 pueritia,
965 2532 1047 2588 quem
1060 2532 1109 2585 per
1120 2518 1208 2570 virum
1221 2520 1326 2582 aposto·

138 2620 276 2674 tumvoluit
294 2620 433 2686 quondam
455 2622 605 2674 sanctitatis
626 2622 712 2688 gratia
733 2622 829 2674 imbui.
843 2624 918 2674 Tunc
937 2620 1049 2686 quidem
1071 2617 1200 2684 antiquae
1221 2616 1327 2681 abjecto
1373 2629 1377 2638 ·

139 2717 188 2785 olis,
203 2719 365 2774 caelestibus
377 2732 439 2773 eum
459 2720 599 2773 innovavit
619 2720 791 2786 rudimentis,
810 2734 892 2788 quem
913 2719 1088 2786 postmodum
1104 2717 1186 2770 veluti
1206 2715 1235 2767 in
1246 2727 1326 2782 ange-

138 2814 164 2866 tis
174 2817 240 2872 albis
251 2823 315 2871 ante
328 2819 483 2886 quampiam
500 2820 617 2873 carnalis
633 2819 823 2873 immunditiae
842 2818 952 2873 sordem
970 2817 1107 2872 stelliferis
1124 2813 1327 2868 immaculatum
1360 2829 1364 2835 ·

138 2909 211 2969 imisit
222 2919 250 2970 in
264 2918 379 2985 palatiis.
393 2918 511 2984 Simplex
523 2917 682 2972 innocentia
695 2920 802 2973 futurae
817 2918 965 2971 senectutis
978 2917 1104 2969 meritum
1118 2927 1174 2968 non
1187 2912 1285 2980 perdit,
1299 2913 1327 2964 in

138 2999 195 3068 nero
213 3028 329 3082 corpore
351 3028 466 3069 manens
487 3017 640 3082 perspicua.
653 3018 681 3068 Si
701 3017 776 3070 enirn
794 3017 883 3082 iustus
904 3019 1118 3082 praeoccupatus
1138 3012 1221 3066 luerit
1241 3014 1327 3064 morte

138 3115 295 3181 tercedente,
308 3115 337 3167 in
350 3115 490 3183 refrigerio
506 3115 678 3180 permanebit
690 3120 848 3182 perpetuus,
863 3127 913 3168 nec
935 3114 1007 3180 perit
1026 3113 1055 3165 in
1075 3112 1190 3178 juvenili
1212 3121 1328 3177 corpore

138 3214 250 3267 aemium
263 3213 408 3280 mercedis,
421 3227 484 3266 cum
497 3213 550 3267 vita
567 3213 741 3267 immaculata
762 3215 895 3266 habeatur
917 3217 991 3267 aetas
1012 3211 1168 3265 senectutis.
1182 3211 1225 3263 Sic
1246 3210 1328 3277 igitur

138 3314 271 3367 tnemndus
282 3314 423 3368 confessor
433 3314 612 3381 lastinianus,
627 3327 690 3366 eum
702 3316 711 3333 ·
723 3312 909 3367 sanctificante
926 3314 1006 3367 heato
1024 3311 1144 3366 lfartialc
1156 3312 1215 3364 viro
1234 3315 1327 3363 sancto

138 3413 256 3480 ostohco,
264 3411 385 3466 mundus
397 3413 431 3466 ab
444 3413 518 3466 omni
530 3414 629 3467 veteris
641 3413 741 3480 piaculi
753 3414 864 3468 luvione
881 3412 1003 3480 effectus,
1016 3412 1198 3466 candentibus
1213 3412 1283 3465 rosis
1301 3416 1329 3464 et

138 3505 168 3560 iis
177 3515 254 3579 atque
267 3511 329 3565 niue
339 3511 493 3578 candidior,
506 3512 621 3566 homino
634 3519 748 3567 vocante
761 3512 876 3567 mortale
887 3513 1004 3566 excessit
1016 3525 1115 3578 corpus
1127 3517 1272 3578 portasque
1284 3525 1328 3564 su·

138 3615 202 3663 linae
214 3611 394 3675 hierusalem,
405 3624 473 3677 quas
485 3624 566 3665 nemo
579 3611 738 3665 immundus
750 3625 841 3680 neque
850 3611 1060 3665 incircumcisus
1072 3611 1178 3678 transit,
1188 3610 1330 3679 impolluto

138 3708 207 3762 amite
218 3707 382 3777 ingreditur,
393 3709 520 3777 vitaeque
529 3711 709 3777 sanctitatem,
720 3725 803 3779 quam
814 3712 858 3766 hic
868 3711 983 3765 bomino
993 3712 1124 3780 largiente
1135 3711 1264 3777 suscepit,
1275 3711 1330 3764 illic

138 3806 205 3862 tinet
215 3808 425 3863 fructificantem
437 3811 466 3863 in
479 3810 626 3864 multarum
638 3811 769 3865 uinctum
782 3813 959 3878 profectibus.
973 3815 1005 3864 Et
1014 3812 1078 3880 quia
1089 3812 1247 3879 prophetico
1259 3811 1331 3864 testi-

138 3906 193 3961 onio
202 3907 355 3961 mirabilem
365 3910 449 3962 iteum
459 3921 519 3962 esse
530 3909 558 3962 in
568 3909 669 3962 sanctis
678 3911 946 3978 suisoomprobatur,
956 3923 1065 3977 semper
1077 3910 1123 3963 tali
1132 3909 1331 3963 deliberatione

138 4005 352 4073 unctaquaefacit
363 4006 421 4072 ipse
441 4007 603 4060 mirabiliter
624 4007 792 4074 moderatur,
814 4013 844 4061 ut
861 4009 971 4075 publica
986 4007 1067 4062 laude
1086 4007 1247 4062 benedictus
1260 4010 1331 4061 lteus

138 4115 157 4153 er
166 4105 270 4158 saecula
282 4105 465 4171 praedicetur.

138 4201 168 4253 4.
179 4204 258 4256 ηοω
269 4202 338 4256 alia
349 4202 518 4257 miracula.
530 4230 565 4244 -
574 4207 634 4259 lton
647 4206 733 4260 multo
745 4211 806 4272 post
823 4212 946 4273 tempore
958 4219 991 4259 ex
1005 4205 1123 4259 decretis
1135 4205 1325 4271 episcoporum

138 4309 316 4356 uceterorum
328 4304 375 4356 liei
387 4303 524 4357 Ecclesiae
541 4309 677 4357 rectorum
696 4304 769 4371 apud
786 4306 960 4359 Lemovicum
981 4306 1060 4358 statui
1081 4304 1227 4358 concilium
1247 4316 1327 4372 gene·

138 4396 194 4454 liter
205 4402 343 4469 convenit,
356 4400 391 4454 ad
403 4401 478 4468 quod
490 4401 572 4455 etiam
584 4414 619 4454 ex
638 4402 754 4457 diuersis
766 4404 877 4457 urbium
889 4404 1013 4470 partibus
1033 4408 1190 4456 sanctorum
1203 4401 1330 4470 religiosa

138 4511 215 4566 mora
238 4500 337 4554 adduci
358 4502 554 4555 incommune
576 4502 694 4569 placuit3
716 4503 810 4571 sicque
833 4504 974 4558 memorati
993 4502 1158 4557 confessoris
1183 4502 1328 4556 iustiniani

138 4606 278 4654 tramenta
287 4600 335 4653 illo
347 4600 448 4654 deferri
461 4603 663 4668 conuentuique
682 4603 871 4668 hujuscemodi
888 4603 1021 4656 interesse
1039 4602 1194 4656 senioribus
1206 4599 1330 4668 ejusdcm

138 4708 230 4754 mrsu.
242 4709 333 4754 ants.
347 4710 372 4752 r.
389 4710 408 4753 1.
1265 4704 1299 4757 ff
