3136 5482
210 313 273 383 190
550 331 676 383 11111.
695 332 796 383 conn.
815 331 987 383 ulorocrt.
1006 331 1088 383 111.

40 519 109 582 pm,
122 516 174 577 m]
401 504 1159 572 Eripienc‚rabucioncutictiontoerort'bueopens.

342 604 398 657 vt.
432 604 552 659 Tandem
565 605 701 671 praetatus
714 603 887 671 perpendens
899 604 945 657 ille
957 609 1090 671 tyrannus

402 706 477 767 Quod
488 710 618 761 maneant
629 706 734 760 ductes
744 709 830 761 sancti
847 719 973 761 maerore
984 712 1122 769 carentes,

401 804 533 871 Quodque
544 805 635 861 ierant
644 804 726 861 lrilari
738 806 817 861 vultu
827 806 922 875 ptaqas
932 805 1067 871 ferientis,

400 906 453 957 itcc
465 905 571 970 possint
582 905 671 974 subigi
683 906 814 960 certando
826 917 878 959 nec
889 907 1022 973 superari,

401 1003 502 1056 indixit
510 1005 618 1070 jussum
632 1004 696 1058 velli
709 1005 861 1059 cervicibus
873 1007 973 1059 nomm

399 1103 460 1163 ora,
473 1101 680 1167 perhorrendae
692 1116 749 1158 non
762 1104 878 1158 horrens
890 1103 1008 1157 clausus
1019 1100 1177 1172 1111111111.

400 1200 554 1266 Martyrium
568 1206 666 1255 nactus
677 1202 832 1270 christique
841 1202 982 1269 juvamine
994 1206 1110 1268 mactus,

399 1301 432 1352 tlt
442 1299 527 1354 decus
540 1307 581 1354 cst
593 1302 709 1369 palmae,
723 1304 772 1370 sic,
785 1308 898 1370 martyr,
912 1302 1030 1369 proiicis,
1044 1303 1128 1357 alme.

398 1400 542 1466 conquam
554 1401 676 1468 martyrii
685 1401 857 1456 desudarunt
869 1406 909 1456 tot
921 1414 1032 1469 agones,

400 1497 502 1551 Felices
514 1500 631 1567 animae,
644 1501 748 1555 carnali
761 1501 820 1569 lege
832 1502 946 1563 solutae,

397 1598 559 1651 Sanctorum
572 1600 666 1653 nitidis
678 1602 818 1654 sociantur
829 1601 858 1653 in
871 1601 964 1654 aethre
976 1599 1096 1654 choreis.

332 1696 403 1748 vit.
439 1697 543 1757 Quanta
556 1698 656 1751 laetitia
669 1705 735 1752 tunc
747 1704 842 1753 assunt
854 1699 962 1766 agmina
974 1704 1079 1764 sancta,

395 1794 607 1859 Quadricenteni
620 1800 668 1852 sed
680 1804 707 1853 et
718 1799 822 1854 undeni
834 1806 933 1867 quater
945 1799 984 1852 illi

400 1895 471 1957 Quos
485 1895 649 1962 praemisere
661 1899 714 1950 sibi
726 1899 795 1952 caeli
807 1899 880 1953 dona
892 1911 1000 1965 parare.

399 1992 480 2045 Obvia
492 1996 566 2047 vonit
576 2008 662 2049 ovans
673 1997 793 2050 dominis
804 1999 871 2051 naec
883 1998 963 2050 turba
975 1997 1118 2059 clientum,

398 2092 595 2160 superiorisque
607 2096 707 2149 chorus
719 2109 806 2149 cuneo
819 2096 952 2164 processit
963 2095 1062 2162 berili;

396 2191 494 2257 sicque
507 2206 687 2259 supernorum
702 2202 877 2262 penetrantes
889 2208 971 2263 regna
984 2195 1122 2261 polorum,

396 2290 506 2358 Singula
518 2292 590 2346 dona
602 2307 667 2348 suae
678 2308 741 2349 mox
753 2308 898 2364 suscepere
910 2307 1029 2349 somnae

395 2391 516 2459 Egregiis
528 2393 656 2447 manibus
669 2395 839 2449 retributoris
851 2395 903 2449 sibi
915 2397 990 2449 iesu.

394 2490 496 2542 cuncta
508 2492 590 2546 simul
602 2493 718 2561 donans,
728 2494 808 2548 datur
820 2495 862 2548 tris
874 2494 1004 2548 denarius
1015 2494 1062 2547 illc

394 2587 485 2654 lleque
496 2592 542 2656 qui
555 2592 647 2646 tardos
659 2593 788 2647 conducit
798 2598 829 2647 ut
839 2595 941 2660 optime
953 2594 1067 2661 primos,

392 2688 543 2743 liercedem
555 2690 625 2745 dans
637 2693 679 2745 iris
690 2694 861 2759 promissam,
875 2706 957 2761 quam
969 2691 1016 2746 dat
1027 2697 1055 2747 ct
1066 2691 1139 2758 illis3

394 2787 481 2852 Atque
493 2789 544 2840 sub
557 2795 651 2843 aurata
663 2793 865 2858 requiescentes
878 2793 964 2845 Patris
976 2802 1034 2855 ara,

394 2887 459 2938 ture
471 2886 562 2940 lemni
574 2889 613 2943 illi
626 2892 781 2945 modulatae
793 2895 941 2959 pneumata
953 2888 1053 2943 laudis.

398 2984 428 3034 iit
439 2986 569 3049 quoniam
582 2990 670 3055 primo
685 2991 837 3043 retulerunt
850 2988 904 3056 ipsi
915 2989 1052 3043 habitacio

399 3084 453 3135 iioc
466 3086 577 3151 mundo,
591 3086 653 3142 dico
666 3102 721 3141 non
734 3090 872 3142 hircorum
885 3093 932 3142 aut
945 3089 1095 3141 vitulorum

404 3185 479 3241 Liba.
493 3185 541 3238 sed
554 3186 628 3252 ipsos
642 3202 681 3256 se,
695 3202 743 3242 sua
757 3202 871 3255 corpora
884 3188 988 3242 scilicet
1000 3188 1082 3253 alma,

398 3288 494 3338 Sancta
508 3288 617 3352 dicoque
630 3287 741 3352 placens
754 3294 784 3341 ut
796 3286 852 3341 sint
864 3300 895 3340 ac
912 3288 999 3340 nostia
1012 3287 1119 3347 visens,

397 3384 555 3438 Sacrificant
567 3387 604 3439 ibi
617 3400 692 3440 nunc
701 3388 788 3453 jubilo
800 3388 953 3455 gratissima
965 3384 1079 3440 laudum

398 3484 493 3535 lientls
505 3490 532 3537 et
543 3484 641 3537 ellectu
654 3487 809 3554 tymiamata
827 3498 936 3552 semper
947 3489 1070 3548 ovantes,

397 3581 587 3636 praestolando
598 3582 673 3636 dicm
684 3573 840 3650 uenturum,
854 3584 976 3637 vestibus
988 3582 1059 3635 alitis

397 3680 528 3733 carrdoris
539 3683 640 3749 gemini
652 3695 708 3750 quo
721 3684 901 3737 collaetentur
911 3683 1012 3749 amicti,

393 3782 429 3834 be
441 3794 494 3846 qua
507 3783 661 3851 spermilngi
675 3784 775 3837 clamat
786 3786 922 3837 sententia
937 3782 1010 3836 Pauli
1025 3798 1032 3834 :

392 3880 455 3933 Hoc
466 3881 670 3948 corruptibile
681 3885 755 3937 tunc
768 3882 964 3951 incorruptio
975 3881 1039 3950 fiet,

390 3978 426 4031 Et
437 3991 511 4033 carc
523 3982 668 4034 mortalis
680 3983 810 4035 mortali
823 3984 886 4050 iepe
897 3979 1023 4036 carebit.

395 4079 489 4143 Dicito,
502 4079 659 4145 pandectes,
671 4083 764 4149 isaias,
777 4082 871 4148 dicito,
884 4086 970 4145 vates,

393 4181 469 4231 Tunc
481 4178 545 4244 quid
559 4181 611 4232 erit
623 4181 725 4234 sanctis
737 4194 800 4234 cum
812 4181 918 4234 venerit
930 4179 1031 4233 arbiter
1042 4180 1119 4233 orbis

391 4279 421 4329 ln
433 4277 530 4330 tellure
542 4292 591 4331 sua
603 4290 674 4345 quae
687 4284 788 4344 perstat
803 4278 968 4346 perpetualis
980 4282 992 4330 t

391 4377 480 4427 sancti
493 4375 638 4442 dupliciter
648 4377 701 4429 sibi
715 4377 865 4443 percipient
877 4378 948 4431 bona
961 4382 1085 4430 ovanter.

390 4478 410 4526 0
427 4487 498 4541 quac
511 4480 667 4529 sanctorum
680 4476 845 4530 commercia
858 4477 1073 4530 christicolarum
1087 4480 1094 4530 l

390 4574 461 4626 talis
472 4575 623 4628 amicorum
635 4576 736 4627 (11111111
749 4588 821 4628 mers
836 4576 1100 4641 percutientem,
