3156 5452
251 334 344 386 amn.
363 333 446 385 avar.
466 329 646 384 11111.-
661 329 815 384 11111111).
834 332 882 384 uo
899 333 976 385 coo.
995 332 1072 385 5291.
1235 321 1303 389 545

64 504 179 558 orbatus
199 503 281 557 unico
303 503 379 556 venit
396 501 451 556 dux
469 503 574 566 ilalmo,
596 515 678 570 quern
692 502 871 569 consequitur
883 516 954 556 uxor
967 515 1015 556 sua
1028 504 1174 571 omnisque
1187 506 1300 574 familia,

64 603 96 656 in
108 603 246 670 sepultura
259 601 308 655 tilii
317 601 437 655 defuncti
451 601 536 654 multa
548 600 677 654 deferens
689 599 834 654 luminaria
844 614 996 666 cereorum,
1007 602 1108 654 rescire
1118 615 1167 668 per
1180 605 1300 671 seipsum

65 701 231 768 quantocius
250 700 410 755 desiderans
430 700 549 768 qualiter
569 702 639 753 beas
660 700 701 752 sui
723 700 879 753 exaudisset
898 706 959 754 vota
972 701 1065 754 fursei
1079 699 1240 756 fidelissimi.
1252 705 1301 767 Qui

10 801 14 808 '
65 797 154 852 fllium
162 800 220 865 jam
239 799 311 852 vitae
324 797 461 852 redditum
473 803 501 852 et
514 797 652 865 insperato
665 799 810 852 bominum
823 796 980 854 laudantem
992 813 1056 852 curn
1065 801 1145 853 beato
1156 801 1214 855 viro
1224 815 1301 868 repe-

30 900 49 952 5
66 898 152 964 riens,
164 897 292 953 laudibus
309 910 405 951 eorum
418 911 447 951 se
459 898 583 963 associat,
594 897 852 966 sanctissimumque
864 898 954 952 virum
967 899 1059 952 multis
1072 901 1220 968 gratiarum
1232 903 1303 955 voci·

65 998 119 1052 bus
130 998 246 1064 intonat,
259 997 389 1064 quoniam
401 997 533 1063 pristinae
543 997 614 1051 vitae
624 996 710 1051 filiurn
723 998 835 1051 unicum
847 997 1014 1065 reddiderat,
1030 1000 1057 1052 in
1071 1013 1153 1067 quern
1171 1006 1301 1067 paternae

65 1097 175 1164 pietatis
188 1094 300 1150 affectus
312 1109 422 1150 omnem
435 1110 511 1164 spem
524 1097 566 1149 sui
579 1103 716 1162 posuerat.

99 1197 132 1250 a.
145 1198 197 1250 Pro
218 1197 392 1263 susceptione
414 1196 495 1263 igitur
516 1195 703 1249 reviviscentis
723 1195 771 1247 tilii
792 1203 868 1263 pater
889 1210 951 1250 cum
974 1197 1178 1251 circumastanti
1200 1199 1300 1265 populo

64 1296 247 1363 omnipotenti
259 1286 378 1349 reddens
390 1294 485 1349 laudes
498 1295 622 1362 bomino,
636 1295 793 1349 hereditatis
811 1308 876 1349 suae
894 1297 1075 1364 pergrandem
1092 1297 1184 1351 villam
1203 1298 1298 1365 inqua

14 1393 51 1447 10
68 1393 155 1448 tilium
168 1396 386 1461 resuscitaverat,
398 1395 467 1448 llaio
490 1394 612 1460 nornine,
625 1394 745 1461 itemque
762 1395 875 1448 aiteram
893 1397 1023 1448 llacerias
1040 1397 1121 1449 beato
1139 1397 1198 1451 viro
1214 1399 1302 1452 voluit

66 1495 176 1548 tradere
187 1507 274 1562 eaque
293 1494 379 1563 gratia
392 1494 433 1546 sui
447 1493 605 1547 memoriam
619 1493 820 1560 imperpetuum
838 1494 949 1547 babere.
964 1495 1016 1548 sed
1028 1493 1072 1549 vir
1084 1496 1201 1563 bomini,
1215 1497 1300 1578 bono·

64 1608 127 1647 rum
146 1594 269 1648 omnium
287 1592 447 1658 ditissimus,
462 1593 601 1659 praedicto
618 1593 676 1646 viro
693 1591 851 1646 valedicens
868 1607 931 1646 curn
943 1595 1042 1647 ceteris
1055 1595 1194 1661 omnibus,
1208 1596 1298 1650 oblata

63 1693 206 1747 humiliter
218 1693 342 1758 accipere
355 1693 454 1758 noluit,
466 1690 515 1745 sed
528 1697 633 1758 patrem
646 1705 708 1745 cum
728 1691 784 1745 filio
802 1691 960 1746 laudantem
978 1693 1122 1747 bominum
1140 1695 1174 1747 ad
1187 1695 1298 1761 pr'opria

64 1793 180 1862 remisit,
192 1792 447 1858 benedictionisque
459 1804 524 1845 suae
536 1805 619 1845 manu
632 1791 777 1860 languores
789 1793 912 1845 omnium
925 1791 1033 1845 abdicat
1045 1798 1071 1846 et
1083 1798 1137 1846 tam
1150 1792 1229 1847 saluti
1242 1806 1300 1848 cor·

11 1897 47 1949 ib
65 1892 142 1960 poris
154 1903 237 1958 quam
249 1890 357 1943 animae
370 1902 419 1956 per
435 1889 632 1955 omnipotentis
650 1889 696 1941 bei
715 1889 931 1943 misericordiam
953 1891 1079 1944 associat.
1093 1891 1169 1956 Quod
1181 1905 1300 1945 cernens

65 1991 163 2044 ilaimo
175 1990 216 2044 vir
228 1987 411 2054 fidelissimus,
425 1989 485 2055 ejus
496 1987 664 2054 provolvitur
676 1988 801 2055 pedibus,
814 1990 878 2055 quia
892 1990 1052 2055 temporalia
1070 1991 1128 2056 ejus
1140 1991 1212 2044 bona
1227 1997 1298 2057 post-

66 2094 197 2158 posuerat
216 2101 300 2156 seque
320 2087 390 2141 velle
412 2086 543 2141 recedere
563 2086 749 2154 indicaveram
768 2089 892 2155 quamvis
913 2089 1121 2143 cohabitationis
1146 2091 1206 2156 ojus
1229 2097 1300 2143 esset

66 2188 205 2257 indignus,
215 2192 307 2241 tanoen
321 2187 380 2253 ejus
392 2186 459 2252 petit
471 2186 578 2252 pietatis
588 2185 731 2253 auxilium,
742 2190 772 2239 ut
781 2186 833 2239 sibi
844 2185 958 2239 indicari
968 2186 1084 2253 placcat,
1093 2187 1116 2239 si
1126 2188 1151 2240 ei
1160 2194 1298 2254 superstes

66 2288 159 2354 fuerit,
171 2287 282 2356 quando
294 2287 329 2341 de
341 2287 391 2340 bac
403 2287 457 2340 vita
469 2286 504 2339 ad
523 2288 606 2340 bearn
625 2291 756 2340 transeat.
770 2287 816 2338 vir
829 2292 921 2340 autem
939 2287 1046 2340 bomini
1059 2290 1186 2351 furseus,
1199 2289 1296 2353 spiritu

10 2391 48 2444 ab
63 2387 202 2452 iustorum
214 2385 323 2451 plenus,
336 2384 454 2451 petentis
472 2389 533 2438 vota
546 2384 707 2451 suscipiens,
720 2384 811 2437 obitus
823 2385 865 2437 sui
878 2383 1009 2436 indicium
1023 2385 1052 2436 in
1064 2385 1145 2437 trium
1166 2386 1295 2438 horarum

64 2484 235 2552 apparitione
248 2483 282 2536 ad
295 2483 381 2537 instar
393 2482 533 2552 fulgureae
545 2483 676 2537 claritatis
688 2483 717 2536 in
730 2496 786 2556 una
800 2488 880 2537 nocte
892 2483 1058 2536 radiantium
1074 2484 1199 2550 aperuit:
1214 2498 1295 2552 quac,

63 2588 95 2638 ut
116 2583 232 2636 inferius
253 2581 378 2648 liquebit,
391 2582 492 2635 mirum
513 2583 542 2635 in
563 2581 676 2636 modum
697 2581 836 2648 praedicto
857 2581 981 2636 llaimoni
999 2582 1067 2649 viro,
1080 2583 1144 2649 quia
1162 2583 1227 2636 baec
1240 2596 1296 2636 non

61 2683 301 2750 animadverterat,
314 2684 410 2736 beatus
422 2684 480 2750 ipse
492 2683 628 2750 patefecit.

95 2782 146 2834 10.
162 2784 218 2836 iloo
229 2781 276 2834 tali
287 2780 418 2836 donativo
429 2781 536 2835 virtutis
548 2782 656 2835 initium
669 2784 710 2836 sui
723 2794 888 2836 consecrans
901 2782 1016 2848 itineris,
1030 2787 1158 2848 coeptum
1176 2784 1290 2835 resumit

12 2882 45 2936 23
62 2881 184 2935 laborem
197 2880 434 2948 peregrinationis,
448 2894 530 2947 quem
542 2880 674 2934 didicerat
690 2882 720 2933 in
738 2882 853 2947 imperio
870 2880 1010 2948 angelicae
1023 2880 1194 2944 visitationis,
1209 2881 1292 2932 virtu·

61 2985 159 3047 tesque
176 2983 333 3047 augmentat
350 2980 378 3032 in
398 2977 498 3046 eundo,
512 2980 642 3046 quoniam
663 2982 717 3033 lieo
735 2993 791 3033 non
810 2980 861 3033 sibi
879 2979 985 3033 vivebat
998 2980 1026 3030 in
1040 2991 1123 3031 carne
1144 2978 1291 3031 manendo.

61 3079 112 3144 Qui
124 3079 215 3147 qualia
228 3092 276 3145 per
288 3091 351 3132 eum
365 3082 471 3145 patrare
486 3079 603 3133 voluerit
614 3080 742 3133 llantoilo
754 3081 824 3144 vico,
837 3093 955 3146 sequens
967 3078 1098 3133 indicabit
1111 3091 1211 3132 sermo.
1225 3081 1290 3131 llam

59 3179 126 3232 dum
147 3179 192 3231 bic
212 3179 309 3232 beatus
330 3181 459 3244 furseus,
478 3180 555 3232 caelo
576 3185 704 3246 terraque
725 3179 970 3244 reverentissimus,
992 3192 1041 3245 per
1062 3178 1182 3231 eundem
1202 3179 1292 3231 vicum

60 3277 179 3346 quadam
191 3277 237 3332 die
248 3284 412 3347 peragraret,
425 3292 520 3346 graves
538 3280 680 3346 cujusdam
695 3280 786 3333 minus
798 3279 859 3332 sani
879 3278 970 3332 cordis
982 3277 1093 3344 pertulit
1105 3278 1228 3344 iniurias,
1242 3279 1289 3345 qui

10 3378 36 3430 to
55 3376 108 3429 sibi
120 3376 265 3430 continuas
278 3389 326 3442 pro
339 3378 386 3429 bei
399 3389 492 3431 amore
505 3377 702 3446 augmentabat
718 3390 831 3444 poenas.
846 3380 930 3441 Quem
948 3375 1015 3430 dum
1032 3376 1079 3428 vili
1097 3376 1163 3429 vidit
1175 3376 1295 3429 circum·

51 3476 146 3531 datum
158 3475 278 3544 tegmine
290 3488 455 3542 pannorum,
467 3477 595 3544 gravibus
608 3476 707 3530 cecidit
719 3474 820 3530 ictibus
830 3476 953 3541 fustium,
964 3487 1132 3542 cappamque
1141 3476 1221 3528 beato
1231 3476 1289 3528 viro

53 3573 184 3639 abstulit;
205 3579 399 3642 revertensque
422 3574 456 3628 ad
478 3574 600 3641 domum,
622 3575 701 3642 quasi
728 3588 777 3642 pro
800 3573 935 3641 completo
960 3587 1042 3641 opere
1070 3574 1291 3642 gratulabundus

53 3685 264 3740 superuxorem
285 3686 364 3727 suam
384 3673 494 3740 proicit.
509 3673 562 3728 Sed
582 3674 765 3740 omnipotenti
786 3677 840 3728 beo
857 3674 974 3740 qualiter
985 3672 1156 3739 displicuerit
1172 3673 1291 3726 athletae

54 3784 105 3825 suo
125 3772 199 3825 illata
216 3771 365 3825 crudeliter
382 3772 500 3841 afflictio,
514 3773 572 3839 ipse
588 3771 689 3842 gaudio
707 3773 736 3824 in
754 3773 878 3825 dolorem
900 3778 1001 3825 mumto
1014 3771 1110 3824 didicit
1123 3790 1130 3837 ;
1144 3772 1208 3838 quia
1221 3772 1287 3825 dum

10 3874 38 3926 itt
57 3871 129 3923 banc
149 3871 228 3923 uxori
244 3871 350 3935 proicit,
372 3871 430 3937 ipse
451 3885 512 3924 cum
535 3885 566 3924 ea
588 3872 643 3924 oris
665 3871 752 3924 officio
774 3884 829 3925 non
852 3871 986 3924 immerito
1008 3871 1128 3936 privatus
1147 3871 1244 3934 extitit,
1257 3870 1291 3922 avi

57 3972 290 4035 augmentumque
300 3969 402 4022 doloris
414 3971 524 4024 unicam
536 3982 631 4023 eorum
644 3969 739 4034 filiam,
753 3971 837 4036 patris
849 3971 998 4037 matrisque
1007 3971 1168 4022 associatam
1182 3971 1288 4035 poenis,

57 4065 166 4121 auditus
179 4068 291 4120 elvisus
309 4067 389 4121 donis
403 4067 517 4135 insuper
535 4069 667 4135 privatam
681 4067 809 4121 reddidit.
823 4071 854 4120 tt
872 4075 947 4134 paler
968 4069 1015 4121 ille
1035 4069 1170 4136 egregius,
1185 4073 1289 4120 amator

57 4166 166 4232 pietatis
187 4165 308 4228 sedulus,
322 4169 454 4234 tantisper
472 4182 554 4234 super
573 4170 642 4221 haec
659 4170 729 4222 facta
746 4170 864 4238 gaudere
883 4170 1012 4222 misorum
1032 4168 1166 4234 intloluit3
1182 4173 1209 4219 et
1227 4169 1290 4234 quia

59 4279 123 4319 eum
136 4267 299 4331 quantocius
317 4280 366 4332 pro
389 4269 431 4319 bis
447 4281 547 4333 poenas
566 4270 641 4321 luere
654 4270 812 4334 prophetico
832 4270 928 4334 spiritu
948 4269 1091 4335 praevidit,
1107 4274 1169 4334 post
1182 4281 1243 4319 curn
1256 4269 1290 4320 ad

10 4368 39 4420 to
58 4364 173 4416 domum
190 4365 286 4430 ipsius,
300 4367 423 4432 quamvis
435 4367 551 4433 graviter
569 4379 675 4432 caesus,
689 4368 765 4433 abiit,
779 4368 982 4433 hospitiumque
999 4381 1028 4418 se
1051 4380 1113 4419 cum
1132 4367 1171 4419 eis
1191 4366 1291 4417 babere

59 4463 129 4516 velle
150 4463 277 4517 innotuit.
292 4467 363 4528 Quos
383 4466 502 4531 privatos
521 4466 640 4519 modulis
663 4471 803 4533 promptae
822 4467 946 4533 loquelae
964 4465 1117 4532 reperiens,
1138 4466 1290 4532 triplicique

58 4561 148 4617 otilcio
161 4563 255 4629 capitis
268 4563 350 4616 filiam
363 4578 457 4617 eorum
470 4567 578 4618 unicam
589 4564 745 4618 damnatam
758 4566 863 4630 videns,
875 4565 1062 4619 misericordia
1075 4571 1176 4630 motus,
1188 4566 1288 4617 inlatae

93 4671 296 4715 curamentis.
317 4674 341 4713 r.
361 4674 380 4714 1.
1223 4666 1256 4716 bb
