3136 5482
166 325 233 392 286
505 339 630 390 carno.
650 339 750 390 oooo.
771 339 945 389 dromon.
964 336 1047 387 aar.

164 510 299 578 spiritns
310 509 379 563 sine
390 509 571 574 stabilitate,
585 510 730 577 earede-re
741 509 801 564 nito
813 509 852 561 de
864 506 1068 562 tabernaculo
1080 502 1395 570 dominationeque

167 608 259 662 bobes
280 606 503 662 haereditatem
518 608 619 677 thirem
634 607 794 676 pebennae
810 607 866 675 qni
876 619 1050 673 numquam
1068 604 1273 671 eatinanttnr.
1284 602 1389 655 houn-

166 709 244 776 tinoo
255 722 383 777 egressus
395 715 438 761 ost
451 707 609 762 immundus
621 709 733 775 spiritus
746 709 781 762 ab
793 709 905 762 homine
915 720 978 760 oum
990 705 1109 760 stridore
1122 716 1231 773 magno,
1243 708 1269 755 et
1278 714 1381 768 surgens

167 810 248 862 homo
261 813 372 861 secutus
383 814 425 862 est
435 814 559 861 sanetum
571 809 753 875 Tryphonem.

199 908 230 960 o.
244 909 344 962 Lusius
357 923 421 963 sero
433 909 544 975 quidam
558 908 676 975 gentilis,
690 921 801 974 praeses
819 908 994 970 constitutus,
1007 919 1070 959 oum
1089 904 1211 958 audisset
1231 908 1296 956 tanta
1306 900 1389 952 mirei

166 1007 227 1058 outa
240 1005 326 1059 deria
344 1013 437 1061 saneto
455 1010 609 1074 Tryphone,
621 1009 703 1074 jussit
723 1007 886 1073 quibusdam
909 1005 1042 1058 militibus
1063 1017 1164 1060 rorare
1184 1016 1256 1055 eum.
1267 998 1363 1067 cognom

165 1110 254 1159 autem
268 1113 380 1158 sanetus
392 1108 520 1174 Tryphon
534 1105 728 1173 cogitationem
740 1105 884 1171 praesidis,
898 1110 926 1158 et
937 1117 1087 1159 ooourrens
1102 1103 1203 1169 eisqui
1220 1104 1292 1153 erant
1307 1096 1361 1151 doti

166 1206 222 1256 nuti
243 1206 276 1257 ad
298 1219 371 1270 eum,
392 1206 461 1259 (lixit
481 1222 487 1258 ι
510 1206 590 1264 Qnid
610 1210 656 1259 est
677 1207 758 1273 arrad
778 1205 890 1258 venitis
911 1205 954 1257 od
972 1205 1044 1258 inat
1066 1203 1107 1256 llli
1131 1208 1223 1256 autem
1244 1200 1358 1253 dixerunt:

166 1303 302 1367 Dornine,
315 1315 446 1369 praeses
462 1304 549 1356 misit
565 1317 640 1370 nos,
664 1305 731 1356 anti
747 1303 832 1356 enim
850 1303 1011 1357 tesidere.
1029 1302 1137 1366 Quibus
1154 1301 1201 1354 ille
1217 1301 1254 1353 ait
1264 1315 1270 1351 :
1281 1297 1311 1351 st
1323 1292 1357 1347 itt
1393 1344 1395 1361 ,

158 1402 230 1466 jam
242 1403 368 1468 capitoni
380 1416 401 1455 n.
414 1404 473 1456 Deo
486 1415 570 1466 meo,·
584 1406 687 1455 iniiien
699 1405 807 1455 euntes
818 1402 966 1455 nuntiate
976 1400 1103 1455 domino
1115 1402 1217 1453 oestro
1233 1399 1296 1451 ante
1304 1386 1384 1448 olibi·

164 1501 250 1551 stare
270 1512 327 1552 me.
350 1499 426 1563 Quod
454 1513 516 1553 ouon
548 1501 720 1553 nuntiassent
741 1501 870 1567 praesidi,
890 1513 1017 1566 egressos
1040 1500 1125 1563 toras,
1149 1497 1219 1550 dixit
1239 1498 1264 1549 ei
1280 1509 1287 1546 :
1303 1492 1356 1545 lien

165 1599 287 1665 venati,
316 1613 403 1653 serve
423 1600 487 1652 Dei.
509 1601 558 1652 tini
578 1606 691 1653 sanetus
711 1602 839 1668 Tryphon
861 1602 897 1653 ait
917 1617 923 1652 :
946 1600 1061 1655 Gratia
1081 1600 1140 1653 Dei
1158 1597 1220 1652 mei
1239 1590 1355 1650 inuniri

166 1698 309 1751 nltimam
321 1702 410 1751 innan
422 1700 464 1751 ad
472 1700 724 1766 praevidendam
736 1713 816 1767 qnae
828 1700 920 1753 estin
931 1713 966 1754 eo
977 1698 1135 1754 notitiam.
1149 1698 1217 1751 bieit
1227 1698 1251 1749 ei
1262 1702 1354 1763 praest:

166 1797 222 1849 Dic
239 1795 327 1864 mibi,
350 1796 438 1851 leonio
460 1800 525 1866 Dei,
540 1800 678 1865 pararito
699 1799 855 1853 velamine
875 1798 983 1852 earnis
1004 1797 1125 1867 indute,
1140 1798 1267 1865 panon
1283 1792 1354 1847 mm

165 1897 356 1963 sapientiam
372 1898 546 1965 possiden-s,
569 1898 653 1951 aride
672 1897 727 1951 hoe
748 1898 848 1951 itteris
868 1899 948 1952 dono
966 1900 979 1951 t
999 1898 1048 1951 Cui
1073 1898 1172 1951 beatus
1194 1896 1306 1963 tryphon
1319 1876 1382 1941 mli

166 1996 307 2049 Possedit
327 2010 375 2049 me
398 1997 539 2051 Christns
558 1997 628 2061 sibi,
641 2001 677 2050 nt
697 1996 919 2067 manifestetur
939 1998 1069 2052 deitatis
1085 2011 1166 2052 snae
1182 1990 1354 2063 sarnaio

159 2094 264 2160 pietas
284 2096 527 2151 inaestimabilis
546 2098 713 2151 miseretur
733 2098 876 2152 omatibus
896 2099 1002 2152 matis.
1015 2098 1079 2153 Per
1099 2098 1205 2165 aprum
1220 2094 1287 2149 boet
1301 2096 1354 2159 otti

161 2196 257 2249 andis
268 2197 307 2249 de
319 2210 367 2251 me
375 2197 478 2265 facim·
492 2199 527 2251 in
539 2198 643 2266 ipsiem
652 2199 754 2268 credo,
767 2199 857 2265 attins
878 2197 1022 2252 thesauri
1042 2196 1218 2251 invisibiles
1229 2193 1268 2249 ad
1282 2190 1353 2245 nter

163 2295 249 2364 dnm,
258 2296 441 2363 plenissimi
451 2310 523 2351 vero
531 2299 574 2351 ad
585 2298 835 2353 illuminandam
844 2301 937 2363 sant;
950 2310 1025 2365 qnos
1033 2310 1210 2365 numanam
1218 2294 1354 2349 ttrttt'sttt'tl

162 2408 205 2462 es,
217 2395 247 2447 si
257 2408 308 2449 eos
319 2398 456 2463 coeperis
463 2398 634 2464 possidere.
650 2401 762 2451 Praeses
774 2411 838 2452 sero
851 2397 1012 2450 intendebat
1024 2398 1053 2449 in
1066 2401 1193 2450 sanctum
1210 2374 1380 2463 Tryphone!

162 2493 278 2547 diceus:
296 2496 389 2550 Credo
411 2496 442 2549 in
466 2499 562 2549 Deam
582 2497 638 2564 qni
654 2510 715 2564 per
727 2500 756 2551 te
767 2496 931 2551 mirabilia
952 2509 1069 2565 maaria
1086 2495 1217 2564 operari
1231 2490 1352 2559 dinam·

162 2597 238 2647 Tune
250 2597 344 2648 heatus
363 2599 489 2663 Tryphon
509 2597 599 2651 cordis
620 2595 746 2650 affectum
759 2596 793 2649 all
812 2600 895 2650 Deum
908 2598 1026 2664 erigens,
1039 2598 1128 2650 oravit
1139 2596 1233 2650 dioens
1244 2610 1251 2646 ι
1263 2586 1353 2645 maiae

162 2693 253 2759 Dens,
261 2696 357 2760 pater
376 2694 462 2747 Verbi
472 2695 604 2748 viventis
616 2697 646 2749 et
657 2695 838 2763 Sapientiae
857 2694 1064 2761 subsistentis,
1076 2694 1199 2762 respice
1220 2692 1253 2745 in
1266 2692 1353 2744 amit

161 2792 252 2844 tnnm
272 2790 422 2860 Philiam,
436 2796 471 2845 nt
492 2795 647 2847 retainine
668 2793 867 2848 tenebrarum
881 2796 997 2848 remoto
1016 2793 1123 2847 videat
1145 2780 1353 2847 inmiserint

158 2891 354 2958 piorificetnr
375 2893 458 2946 inter
475 2896 580 2959 pentes
600 2894 723 2960 eopiosa
739 2894 844 2961 pietas
865 2893 1035 2947 attonitas
1064 2896 1132 2947 tna.
1153 2891 1269 2945 credidit
1290 2868 1380 2949 inps!

162 3003 272 3055 praeses
286 2993 312 3043 in
327 2993 471 3045 hominum
491 2996 584 3046 lesum
608 2994 743 3045 Christum
763 3001 790 3044 et
810 2998 865 3045 tota
885 2994 982 3046 domus
994 2995 1064 3060 ejus,
1079 2995 1198 3058 Vespere
1209 2996 1289 3044 autem
1300 2984 1352 3041 titii.

160 3092 202 3143 vir
225 3092 272 3143 boi
293 3093 418 3158 tryphon
442 3093 545 3158 orabat,
559 3100 585 3145 et
605 3107 701 3146 omues
721 3096 767 3160 qui
795 3095 828 3147 ad
850 3108 912 3146 eom
937 3093 1089 3148 curationis
1116 3095 1203 3162 gratia
1223 3088 1353 3146 docebunt

160 3195 322 3255 oooperante
335 3198 429 3244 saneto
443 3192 547 3257 Spiritu
561 3193 686 3245 sanabat.

192 3288 224 3339 7.
238 3290 299 3339 Erat
308 3295 399 3342 autem
421 3291 448 3341 in
461 3293 593 3342 Caesarea
611 3292 652 3343 vir
672 3289 782 3355 quidam
805 3291 910 3344 habens
935 3289 1019 3343 titiam
1041 3303 1180 3343 annorum
1200 3288 1353 3349 moretonii!e

162 3389 271 3442 ‹letento
283 3391 317 3443 ab
330 3390 470 3442 immundo
483 3391 580 3454 spiritu
593 3403 640 3442 sex
653 3391 741 3449 annis,
761 3392 877 3456 pessime
896 3390 1049 3442 elidebatur
1061 3390 1097 3443 ab
1110 3403 1154 3443 eo.
1168 3391 1251 3456 liujus
1266 3362 1395 3452 phialin:

160 3490 267 3543 beatum
280 3491 450 3556 'tryphonem
464 3491 587 3553 sarriens,
600 3503 688 3556 genua
701 3492 774 3543 illios
793 3489 985 3556 apprehendit,
1004 3489 1122 3543 disens:
1140 3484 1288 3543 Seroeltet'
1302 3482 1352 3543 stt·
1393 3480 1395 3493 '

156 3589 251 3656 piton,
266 3590 413 3642 irriserere
425 3589 494 3653 niei,
507 3591 536 3640 et
548 3601 645 3642 araris
658 3590 753 3642 Denm
767 3591 857 3642 tnnm
869 3590 977 3642 venriet
990 3592 1082 3656 tanae
1094 3588 1201 3658 filiam
1212 3598 1308 3650 amm,
1317 3574 1354 3633 ni

164 3702 236 3742 aeris
250 3702 319 3742 eam
341 3702 360 3741 a
381 3687 540 3741 doloribus
561 3687 628 3741 snis
645 3691 673 3741 et
690 3702 710 3741 a
726 3689 860 3742 neaibns
876 3688 1040 3742 sathanae.
1057 3688 1181 3741 Audiens
1198 3689 1261 3741 haee
1278 3684 1356 3737 moedi

161 3792 297 3855 Tryphon,
311 3795 421 3842 secutus
433 3795 472 3842 est
485 3803 565 3854 oum;
579 3800 696 3855 cumque
709 3791 828 3842 venisset
841 3790 868 3841 in
881 3789 994 3841 domum
1007 3788 1091 3855 illiue,
1112 3790 1263 3842 orationem
1275 3772 1357 3836 tuditnt
1391 3830 1395 3873 1

163 3890 317 3954 bominum,
331 3888 426 3940 dicens
441 3903 447 3939 :
462 3887 589 3940 Dorinm
600 3888 674 3941 Jesn
689 3887 818 3953 Christe,
831 3887 896 3941 biti
913 3887 968 3941 Dei
984 3886 1056 3954 aiot,
1071 3887 1128 3954 qni
1135 3900 1199 3955 pro
1220 3885 1312 3939 sainte
1327 3864 1395 3931 tt*

163 3992 231 4041 stra
255 3989 293 4041 de
312 3987 459 4055 supernis
477 3987 600 4041 sedibus
620 3988 726 4041 venire
745 3987 894 4053 dianatns
909 3999 951 4054 es,
968 3986 1091 4040 ennodi
1101 3999 1229 4041 servam
1240 3984 1364 4048 innupto

162 4088 288 4156 famata
301 4092 366 4155 tna,
379 4101 418 4141 ne
430 4088 569 4154 amplias
581 4102 601 4141 a
613 4088 752 4155 maliano
764 4087 883 4154 spirita
895 4085 1064 4141 ermietnr.
1079 4088 1113 4139 Et
1124 4101 1189 4140 eum
1199 4089 1263 4141 haee
1271 4082 1367 4138 dirissi-

161 4188 286 4242 diabolos
299 4203 360 4242 enm
375 4201 472 4255 magno
485 4189 598 4254 strepitu
612 4189 693 4240 exirit
702 4188 736 4240 ab
746 4201 787 4249 ea,
801 4193 827 4239 et
839 4187 942 4252 repleta
953 4186 1104 4253 estgaudio
1117 4200 1220 4255 magno
1231 4186 1321 4240 domus
1329 4179 1369 4233 dh.

195 4288 225 4340 8.
241 4288 393 4341 decedente
407 4294 497 4340 autem
509 4289 544 4339 do
558 4288 617 4340 loeo
631 4287 676 4340 illo
687 4293 780 4340 saneto
790 4289 935 4353 Tryphone
947 4290 975 4338 et
983 4288 1228 4354 appropinquante
1239 4287 1273 4340 ad
1283 4285 1374 4339 domun

162 4390 302 4455 eujusdam
325 4389 452 4451 hominis,
474 4388 645 4439 conturbavit
666 4388 776 4452 spiritus
795 4366 953 4439 immundus
975 4385 1096 4451 puellam
1118 4388 1261 4452 quandam
1279 4372 1395 4439 comisit

163 4499 233 4547 eam,
252 4487 287 4538 ita
309 4493 337 4539 ut
357 4485 552 4539 convenientes
573 4484 717 4537 dicerent:
734 4485 813 4543 Onia
831 4486 957 4538 mortua
974 4485 1030 4536 est.
1044 4485 1076 4535 Et
1087 4492 1238 4539 currentes
1249 4486 1304 4540 duo
1321 4478 1384 4551 pabit

164 4586 357 4637 nuntiaverunt
368 4586 436 4649 patri
451 4591 478 4636 et
488 4585 566 4636 matri
586 4585 645 4649 ejus
663 4583 737 4649 quod
754 4591 860 4636 mortua
872 4587 953 4636 esset.
974 4583 1142 4636 Preeabatur
1161 4596 1230 4651 ergo
1244 4582 1388 4649 manseio
