3136 5482
248 374 340 423 aran.
359 372 442 422 nar.
462 372 578 423 rums.
597 394 642 402 -
657 373 814 423 urrann.
833 375 881 422 un
898 373 975 422 oon.
997 370 1070 422 usos.
1242 359 1287 424 83

88 533 192 592 audiebat
203 546 393 606 constructum,
407 553 458 594 nec
470 553 547 593 mora
559 541 594 593 ab
606 540 668 593 imis
685 541 844 594 destruebat
859 554 890 593 ac
909 541 1008 607 templa
1020 540 1119 594 Christi
1137 542 1238 596 ibidem
1252 543 1289 594 di·

90 631 165 701 ahin
178 646 249 706 atque
261 644 292 692 ut
303 639 394 692 bonus
406 643 498 703 pastor
510 639 538 689 in
551 639 679 690 omnibus
691 652 721 692 se
733 639 925 704 componebat,
936 640 1130 707 satagebatquc
1139 641 1213 708 vigili
1223 654 1288 694 cura

91 729 223 801 nealiquam
243 737 285 789 sui
302 737 392 804 gregis
415 748 492 789 ovem
514 741 578 787 trux
599 736 680 802 lupus
703 737 838 790 deviando
862 737 994 791 acbristo
1007 743 1124 803 raperet,
1137 738 1186 791 sed
1199 740 1288 804 potius

92 827 220 894 colamur
231 840 261 888 ut
271 835 439 902 quandoque
451 833 577 887 uiderent
589 837 672 887 baum
685 835 800 888 deorum
812 837 841 887 in
853 835 920 889 sion
932 836 1025 889 salutis
1037 843 1066 888 et
1076 837 1188 904 gloriae.

70 927 81 976 i
114 931 210 1002 denique
229 935 349 1003 quodam
369 934 530 988 adveniente
551 935 780 1003 quadragesimali
800 941 933 1004 tempore,
957 937 1027 990 sicut
1051 950 1110 990 mos
1131 937 1169 988 illi
1187 938 1288 1005 iugiter

92 1027 163 1097 inerat,
176 1048 252 1088 nemo
272 1034 415 1089 doctorum
434 1035 506 1086 ualet
524 1034 586 1087 stilo
607 1034 842 1100 comprehendere
866 1041 985 1102 quantae
1008 1036 1184 1089 macerationi
1202 1040 1289 1089 semet

92 1125 177 1197 dedant,
189 1135 214 1186 in
225 1134 381 1188 orationum
394 1132 499 1187 scilicet
509 1133 648 1196 instantia,
663 1134 692 1185 in
704 1133 916 1199 praedicationis
930 1136 938 1153 '
951 1134 1067 1197 feruore,
1078 1135 1106 1188 in
1117 1135 1286 1202 jejuniorum
1303 1149 1390 1201 ·00d,
1408 1161 1483 1213 praa

92 1228 223 1295 adddtate,
236 1233 265 1284 in
277 1232 495 1297 elemosynarum
509 1231 631 1299 largitate
642 1248 649 1296 ;
663 1244 694 1284 ac
707 1231 876 1285 multimodis
887 1233 1019 1285 virtutum
1036 1234 1121 1299 copiis
1134 1234 1285 1298 redimitus,
1321 1213 1467 1268 difflfiffilfl·

12 1355 18 1363 -
92 1323 204 1396 [33311333
223 1329 324 1397 pascba
344 1328 460 1397 gratanti
482 1327 565 1381 corde
590 1328 773 1394 exspectabat.
795 1330 906 1383 Talibus
931 1344 996 1399 ergo
1017 1331 1126 1384 deditus
1147 1332 1286 1396 operibus,

10 1451 23 1488 3
61 1419 217 1480 1111333313
237 1428 283 1480 die
302 1428 411 1480 caenae
431 1426 615 1490 bomini,[ad]
637 1426 839 1480 absolutionem
861 1427 983 1481 fidelium
1004 1430 1178 1497 populorum,
1201 1432 1285 1482 sacris

91 1520 176 1578 induens
186 1540 214 1579 se
224 1526 405 1590 vestimentis,
418 1538 473 1578 una
486 1538 548 1576 cum
561 1525 723 1578 elericorum
737 1532 844 1579 caterua
856 1527 948 1580 oleum
961 1538 1080 1587 sacrum,
1094 1529 1212 1582 chrisma
1225 1543 1287 1582 cum

88 1720 217 1777 elericorum
238 1724 452 1790 superueniente
473 1723 551 1788 copia
572 1735 604 1774 ex
625 1723 708 1775 totius
721 1725 763 1774 sui
776 1723 949 1788 pontificatus
962 1727 1140 1792 parroechiis,
1151 1734 1183 1778 ut
1194 1727 1286 1781 oleum

10 1851 25 1882 ,-,
91 1831 133 1872 orn
148 1823 285 1876 chrismate
306 1821 497 1888 unusquisque
520 1821 554 1874 ad
577 1820 720 1873 ecclesiam
741 1821 862 1875 deierret
879 1823 931 1875 sibi
953 1825 1145 1891 commissam,
1167 1824 1286 1878 ministri

10 1962 15 1980 ,
62 1914 156 1972 bainus
167 1921 235 1973 cauti
250 1921 355 1986 absque
377 1918 514 1984 permissu
526 1920 535 1938 ⁶
548 1918 681 1982 praesulis
699 1931 809 1971 omnem
822 1920 862 1971 cis
874 1921 1029 1973 chrismatis
1041 1927 1184 1976 cesserunt
1201 1922 1288 1990 liquo·
1344 1940 1353 1959 ·
1366 1940 1430 1992 cod,

19 2030 30 2077 ,ξ
91 2027 136 2085 ren,
146 2025 244 2083 praeter
255 2019 330 2085 quod
353 2017 383 2069 in
394 2029 450 2070 una
471 2017 560 2069 iuerat
573 2015 774 2083 [conisarvandi
794 2022 880 2085 gratia
901 2023 1005 2073 causa‘
1024 2021 1143 2086 positum
1156 2022 1286 2088 ampulla.
1299 2006 1474 2091 lelfnisssum·

15 2143 31 2173 -.
91 2110 160 2181 1113311
176 2124 266 2173 autem
289 2117 464 2172 Altitonantis
487 2118 511 2192 ei
535 2116 564 2168 in
589 2117 641 2171 boc
660 2117 747 2184 gratia
770 2117 929 2171 subuenerit
953 2118 1061 2185 ordine,
1086 2120 1163 2173 nullo
1186 2121 1286 2174 silentii
1368 2084 1423 2126 Μ’

92 2211 168 2281 ingemo
177 2223 267 2286 tegere
280 2217 367 2270 valeo.
381 2214 430 2269 bie
451 2227 570 2282 namque
582 2216 681 2268 Sancto
695 2215 822 2283 sabbato,
836 2215 903 2269 dum
921 2218 1009 2271 isdem
1022 2217 1160 2271 alnriiluus
1178 2219 1289 2285 praesul

91 2311 167 2367 1133131
177 2318 314 2369 Romanus
327 2312 474 2366 missarum
489 2311 640 2365 celebraret
652 2312 782 2379 odicium,
796 2319 878 2381 atque
893 2317 960 2368 bora
972 2317 1087 2369 instaret
1099 2329 1161 2369 cum
1175 2317 1288 2371 abluere

10 2424 26 2454 a
61 2404 176 2466 11131331
184 2413 298 2481 populos
319 2413 394 2466 fonte
406 2416 511 2465 sacrato
533 2410 704 2464 renovandos
716 2412 798 2464 corde
818 2411 891 2481 iudei,
905 2415 1008 2468 indicio
1027 2416 1111 2481 jussit
1133 2417 1288 2469 chrismatis

92 2508 130 2561 311
139 2512 185 2565 dari
201 2511 359 2579 ampullam.
374 2513 435 2563 liox
455 2514 555 2572 autem,
568 2516 599 2562 ut
618 2512 724 2562 bomini
744 2511 964 2579 magnificaretur
986 2514 1149 2579 sublimitas,
1164 2514 1229 2567 dum
1253 2514 1288 2567 ab

91 2606 173 2663 aedituo
182 2611 275 2676 templi
286 2611 396 2662 incaute
407 2621 454 2661 ras
465 2607 628 2676 deterretur,
643 2614 755 2672 repente
768 2609 863 2662 labens
875 2624 891 2663 e
903 2613 1031 2665 manibus
1044 2613 1150 2679 proruit
1161 2613 1189 2664 in
1205 2618 1287 2676 terra,

87 2701 161 2772 sicque
171 2709 256 2761 omnis
268 2720 303 2760 ex
315 2719 347 2759 eo
361 2704 479 2759 meando
492 2705 561 2757 ludit
572 2705 672 2771 liquor.
683 2704 759 2768 Quod
772 2704 862 2758 clarus
874 2710 988 2762 antistes
998 2710 1091 2763 diuino
1104 2723 1289 2776 praenoscens

84 2802 176 2873 indicio,
189 2808 260 2860 celer
272 2819 302 2859 se
314 2806 455 2859 solotenus
466 2816 558 2857 coram
570 2803 663 2856 altaris
676 2804 770 2855 strauit
787 2804 903 2872 cespite,
916 2807 1025 2861 bomini
1039 2810 1066 2861 in
1080 2810 1209 2862 omnibus
1222 2808 1289 2861 lisus

10 2886 12 2919 ¹
27 2906 62 2962 fl
79 2916 106 2957 er
116 2905 291 2959 mtsericordia
312 2904 386 2957 illius
398 2904 519 2956 exoravit
531 2903 661 2955 attentius
678 2903 861 2971 clementiam,
877 2909 907 2957 ut
918 2911 984 2959 tunc
1001 2908 1138 2973 praesenti
1151 2908 1176 2960 ei
1189 2908 1287 2960 subve-

73 3005 140 3058 niret
149 3005 173 3057 in
185 3005 353 3058 necessitate.
367 3005 437 3068 llox,
450 3002 519 3056 miro
529 3000 633 3053 dictum
642 3003 743 3065 ‘,omni
756 3003 871 3067 pristino
884 3007 1008 3058 restituta
1020 3011 1061 3058 est
1071 3005 1171 3059 decore
1183 3008 1192 3025 ·
1203 3007 1286 3058 cbris-
1345 3024 1354 3042 ·
1396 3023 1401 3033 ·
1420 3062 1426 3073 ,

68 3104 144 3158 antia
161 3106 256 3157 referta
276 3104 393 3170 liquore.
417 3101 495 3156 Unde
521 3101 764 3154 circumadstantes
788 3102 882 3168 plebes
906 3106 1020 3159 llomino
1045 3107 1142 3158 rectori
1175 3105 1287 3159 laudum

63 3203 244 3271 rependemot
255 3214 380 3266 munera,
394 3201 440 3268 qui
462 3200 502 3252 eis
513 3205 587 3252 13313
608 3201 750 3253 sanctitate
762 3206 883 3254 cesserat
895 3208 1042 3268 pastorem,
1067 3207 1097 3256 ut
1118 3204 1192 3277 uelut
1204 3204 1296 3271 Elisei

59 3304 157 3359 merito
168 3304 196 3355 in
208 3302 326 3371 calgala,
339 3302 375 3353 ita
387 3306 413 3353 et
425 3301 503 3352 istius
514 3300 638 3352 oramine
650 3311 697 3350 uas
710 3299 825 3350 fractum
838 3299 1007 3353 redundaret
1018 3300 1073 3354 olei
1086 3301 1231 3366 liquorem.

10 3407 37 3462 Ι
88 3405 198 3456 interea
208 3401 273 3454 dum
287 3400 443 3466 praeclarus
455 3398 571 3450 antistes
583 3411 615 3449 ex
629 3410 704 3450 more
716 3396 813 3449 deuota
830 3409 862 3449 ac
874 3399 981 3451 sincera
1001 3405 1091 3451 mente
1103 3398 1203 3450 divinis
1215 3405 1286 3451 asta-

51 3508 96 3556 ret
109 3500 318 3554 consentibus·
332 3497 537 3562 celebraretque
549 3496 695 3547 missarum
707 3507 799 3547 annua
822 3495 977 3559 sollemnia,
996 3498 1109 3564 contigit
1128 3503 1160 3549 ut
1176 3503 1286 3549 cantum
1352 3517 1360 3535 ·
1397 3514 1402 3524 ·
1421 3553 1428 3566 .

49 3616 86 3656 ex
102 3601 212 3668 integro
223 3600 345 3652 retinens
356 3595 498 3649 oculorum
512 3595 546 3648 ad
559 3593 628 3647 caeli
641 3606 739 3659 supera
751 3593 839 3645 aciem
851 3593 984 3647 directam
1001 3601 1086 3648 staret
1098 3595 1180 3648 tacita
1193 3609 1286 3647 secum

47 3701 171 3756 volvens
182 3698 337 3751 orationum
348 3700 420 3761 uota,
433 3707 495 3746 cum
508 3699 620 3759 repente
632 3694 707 3745 omni
721 3692 783 3744 niue
796 3691 941 3744 micantior
961 3694 1066 3745 bomini
1081 3692 1193 3745 (lettera
1206 3705 1288 3758 supra

48 3811 168 3855 sacrum
189 3796 272 3850 altare
293 3799 407 3862 apparet
426 3792 548 3860 pacifica,
569 3792 644 3844 nullo
665 3792 774 3857 penitus
794 3791 919 3843 intuente
940 3798 1048 3857 praeter
1068 3792 1126 3845 solo
1148 3790 1286 3858 pontifice.

10 3902 31 3957 Β
47 3897 135 3954 {Inde
150 3895 215 3963 quia
227 3894 341 3948 dextera
353 3891 563 3957 crediturjuxta
575 3896 730 3942 sanctarum
744 3893 752 3910 ·
771 3887 924 3954 exemplum
942 3891 1140 3955 scripturarum
1160 3904 1220 3943 esse
1235 3902 1286 3956 pax
1343 3895 1429 3948 ‘cocd

46 4007 163 4059 serena,
176 3999 264 4047 ratum
278 3992 330 4045 luit
344 3999 374 4044 ut
387 3989 498 4057 pacilico
517 3990 574 4042 viro
587 4003 636 4054 pau
649 3993 847 4041 monstraretur
864 3987 898 4040 ab
910 3988 975 4056 alto,
989 3988 1147 4056 significans
1169 3989 1287 4041 eundem
1304 3967 1475 4016 mmmm·

46 4099 165 4151 beatum
189 4091 344 4159 praesulem
365 4092 516 4144 Romanum
537 4089 734 4141 seminaturum
747 4086 874 4155 [semina]
895 4089 969 4154 pacis
982 4102 1031 4154 per
1051 4090 1134 4142 corda
1156 4089 1287 4154 fidelium,

46 4194 243 4264 gentilemque
262 4190 405 4258 populum,
429 4189 475 4255 qui
496 4185 696 4240 incredulitatis
714 4186 846 4238 densitate
867 4187 1042 4239 tenebrarum
1061 4188 1170 4240 errabat
1194 4200 1290 4240 carens

47 4296 112 4350 lnce
126 4290 235 4358 3313113,
248 4289 373 4358 ejusdem
395 4285 500 4341 meritis
513 4286 658 4339 iruiturom
672 4288 680 4305 ·
693 4285 797 4337 lumine
814 4285 895 4337 vitae.
908 4286 1050 4338 liissarum
1074 4292 1165 4339 autem
1180 4293 1287 4352 peracta
1345 4291 1432 4345 ’3331

1302 4359 1470 4434 functurum.

1353 4427 1429 4477 ’333

10 4394 33 4451 Β
48 4391 213 4456 sollemnia,
223 4390 341 4457 jubente
360 4385 488 4454 pontifice
500 4390 649 4439 convocato
670 4384 740 4451 legio
755 4387 764 4404 ·
777 4390 932 4437 sanctorum
952 4385 1074 4438 uirorum
1094 4390 1183 4450 coetu,
1197 4386 1287 4439 taliter

45 4500 91 4550 eet
108 4493 176 4547 illos
194 4488 294 4544 allatus
307 4504 314 4541 :
327 4488 399 4542 Jam
413 4498 475 4554 pro
495 4487 587 4553 certo,
600 4483 721 4553 fratrea
741 4484 896 4552 filiolique
915 4485 977 4537 mei
997 4483 1031 4537 in
1047 4484 1178 4553 Christe,
1199 4499 1291 4540 norae

47 4605 106 4649 voa
118 4591 193 4647 volo
205 4591 329 4655 tempta
340 4583 541 4640 resolutionis
553 4595 641 4636 meae
658 4582 786 4649 restare,
799 4582 957 4651 quoniam,
973 4583 1044 4638 ticet
1053 4582 1131 4637 baut
1142 4585 1293 4654 caipcrati·
