3136 5482
295 375 389 423 aran.
409 375 492 425 sur.
512 376 629 426 rums.
649 398 694 407 -
710 376 863 426 nrrnuo.
883 351 931 426 an
947 375 1024 425 ooo.
1048 373 1123 423 mre.
1251 357 1317 422 245

285 546 342 595 Non
355 544 448 596 oneris
460 543 507 597 lati
520 547 629 598 Maurus
640 545 718 598 timet
730 550 777 599 aut
790 545 905 599 onerati.

286 645 422 696 incessum
436 642 534 696 sudum
547 646 650 712 peragit
661 645 728 698 dum
741 644 834 710 planta
846 658 896 711 per
909 645 1003 697 udum.

285 744 342 795 iton
355 743 436 796 habet
447 744 492 797 irie
505 743 624 797 mundus
637 743 781 812 liquidum,
795 745 876 798 docet
888 745 939 797 hoe
950 755 1032 812 grase
1044 741 1161 809 pondus.

285 841 383 906 Undas,
396 845 497 906 Maure,
510 845 612 909 premis
624 844 683 897 sine
695 844 786 897 lembo
800 843 843 897 vel
855 843 915 895 sine
928 842 1020 896 remis.

286 943 364 1008 isque
377 948 501 995 tumente
513 943 570 995 salo
584 943 644 996 sine
655 940 722 996 velis
734 950 761 996 et
773 944 833 996 sine
845 942 926 995 malo.

286 1040 416 1108 undaque
427 1042 556 1106 calcatur,
570 1041 617 1096 sed
630 1044 654 1096 ei
667 1043 775 1109 pondus
787 1042 952 1109 duplicatur.

281 1142 313 1192 Et
325 1140 380 1194 duo
392 1141 519 1208 portauit,
533 1155 603 1209 quae
615 1142 703 1195 solum
716 1142 804 1209 prima
816 1143 824 1161 ⁴
838 1141 951 1195 roravit.
1325 1148 1333 1162 '
1346 1147 1463 1211 primum
1476 1147 1502 1197 δ.

284 1243 413 1303 Quattuor
424 1241 452 1292 in
465 1239 523 1293 sola
536 1241 625 1307 speeie
638 1246 702 1294 sunt
715 1239 820 1307 prodita
833 1240 919 1307 signa.

281 1338 328 1389 iiie
341 1350 397 1391 non
410 1337 515 1390 audivit
529 1352 580 1392 nee
592 1340 648 1392 risa
661 1340 782 1405 pericula
795 1340 871 1391 seivit
885 1356 891 1391 :

282 1437 374 1501 lussit,
388 1451 438 1490 neu
452 1443 545 1503 nutat;
559 1438 688 1504 iacilnio,
703 1453 753 1493 neo
763 1440 838 1505 jussa
852 1439 960 1492 refutat.

280 1537 429 1604 Naufragus
441 1538 565 1602 eripitur,
579 1552 661 1604 super
673 1539 761 1591 undas
773 1538 894 1592 (luminis
908 1539 973 1590 itur.

282 1636 357 1700 Quod
371 1651 426 1691 non
440 1639 578 1705 ingressus
590 1639 689 1703 timuit,
704 1639 779 1691 timet
792 1638 839 1690 ille
853 1650 1004 1705 regressus.

280 1740 379 1790 saneto
390 1742 490 1790 cuneta
502 1738 561 1791 viro
574 1742 666 1791 narrat
677 1738 712 1790 de
725 1738 833 1790 tramite
846 1738 923 1791 miro.

174 1838 197 1889 9
213 1838 278 1899 (ia).
315 1837 431 1889 ascribit
441 1839 534 1891 itauro
548 1843 624 1904 pater
635 1839 696 1897 hoe,
711 1840 874 1903 Maurusque
887 1838 1024 1903 magistro.

283 1937 425 2003 componit
438 1939 530 1990 mitem
544 1937 669 1990 Placidus
681 1951 730 2003 pro
740 1937 832 2002 judice
845 1938 919 1990 litem
934 1952 941 1986 :

289 2037 359 2090 Vidi
369 2038 525 2104 melotam,
539 2037 643 2102 dicens,
657 2050 752 2104 super·
763 2049 901 2104 aequora
913 2039 1028 2097 raotaor,
1063 2074 1070 2090 .

281 2137 366 2194 Quae
376 2149 425 2189 me
435 2135 589 2201 salvabat,
602 2136 677 2188 datm
690 2135 780 2188 velem
792 2135 880 2188 reoda
892 2133 1031 2189 necabat.

281 2235 430 2289 amborum
444 2237 548 2288 meritis
560 2235 610 2288 luit
623 2251 629 2286 :
645 2236 696 2289 noe
708 2235 743 2287 sit
754 2235 875 2287 clausula
888 2234 952 2287 litis.

280 2336 326 2386 Sie
338 2336 434 2387 Petrus
446 2334 474 2386 in
489 2335 596 2402 pelago,
609 2335 653 2388 eui
666 2347 721 2387 non
735 2334 785 2386 iuil
796 2333 852 2386 ulla
864 2346 974 2400 vorago,

282 2434 373 2488 Undas
385 2434 507 2497 calcarit,
520 2434 608 2487 donee
623 2448 748 2501 mergens
761 2433 904 2486 dubitavit.

155 2537 197 2588 10
211 2537 281 2598 (13).
319 2535 414 2586 lixtitit
425 2538 452 2587 et
463 2532 579 2600 Gothus,
593 2534 659 2587 satis
670 2534 718 2587 illo
730 2538 853 2599 tempore
866 2538 946 2586 notus
960 2547 966 2582 :

282 2636 405 2697 Fermm,
419 2632 484 2685 dum
497 2633 585 2685 caedit
597 2637 697 2700 sentes,
709 2646 726 2684 a
739 2631 809 2685 iuste
823 2630 935 2696 recedit,

282 2735 368 2799 lnque
380 2733 469 2785 laeum
481 2733 589 2785 oecidit,
603 2731 680 2796 Quod
692 2731 824 2784 damnum
836 2730 950 2784 vernula
963 2730 1027 2783 vidit

280 2834 370 2884 ilente
381 2833 457 2898 prior
469 2832 587 2896 Maurus,
601 2831 648 2883 sed
663 2830 782 2883 restituit
795 2829 965 2882 Benedictus.

282 2930 372 2985 Perdit
384 2936 411 2984 et
422 2931 466 2984 hie
477 2932 552 2985 unda
564 2931 705 2997 proprium
714 2931 759 2996 jus
772 2935 844 2983 sorte
856 2928 985 2982 secunda.
1019 2932 1023 2942 ’

283 3032 406 3085 pondera
419 3032 481 3098 quis
492 3030 568 3096 ferri,
582 3030 645 3097 quis
658 3030 697 3082 sio
708 3042 724 3081 a
738 3029 812 3083 sonte
824 3029 920 3082 reterri

281 3131 392 3184 Audiit?
404 3133 459 3184 lioo
472 3136 538 3184 nutu
552 3136 635 3190 natat,
651 3143 697 3183 aes
713 3128 847 3197 liquidum
860 3129 1001 3183 solidatur.

279 3233 327 3285 iiie
339 3237 367 3284 et
379 3231 504 3298 discipuli
518 3232 605 3284 virtus
616 3235 691 3296 patet
703 3235 786 3296 atque
800 3231 930 3297 magistri,

280 3333 311 3384 Et
323 3331 527 3397 praenoscentis
540 3331 658 3397 signum,
673 3330 753 3383 simut
767 3335 793 3383 et
806 3327 939 3383 facientis.

173 3436 213 3487 11
227 3433 291 3497 (lbi.
328 3431 433 3483 Exierat
446 3429 569 3482 medicus
580 3430 680 3482 mentis
691 3428 771 3496 longe
784 3427 945 3481 Benedictus

282 3529 386 3583 Pellere
400 3536 566 3595 serpentem,
580 3537 688 3595 partum
701 3529 784 3582 simul
796 3534 822 3581 el
834 3528 986 3594 parientem

282 3633 352 3684 iture
363 3635 519 3689 vexantem,
534 3629 581 3682 sed
593 3627 636 3682 eis
646 3631 703 3695 jam
715 3630 769 3681 lata
782 3632 933 3695 parantem.

283 3734 316 3785 tit
326 3732 401 3785 venit
413 3731 544 3796 medicus,
558 3730 626 3799 fugit
643 3731 705 3783 nino
717 3741 831 3796 serpens
843 3730 977 3784 inimicus.

283 3837 362 3897 sunt,
375 3831 451 3899 prius
463 3833 563 3896 insani,
576 3843 644 3897 puer
656 3837 738 3899 atque
750 3843 882 3897 puerpera
895 3831 964 3884 sani.

282 3932 434 4000 iiiseiputus
445 3944 559 3986 consors
571 3943 687 3998 operans
700 3935 831 3997 operante
844 3931 972 4000 magistro

281 4036 387 4086 interea
400 4033 507 4100 signum
520 4031 583 4084 laeit
595 4044 681 4085 unum
693 4029 815 4084 carmine
827 4029 949 4099 dignum.

282 4132 321 4186 nd
333 4130 537 4198 componendas
548 4132 603 4196 jam
616 4130 707 4197 fruges
719 4134 801 4196 atque
812 4129 941 4198 legendas

281 4231 392 4283 Exierat
404 4231 521 4290 iiaurus,
536 4241 617 4294 super
629 4230 696 4281 liaeo
708 4240 723 4280 a
736 4234 813 4295 patre
824 4230 971 4283 secundus.

280 4334 350 4384 lium
364 4329 435 4383 redit
447 4327 480 4381 ad
494 4334 596 4381 sextam
610 4328 722 4395 reliquis
735 4341 797 4381 eum
811 4328 940 4383 iratribus
953 4330 1057 4383 horam.

279 4433 350 4483 ,inte
363 4427 558 4482 monasterium
572 4425 699 4494 gradiens
713 4439 828 4493 puerum
840 4427 914 4481 videt
926 4441 1011 4481 unum
1027 4443 1033 4477 :

278 4534 396 4583 dressus
408 4532 435 4580 et
446 4524 552 4578 ablatus
563 4524 614 4577 luit
626 4525 698 4589 huie,
713 4528 741 4578 et
751 4538 842 4578 sermo
855 4530 979 4594 negatus.

277 4629 437 4684 ildreniunt
448 4625 546 4680 tientes
558 4625 634 4690 pueri
649 4623 799 4691 miserique
812 4630 939 4691 parentes
