3136 5482
163 290 229 358 356
386 279 389 286 ’
515 303 640 355 cerm.
659 304 761 355 cono.
779 303 954 355 usercen.
972 301 1053 353 unu.

162 478 317 540 contempta
336 474 465 540 jactantia
486 478 513 526 et
533 472 714 541 generositate
736 476 898 538 parentum,
921 470 1099 524 nobilissimis
1123 474 1182 522 orta
1203 467 1322 522 natalibus
1337 479 1358 519 sc

161 573 265 628 mundo
279 572 341 626 iecit
354 573 511 640 ignobilem,
526 578 556 625 ut
569 572 760 626 nobilitaretur
771 572 801 623 in
820 571 912 635 caelis,
927 583 975 637 pro
988 582 1091 624 corona
1104 568 1252 635 suscipiens
1266 567 1357 621 cinereo

162 678 190 724 et
206 672 325 725 cilicium
338 684 387 737 pro
402 670 484 723 fascia
506 670 646 736 pectorali.
657 670 799 723 Pallebant
819 682 866 722 era
887 669 998 736 vigiliis,
1010 667 1186 732 abstinentia,
1197 663 1358 734 [paenitentis]

163 772 296 837 coniecta,
309 773 401 838 etjam
414 775 560 838 martyrem
572 769 662 823 adbuc
673 770 808 824 viventem
821 782 885 822 earo
905 774 1079 836 praemortua
1090 768 1251 822 testabatur.
1261 765 1358 820 Sicorin

165 871 263 925 mulier
275 872 436 923 Chananaea
454 869 489 923 de
510 869 586 923 iluxu
598 875 724 923 terrenae
744 869 936 923 sollicitudinis
948 869 1072 935 liberata,
1085 881 1114 921 se
1127 868 1192 922 totis
1203 866 1326 922 wnadbus
1338 862 1380 914 iri

164 971 293 1037 operibus
305 969 507 1023 misericordiae
524 983 664 1034 exercens,
677 969 742 1023 dum
763 969 808 1023 die
825 968 942 1036 quadam
960 966 1056 1022 deliris
1068 968 1098 1021 in
1109 967 1215 1022 caelum
1226 964 1302 1021 oeulis
1314 975 1357 1017 oeu-

163 1070 333 1138 templationi
353 1075 469 1137 vacaret,
490 1073 521 1123 ut
540 1069 619 1137 quasi
644 1070 678 1122 de
699 1070 835 1122 bumanae
857 1067 1073 1122 conversationis
1096 1066 1234 1122 wnsortio
1254 1064 1358 1119 ridemur

164 1171 307 1237 abstracta,
320 1169 366 1223 bei
379 1169 465 1223 tilium
477 1169 586 1222 dulcem
598 1171 692 1223 iesum
706 1168 740 1221 ad
753 1181 783 1221 se
795 1168 957 1222 inclinatum
969 1167 1052 1221 caelis
1064 1166 1222 1234 patentibus
1233 1163 1300 1230 vidit,
1309 1162 1357 1215 inter
1423 1228 1425 1233 Ι

164 1269 216 1322 alia
228 1270 278 1322 sibi
292 1269 485 1323 consolationis
496 1269 615 1321 lamenta
626 1268 763 1322 dicentem
775 1283 782 1320 :
792 1268 824 1321 Si
836 1270 870 1321 tu
883 1267 931 1320 vis
942 1279 1008 1321 esse
1018 1278 1150 1336 caecum,
1161 1277 1218 1334 ego
1228 1277 1275 1319 ere
1285 1264 1355 1317 tetttt
1422 1278 1425 1393 4

162 1372 192 1424 et
204 1382 225 1422 a
237 1372 266 1423 te
277 1370 457 1423 nullatenus
468 1367 732 1435 separatorum
742 1367 858 1434 sumptis
868 1367 986 1434 propriis
998 1366 1091 1420 nobile
1098 1365 1232 1433 hospitale
1241 1358 1355 1418 censam
1366 1354 1386 1407 lt
1421 1402 1425 1455 1

165 1467 255 1534 ampla
269 1468 439 1534 possessione
450 1466 591 1529 donatum,
605 1479 653 1520 sua
674 1478 801 1533 quaeque
813 1466 933 1532 pretiosa
953 1465 1067 1519 monilia
1080 1470 1107 1518 et
1117 1463 1250 1533 grandem
1259 1456 1357 1529 peeuw
1421 1458 1425 1591 Ι

165 1567 345 1633 quantitatem
357 1566 446 1619 eidem
461 1566 521 1619 loeo
542 1566 691 1618 liberaliter
703 1566 832 1634 elargita,
845 1565 872 1617 in
895 1577 950 1631 quo
970 1569 1107 1631 receptam
1119 1562 1308 1617 multitudinem
1316 1566 1357 1625 pli·

165 1678 260 1732 perum
281 1666 416 1732 corporali
437 1665 562 1719 visitabat
589 1664 740 1732 obsequio,
763 1664 907 1719 abluentes
928 1664 968 1718 eis
988 1664 1146 1718 necessaria
1165 1661 1356 1717 subministrent,

165 1763 250 1830 pedes
262 1765 384 1831 ipsorum
396 1772 423 1819 et
435 1765 521 1832 capita
532 1764 686 1818 incredibili
697 1765 864 1818 bumanitate
875 1765 1193 1832 larandobeprosorum
1203 1758 1357 1817 edendam

165 1876 235 1930 quae
247 1878 334 1931 paene
345 1865 530 1919 defluentibus
543 1865 673 1919 membris
691 1867 828 1932 aspectum
841 1865 932 1930 ipsum
949 1864 1109 1918 horribilem
1123 1861 1279 1927 efferebant,
1288 1844 1387 1924 stiffi

166 1963 207 2016 sui
219 1964 280 2018 velo
293 1964 442 2018 mundabat
454 1971 481 2018 et
492 1965 580 2018 votivo
599 1964 808 2018 deosculabatur
828 1962 935 2031 affeetu,
947 1968 1104 2017 currentem
1125 1963 1269 2032 detergens
1283 1955 1358 2013 anien

166 2062 255 2117 cilicio
264 2064 325 2130 piae
339 2077 447 2130 manus,
461 2077 511 2117 neo
529 2063 693 2118 fastidientis
704 2063 806 2117 indicio
820 2077 872 2117 nee
884 2063 986 2116 laboris
997 2062 1088 2118 taedio
1098 2062 1264 2117 densanda

198 2164 231 2215 4.
245 2165 357 2216 demum
373 2164 590 2230 propinquorum
602 2163 731 2216 destituta
744 2160 884 2231 suffragio,
897 2163 992 2216 eastris
1012 2167 1040 2217 et
1057 2161 1276 2228 possessionibus
1288 2148 1359 2212 ectasi!
1420 2170 1425 2267 ἰ

162 2260 304 2329 spoliatur,
318 2268 345 2316 et
365 2263 440 2317 velut
459 2263 573 2331 profuga
594 2263 630 2315 ita
651 2264 785 2329 premitur
806 2261 881 2315 exilii
898 2261 998 2316 vilitate
1016 2266 1047 2316 ut
1058 2262 1093 2316 ad
1105 2261 1294 2317 declinandum
1302 2252 1359 2319 apti

162 2360 314 2416 diversorio
334 2362 479 2430 denegato,
493 2363 564 2415 inter
577 2375 721 2429 porcorum
734 2363 842 2431 agmina
854 2366 968 2417 stratum
980 2374 1116 2430 quaerere
1134 2359 1272 2416 sordidum
1281 2337 1388 2425 wli„

162 2464 216 2526 tur,
229 2460 337 2513 atrioris
350 2462 429 2527 panis
441 2466 469 2513 et
481 2461 589 2514 leuioris
607 2473 694 2527 aquae
712 2460 865 2514 subsidium
884 2474 933 2527 pro
954 2460 1061 2514 deliciis
1073 2465 1213 2527 putatura.
1224 2457 1274 2513 sed
1287 2448 1358 2509 multi

162 2557 239 2611 tortis
250 2563 277 2611 et
288 2566 381 2612 sancta
395 2558 529 2612 hilaritate
542 2559 641 2612 mentis
652 2560 780 2625 injuriam
793 2564 820 2613 et
833 2559 979 2614 tolerantia
990 2541 1358 2626 supemnspauperuenai

162 2659 318 2713 afflictionis
339 2661 438 2714 malleo
458 2674 543 2727 super
562 2661 690 2714 incudem
715 2659 863 2726 patientiae
881 2661 999 2727 dilatata,
1014 2658 1199 2713 miserationis
1223 2669 1274 2712 nou
1288 2648 1355 2707 otiu

162 2758 254 2812 lanam
275 2760 401 2813 manibus
419 2760 584 2827 operabatur
602 2766 629 2813 et
649 2760 746 2826 linum,
760 2759 795 2813 de
807 2760 849 2813 sui
862 2760 963 2813 laboris
975 2758 1116 2825 impendio
1136 2756 1227 2812 nudos
1242 2752 1357 2823 patruelim

162 2860 291 2912 humeros
303 2861 442 2914 vestitura.
455 2864 505 2913 Per
524 2860 629 2913 alienas
648 2861 731 2912 etiam
752 2860 834 2913 aedes
846 2859 924 2926 quasi
936 2859 1096 2925 quaesitura
1109 2857 1291 2923 eleemosynas
1304 2828 1387 2903 iffi

161 2958 242 3011 batur
254 2973 404 3025 pauperum
417 2961 511 3013 usibus
527 2959 687 3028 erogandas,
701 2973 781 3027 egere
794 2959 908 3025 cupiens
929 2963 960 3011 ut
976 2958 1026 3011 sibi
1039 2957 1206 3010 abundaret.
1217 2958 1278 3010 Cum
1293 2952 1357 3004 auce
1422 2978 1425 3033 ἑ

161 3056 266 3122 plateae
279 3058 390 3110 modum
412 3072 495 3125 super
508 3059 612 3124 lapides
636 3057 767 3124 quosdam
780 3058 814 3110 ad
826 3055 1023 3110 declinandum
1035 3056 1142 3110 luteum
1160 3052 1313 3121 compositos
1324 3038 1357 3097 iii
1421 3040 1425 3145 ἰ

162 3169 282 3221 paupere
304 3157 395 3209 babitu
417 3158 515 3210 mulier
535 3157 691 3211 veneranda
704 3157 841 3222 transiret,
853 3157 881 3209 in
894 3156 980 3222 ipsius
999 3155 1090 3208 brevis
1103 3154 1211 3208 itineris
1223 3145 1360 3206 medlenti
1421 3152 1425 3203 t

162 3255 215 3306 lam
228 3256 333 3308 invenit
345 3258 461 3322 obviam,
475 3256 579 3309 dudum
599 3258 672 3309 inter
691 3256 758 3309 alias
770 3269 836 3308 suae
853 3255 951 3309 domus
972 3255 1088 3308 ancillas
1110 3253 1255 3321 stipendiis
1271 3237 1357 3317 propriis

161 3355 325 3407 enutritam:
339 3370 409 3422 (puae
426 3357 565 3410 dominam
588 3371 666 3409 suam
679 3357 708 3408 in
721 3357 829 3409 babitus
840 3356 942 3409 uilitate
956 3358 1154 3421 contemptam,
1167 3353 1263 3408 cedere
1277 3324 1387 3403 lembum

162 3454 337 3517 erubescens,
352 3462 523 3522 receptorum
536 3455 732 3509 beneficiorum
745 3456 839 3513 oblita.
853 3455 986 3508 senilibus
999 3455 1126 3508 bumeris
1137 3453 1249 3507 armatis
1263 3449 1292 3503 ad
1302 3447 1358 3507 imi*

162 3556 219 3603 tum
237 3551 324 3605 delira
338 3555 428 3605 vetula
450 3554 596 3607 crudeliter
619 3554 730 3606 immisit
750 3553 897 3607 inlutum.
919 3557 992 3617 Quae
1013 3552 1127 3606 taudem
1157 3555 1267 3618 aspectu
1284 3535 1360 3613 blitiffl’

162 3650 257 3705 videns
270 3659 296 3704 et
308 3654 439 3720 gaudens,
453 3654 597 3706 concitavit
611 3654 715 3721 fastigia
735 3653 763 3705 in
783 3654 891 3706 vetulae
912 3653 1033 3718 uilitate,
1048 3665 1106 3706 non
1128 3664 1253 3704 murmur
1270 3639 1359 3700 restibili
1422 3682 1425 3707 t

163 3763 219 3803 non
238 3753 426 3818 querimonia3
441 3766 497 3805 non
517 3753 683 3805 calumniam
701 3753 822 3819 suscitat,
837 3765 893 3805 non
915 3751 1073 3817 interpellat
1096 3750 1211 3813 ultores,
1225 3747 1272 3803 sed
1285 3741 1362 3812 iiiiii·
1423 3798 1425 3803 .

162 3847 216 3899 tiae
228 3847 293 3900 loris
305 3857 331 3900 et
343 3848 453 3902 lenitate
467 3851 612 3903 verborum
624 3851 762 3903 vesaniam
775 3849 932 3916 injuriantis
945 3849 1235 3916 inirenans‚protinus
1246 3847 1273 3899 iu
1283 3818 1394 3896 Ιειιιιὶεῐῦᾖ

165 3945 210 3996 liei
224 3950 251 3997 ct
262 3947 360 4013 gratias
373 3949 506 4000 creatoris
518 3949 618 4013 erupit.
631 3948 756 4014 exemplo
769 3947 889 4015 magistri
903 3947 1053 4013 superioris
1065 3947 1175 4011 edecta,
1186 3946 1234 4015 qui
1243 3957 1301 4001 tuni
1310 3934 1369 3994 mili

163 4044 301 4098 diceretur
319 4060 374 4099 non
396 4047 584 4111 maledicebat,
597 4050 703 4102 veniam
727 4062 776 4114 pro
789 4047 1037 4116 transgressoribus
1050 4047 1229 4114 deprecatus,
1242 4044 1372 4112 nequmta

164 4145 254 4209 etiam,
267 4145 333 4197 dum
346 4160 395 4211 pro
408 4147 561 4212 aliquorum
584 4149 670 4200 salute
691 4149 736 4199 liei
751 4147 966 4200 misericordiam
985 4148 1149 4213 imploraret
1166 4148 1223 4201 illis
1235 4159 1284 4215 pre
1299 4140 1378 4212 quibus

163 4244 267 4303 orabat,
280 4244 364 4297 sudor
382 4247 482 4299 nimius
503 4247 675 4313 erumpebat,
689 4248 768 4313 quasi
791 4246 973 4300 miserationis
995 4246 1077 4314 adipe
1089 4260 1140 4313 per
1151 4244 1382 4302 orationisinsat·

162 4342 430 4398 tiame-ircumiusus.
1396 4331 1417 4387 ll

196 4443 227 4493 5.
241 4442 349 4494 Talibus
370 4445 438 4496 vitae
461 4458 542 4497 cursu
566 4444 682 4498 tideliter
704 4445 821 4512 expleto,
843 4446 1002 4499 domesticis
1023 4446 1081 4499 suis
1099 4445 1270 4513 praedicens
1286 4445 1394 4502 obitum.

163 4539 285 4601 praescia
297 4541 338 4591 sui
351 4541 422 4599 linis.
436 4543 461 4594 ei
480 4545 588 4596 beatum
602 4543 719 4597 reddidit
731 4544 857 4610 spiritum
873 4545 952 4610 cujus
965 4544 1108 4612 obsequiis
1120 4559 1151 4599 se
1163 4545 1290 4613 deserit,
1301 4542 1398 4600 munde

1420 2408 1425 2455 l
