3136 5482
270 342 363 391 uret.
384 343 467 393 uxr.
487 344 603 393 exuts.
624 366 669 374 -
685 344 837 394 nerano.
859 344 905 393 xo
922 344 999 393 con.
1023 341 1097 392 arsa.
1227 327 1293 392 303

138 511 253 575 rentes,
264 522 321 564 uec
333 509 477 564 babentes
489 522 548 578 quo
561 512 799 580 teueriposst'ut
811 512 893 564 audi
910 524 981 566 cum
992 511 1089 565 audis
1100 510 1200 580 sortia
1211 511 1294 566 bello

138 609 176 659 :ut
187 625 196 662 :
207 607 360 675 siquidem
382 607 500 677 fortius
511 613 683 677 superatur
703 608 800 664 bostis
812 609 842 663 ri
861 608 945 662 mihil
957 623 1050 662 suum
1071 609 1106 662 iu
1116 623 1186 664 eum
1205 622 1294 677 mm

138 706 183 758 etit
193 705 335 760 iuvenire
343 708 467 774 poterii.
481 709 586 775 Neque
605 709 648 762 rii
659 708 742 762 vobis
764 708 866 762 toedio
881 707 1026 762 laborare
1046 709 1080 760 iu
1091 709 1227 774 soeculo,
1240 708 1296 775 qui

138 816 209 858 mae
231 805 417 860 hereditatis
440 808 608 861 denarium
631 807 768 876 feliciter
791 809 979 874 cospectotie
1003 820 1023 861 o
1046 807 1185 862 Domiuo.
1210 808 1294 862 Raro

138 914 168 956 ue
177 905 267 958 miles
287 905 331 958 ad
339 907 486 973 proemia
498 907 582 960 vertit
593 908 647 960 cui
653 920 725 976 poor
736 909 805 961 solo
817 905 889 974 suit,
903 909 933 959 et
944 918 1033 960 tremo
1047 908 1081 960 iu
1094 907 1198 960 studio
1209 917 1292 960 coro·

138 1003 239 1056 truisi
250 1004 307 1071 qui
319 1005 454 1071 teqitime
473 1007 650 1060 certauerit.
664 1007 843 1072 Numquam
856 1007 901 1059 ert
913 1006 996 1058 euim
1009 1019 1124 1059 mouus
1136 1005 1295 1060 Dominio

138 1113 192 1154 tere
221 1115 324 1157 vocuo
345 1104 376 1157 ri
396 1104 518 1173 suerint
538 1118 661 1160 aroana
681 1105 785 1159 cordis
804 1104 882 1158 bonu
904 1105 1064 1158 uoluntate
1083 1105 1214 1172 repleto.
1227 1104 1295 1158 Noa

138 1213 200 1254 loos
221 1200 354 1269 frouqot
374 1202 436 1256 mei
456 1202 607 1270 absentio,
621 1203 780 1271 quiajam
803 1203 951 1256 Dominus
972 1205 1121 1257 meoocut
1142 1203 1184 1256 od
1196 1201 1293 1255 vitum

138 1312 159 1352 m
165 1312 252 1367 puro
265 1306 366 1356 mente
376 1316 497 1371 seraper
508 1304 658 1371 adoptavi
669 1304 810 1358 ricorde.

138 1401 153 1450 l.
165 1401 287 1466 Cumque
302 1401 402 1455 talibus
423 1403 570 1469 multisque
586 1404 647 1456 aliis
659 1403 824 1456 dulcissimis
842 1404 932 1455 serbis
946 1405 1042 1456 iratres
1059 1404 1218 1456 exhortatus
1230 1402 1294 1454 suis·

137 1502 227 1566 tpacis
239 1503 330 1556 dulcia
341 1504 434 1556 oscula
448 1505 604 1571 reliquisset
623 1505 788 1571 caelestique
802 1503 997 1557 benedictione
1015 1516 1063 1557 cos
1076 1503 1293 1566 corroborasset,

139 1598 265 1654 dentibus
286 1603 425 1670 nimioque
449 1617 572 1657 maerore
594 1605 789 1672 hejulantibus,
813 1604 910 1668 plenus
933 1603 1079 1656 virtutibus
1102 1603 1293 1662 etsauctitate.

140 1699 316 1754 kalendarum
335 1703 535 1771 januariarum,
548 1705 623 1771 quod
646 1719 726 1758 suum
749 1707 837 1760 iuerat
858 1707 976 1761 reddens
999 1714 1098 1773 terrae,
1114 1707 1208 1760 ilatum
1221 1706 1295 1759 uude

138 1804 204 1851 terat
216 1802 308 1853 retulit
320 1808 426 1867 sponte.
441 1805 489 1856 llle
501 1817 567 1856 vero
580 1805 652 1858 iuter
663 1805 809 1858 candentia
828 1807 946 1859 liliorum
961 1811 1033 1860 serta
1054 1814 1091 1870 et,
1102 1811 1132 1859 ut
1144 1806 1292 1860 credimus

138 1911 162 1950 tr
172 1902 279 1965 excepit
290 1900 337 1967 qui
350 1916 413 1954 eum
429 1908 484 1956 tam
497 1904 577 1957 claris
590 1905 729 1957 miraculis
743 1905 771 1956 in
784 1907 894 1959 saeculo
907 1920 1052 1959 eoruscare
1074 1906 1146 1959 iecit.
1165 1905 1293 1970 Sepultus

138 2003 215 2051 tutem
237 1998 272 2050 ad
292 2003 536 2067 septentrionalem
558 2008 663 2070 partem
685 2005 771 2069 ipsius
792 2007 950 2058 monasterii
972 2019 1055 2071 super
1079 2005 1164 2070 ipsius
1184 2010 1292 2057 antrum

138 2110 212 2150 lucae
230 2112 285 2165 quo
306 2105 462 2166 serpentem
484 2102 572 2168 ejecit,
586 2103 656 2154 sieut
677 2104 735 2168 ipse
749 2088 877 2156 iratribus
891 2105 956 2158 olim
969 2105 1148 2157 commonuit.
1167 2104 1216 2156 Ubi
1233 2116 1295 2169 opo·

138 2198 296 2251 iclementia
314 2200 471 2257 salvatoris,
485 2202 578 2254 multis
599 2203 794 2256 miraculorum
817 2205 901 2271 signis
924 2204 1044 2256 divinam
1067 2205 1191 2256 virtutem
1206 2202 1293 2254 multi·

138 2307 169 2346 er
181 2296 335 2361 publicavit.

138 2395 157 2447 5.
169 2398 204 2449 be
216 2397 318 2463 quibus
329 2399 397 2451 illud
406 2412 463 2453 uon
476 2401 613 2454 silendum
625 2409 712 2455 ratum
723 2402 861 2469 duximus,
875 2402 948 2469 quod
961 2404 1033 2455 circa
1045 2402 1165 2455 eundem
1178 2401 1292 2453 fundum

138 2507 174 2547 am
187 2503 245 2549 erat
258 2502 333 2576 pater
354 2498 481 2562 familias,
494 2501 596 2567 agilus,
610 2513 666 2553 non
688 2502 779 2554 minus
791 2503 890 2568 plenus
911 2501 1008 2566 opibus
1029 2514 1111 2568 quam
1132 2500 1289 2554 virtutibus.

138 2607 153 2644 s
164 2594 226 2647 dum
240 2610 336 2649 sersus
348 2598 469 2664 quidam,
483 2613 600 2665 quorum
622 2600 727 2653 infinita
751 2599 925 2653 multitudine
938 2599 1069 2666 pollebat,
1081 2599 1219 2665 quoddam
1236 2610 1293 2651 cor-

138 2693 208 2748 tdum
221 2710 284 2763 erga
296 2696 440 2750 dominum
461 2697 626 2761 admisisset,
640 2698 674 2752 ad
695 2700 851 2765 sepulcrum
873 2700 958 2752 sancti
972 2699 1108 2751 Maximini
1121 2699 1292 2766 condrgieus,

139 2791 232 2846 sidium
245 2796 383 2860 expetivit.
399 2798 465 2848 cum
478 2810 543 2849 vero
556 2797 629 2848 idem
651 2802 727 2862 pater
749 2797 864 2849 familias
885 2811 948 2849 cum
971 2796 1137 2862 requirendo
1159 2796 1214 2847 illic
1235 2809 1295 2848 esse

138 2893 250 2947 torisset.
264 2895 390 2947 incautus
408 2896 433 2947 vi
452 2897 582 2948 abstraxit
603 2896 772 2963 domumque
793 2896 885 2964 flagris
906 2895 1046 2949 caedendo
1067 2895 1183 2948 reduxit.
1196 2895 1247 2947 Sed
1267 2902 1297 2945 ut

138 2987 241 3058 lleqeret
257 3007 317 3046 sese
329 2999 425 3046 contra
445 3001 570 3047 sanctum
584 2996 630 3047 bei
652 2996 841 3060 imprudenter
862 2995 960 3061 egisse.
973 2995 1062 3046 statim
1083 2994 1174 3047 divina
1195 2993 1298 3046 ultione

138 3088 193 3153 itus,
206 3105 337 3158 corporea
349 3095 439 3159 coepit
451 3093 608 3148 infirmitate
621 3096 736 3163 inligari.
750 3096 799 3158 Qui
813 3107 886 3153 mox,
897 3101 927 3146 ul
939 3095 980 3147 tir
992 3095 1111 3159 sapiens,
1121 3094 1193 3160 quod
1207 3097 1299 3161 egerat

138 3193 329 3258 queriturque
350 3194 531 3247 lassabundus
552 3196 722 3261 artubusque
741 3193 890 3246 tremendis
905 3195 1032 3246 manibus
1055 3193 1218 3246 famulorum
1241 3205 1298 3244 sus·

138 3292 196 3353 atus,
209 3294 296 3344 sancti
309 3293 359 3344 viri
372 3295 542 3346 mausoleum
553 3294 680 3359 expetivit
690 3300 772 3359 atque
782 3299 811 3346 ut
821 3295 871 3344 bac
884 3292 961 3344 tieret
972 3298 1046 3359 peste
1056 3294 1161 3345 solutus
1173 3291 1300 3358 precibus

138 3388 255 3443 sinenter
272 3392 460 3457 expostulavit.
473 3394 596 3458 dumque
616 3393 725 3446 divinae
744 3393 851 3445 virtutis
874 3392 1038 3444 medicinam
1052 3391 1148 3443 inisset
1159 3395 1297 3455 expertus,

138 3485 187 3540 tina
203 3496 243 3542 est
255 3492 371 3543 sanitate
393 3491 520 3551 donatus,
539 3499 565 3544 et
578 3493 697 3544 eundem
710 3506 819 3544 servum
831 3491 922 3543 eidem
935 3490 1039 3543 tumulo
1060 3489 1193 3557 delegavit
1205 3502 1299 3555 perpe-

143 3589 305 3642 serriturum.
319 3591 421 3643 Gellam
442 3605 507 3645 vero
521 3605 553 3644 ox
567 3592 665 3658 opibus
687 3592 805 3657 propriis
824 3592 900 3656 Juxta
913 3589 1072 3655 qualitatem
1094 3589 1144 3642 loci
1157 3587 1299 3651 exstruxit,

138 3686 246 3738 rotariis
258 3688 387 3752 operibus
406 3694 433 3742 et
451 3688 575 3742 donariis
595 3702 643 3755 pro
656 3689 842 3754 possibilitatis
862 3686 972 3764 modulo
985 3688 1136 3753 exornavit,
1153 3686 1298 3753 adjuvante

138 3784 279 3849 quislibet
291 3793 385 3855 regnat
398 3801 448 3853 per
460 3788 552 3840 omnia
566 3788 674 3841 saecula
687 3789 869 3841 saeculorum.
882 3790 978 3840 Amen.

541 3979 838 4005 μ

281 4195 442 4285 oxoltl.
466 4195 591 4284 (lodex
611 4198 800 4307 signabis
823 4221 935 4284 num.
963 4192 1084 4281 3791.

138 4413 171 4464 lm
187 4409 359 4463 colbertinus
373 4413 429 4476 ils,
442 4410 544 4464 deinde
556 4411 656 4479 Regius
669 4412 697 4463 C.
711 4411 786 4463 sobo.
800 4411 824 4463 9.

138 4512 240 4564 liorum
252 4509 310 4575 tot,
326 4511 389 4576 maj.
401 4511 619 4575 (amittamur),
633 4509 768 4563 columnis
781 4509 863 4575 binis,
876 4512 1002 4560 exaratus
1014 4519 1086 4559 saec.
1102 4505 1157 4557 xli,

171 4607 209 4682 1⁰
228 4604 325 4698 [Vita
343 4605 381 4682 S.
403 4606 562 4705 Nicolai]
582 4607 660 4702 (iol.
682 4606 847 4696 illidio.
