3156 5452
262 113 355 162 eren.
374 112 457 162 nar.
476 112 593 165 rums.
612 132 657 143 —
673 112 828 163 trenno.
847 112 895 162 an
912 111 989 162 oon.
1010 108 1084 158 aree.
1225 92 1292 159 287

64 272 123 330 edn
133 279 252 333 lacrimis
264 285 389 335 sanctum
402 282 587 349 Tryphonem,
601 281 697 334 dicens
714 297 720 334 :
734 283 826 335 Serve
835 280 892 334 Dei
905 277 1058 347 tryphon,
1071 277 1221 346 quoniam
1230 277 1293 332 oir-

69 366 116 429 ⁸¹<s
124 377 175 431 Dei
185 381 232 432 est
244 378 279 431 in
293 381 330 447 te,
343 379 492 432 iniserere
502 380 565 433 mei
575 382 605 433 et
623 393 681 435 ora
694 384 791 433 Deum
803 382 892 433 tuum
904 382 939 432 ut
950 379 1050 433 salvet
1062 377 1167 446 filiam
1178 389 1291 431 meum

68 466 170 531 Sductus
182 480 311 544 Tryphon
323 477 392 531 dixit
404 494 411 530 ι
426 479 460 531 Si
471 480 574 533 credis
586 481 621 532 tu
633 480 800 534 Dominum
808 481 915 533 iesum
932 477 1099 545 Christum,
1112 476 1291 531 salvabitur

70 571 130 636 tilio
140 579 208 631 teta.
231 580 371 645 Ingressus
389 579 481 645 itaque
499 581 541 631 vir
557 581 603 633 tlei
625 581 653 632 in
672 578 785 633 domum
799 581 867 646 ejus,
881 579 996 632 removit
1008 577 1150 644 populum,
1164 582 1192 628 ct
1204 577 1289 642 suspi-

34 658 120 728 ὕκης
130 677 220 729 dixit:
234 677 411 730 Praestitor
434 679 514 730 lucis
531 679 622 743 Deus,
645 678 700 745 qui
716 677 816 731 donas
831 678 870 731 de
883 676 1029 744 superuis
1051 675 1174 729 diuitiis
1194 675 1292 729 caele-

65 773 151 827 utum
160 772 384 828 thesaurorum
396 787 467 842 opes
475 789 555 843 quas
564 775 724 845 suresuou
736 774 933 845 furentur,et
944 775 1112 842 puteorum
1121 773 1197 828 ades
1210 773 1293 827 iuvo-

64 872 201 927 tantihus
211 875 250 940 te,
263 874 318 941 qui
338 875 397 927 das
414 875 607 942 sapientiam
627 876 666 928 de
686 875 817 929 occultis
835 875 1012 943 sapientiae
1032 876 1106 927 tuae
1123 872 1291 939 thesauris,

63 971 157 1027 hiera
169 972 340 1039 imapinem
352 973 488 1026 hominis
500 988 596 1041 quam
603 975 776 1042 plasmasti
796 978 825 1027 et
837 987 933 1042 opera
945 987 1098 1028 manuum
1112 976 1241 1026 tuarum
1253 986 1293 1024 ue

59 1072 233 1140 despiciam·
244 1073 399 1126 resuscita
406 1074 552 1138 percitam
565 1075 668 1141 istam,
682 1077 718 1127 ut
729 1075 857 1128 videant
877 1086 981 1127 munes
1006 1072 1135 1127 deitatis
1147 1074 1221 1125 tuae
1231 1072 1296 1125 oir-

10 1167 49 1223 lo
61 1172 154 1224 tutem
166 1174 198 1223 et
210 1170 382 1236 nutritium,
401 1174 431 1223 et
447 1172 578 1225 credaut
600 1185 704 1226 omnes
723 1173 872 1240 quautam
890 1175 924 1225 lu
936 1185 968 1225 es
980 1173 1036 1240 qui
1044 1170 1212 1225 illuminas
1223 1172 1293 1223 uni·

58 1282 171 1325 meos.
185 1271 292 1322 Etcum
305 1270 371 1322 hacc
383 1269 508 1333 dixisset,
522 1273 608 1325 tenuit
621 1273 741 1337 puellam
754 1277 780 1325 et
792 1273 830 1325 ait
842 1287 850 1324 :
863 1271 902 1325 Iu
913 1271 1038 1325 nomine
1050 1270 1159 1324 Patris
1172 1272 1201 1323 et
1215 1270 1294 1322 Filii

59 1372 87 1422 et
96 1367 237 1436 Spiritm
246 1367 359 1435 sartcti,
370 1368 426 1434 qui
433 1371 572 1422 mortuos
580 1371 782 1425 resuscitarit
792 1374 822 1424 et
832 1372 865 1424 in
875 1371 1008 1425 terrearis
1021 1371 1203 1425 constitutos
1215 1371 1290 1423 iltu-

59 1467 204 1533 minaoit,
220 1479 355 1533 eusurpe
373 1466 518 1520 absoluta
530 1468 569 1521 cie
583 1469 720 1522 uinculis
731 1471 851 1525 rnortis.
865 1471 1040 1524 Et'continuo
1054 1470 1172 1523 surrexit
1187 1470 1289 1535 puella.

59 1566 136 1630 Quod
148 1567 273 1620 videntes
284 1567 331 1631 qui
344 1567 459 1619 aderant
469 1566 693 1633 glorificaverunt
706 1571 801 1634 ileum,
820 1570 866 1635 qui
880 1581 928 1635 per
948 1574 1056 1622 sanctos
1078 1581 1143 1622 suos
1155 1566 1294 1634 magnalia

10 1665 197 1733 inoperatur,
210 1670 238 1718 et
251 1666 321 1718 lacta
335 1671 377 1717 cst
391 1665 492 1718 taetitia
505 1679 561 1720 non
574 1667 682 1720 modica
696 1668 724 1720 in
734 1667 846 1734 populo.

91 1765 123 1818 9.
147 1766 211 1818 Post
230 1765 299 1817 hacc
319 1764 497 1831 hydropicum
521 1765 659 1831 quendam
680 1766 842 1819 obtulerunt
859 1769 894 1834 ei,
920 1769 966 1833 qui
988 1780 1097 1819 omnem
1111 1767 1292 1819 substantiam

60 1877 137 1917 suam
149 1862 309 1930 expendens
322 1864 351 1916 in
364 1863 488 1929 medicis,
502 1864 570 1915 nihil
583 1864 751 1930 proficiebat.
765 1868 849 1929 Quem
863 1866 1023 1919 virsanctus
1033 1865 1077 1930 pio
1089 1864 1293 1918 misericordiae

60 1964 140 2018 oculo
152 1964 275 2025 intuens,
288 1964 326 2015 ait
339 1979 346 2014 :
361 1964 450 2030 nun,
466 1965 563 2030 poter
582 1964 664 2017 caeti
683 1967 715 2016 ct
732 1967 844 2031 terrae,
858 1964 913 2031 qui
923 1965 1086 2017 uoluntate
1105 1966 1160 2017 tua
1172 1966 1201 2017 et
1213 1963 1295 2018 boui-

61 2064 126 2116 tote
134 2061 252 2116 Christi
263 2062 311 2115 tui
323 2060 480 2129 aperuisti
489 2060 651 2116 thesauros
660 2075 818 2130 uquarum
831 2065 860 2116 et
868 2063 954 2116 rivos
962 2061 1134 2128 iuniorum
1143 2063 1294 2129 eduatsti,

10 2157 49 2213 2⁰
61 2173 144 2215 ntutc
161 2162 247 2215 soioe
265 2161 351 2214 rivos
368 2160 561 2214 valetudinis
583 2160 718 2215 leontinis
739 2162 840 2229 hinne.
863 2165 895 2215 tn
915 2175 1064 2216 conversus
1085 2161 1121 2215 ad
1140 2161 1291 2223 inhrmum,

64 2259 244 2327 apprehendit
264 2273 376 2314 manum
396 2262 467 2326 ejus,
489 2264 516 2313 et
536 2260 646 2313 elevans
663 2274 737 2328 eum,
758 2263 815 2315 ait:
842 2261 880 2315 In
902 2261 1020 2315 virtute
1043 2261 1170 2314 Domini
1190 2259 1294 2313 nostri

63 2360 134 2414 lesu
148 2358 263 2415 Christi
274 2372 373 2428 surpe,
386 2362 534 2427 quonium
551 2373 699 2414 sanuses.
719 2363 767 2425 Qui
785 2374 901 2429 surgens
914 2361 948 2413 ab
958 2360 1128 2429 aegritudine
1142 2372 1190 2412 sua
1212 2371 1296 2412 sanus

64 2460 149 2513 huus
160 2466 213 2525 est,
226 2465 254 2514 et
262 2461 382 2513 universi
392 2461 439 2527 qut
452 2461 579 2514 viderunt
590 2460 707 2528 gloriam
719 2460 855 2513 dederunt
866 2463 930 2514 tlco.

95 2557 145 2611 10.
159 2561 267 2612 Patrato
280 2560 371 2625 itaque
384 2566 439 2612 tam
450 2559 547 2627 grandi
562 2560 705 2625 miraculo,
715 2571 778 2611 ecce
790 2560 888 2612 mulier
903 2560 1037 2626 quaedam
1056 2558 1130 2613 venit
1141 2557 1176 2611 de
1188 2569 1294 2618 cremo,

18 2650 51 2709 tt
64 2670 144 2713 caeca
164 2663 193 2712 el
212 2658 379 2712 semiarida:
403 2659 592 2711 inhabitabant
611 2660 685 2713 enim
705 2671 765 2711 eam
786 2658 935 2711 daemones
957 2658 1061 2711 decem.
1075 2659 1160 2721 Quam
1173 2669 1237 2709 cum
1258 2656 1296 2710 vi·

63 2756 147 2811 disset
158 2763 270 2811 sanctus
282 2758 421 2823 Tryphon,
435 2758 593 2821 pavefactus
606 2765 646 2811 est
659 2762 686 2811 et
695 2758 828 2810 invocavit
845 2757 961 2810 daemon
975 2771 1040 2811 tore
1058 2769 1154 2825 magna
1168 2760 1291 2809 sanctum

62 2858 243 2925 Tryphonem.
256 2857 305 2910 cui
317 2857 358 2909 vir
369 2863 481 2910 sanctus
493 2859 530 2911 ait
543 2874 550 2909 ι
567 2859 638 2918 Quis
650 2870 691 2925 es,
704 2861 733 2911 et
744 2858 826 2912 uude
839 2858 973 2913 vertisti?
985 2858 1137 2925 Respondit
1147 2858 1266 2912 daemon
1281 2874 1288 2910 :

62 2956 123 3024 tipo
132 2970 203 3011 sum
214 2955 353 3010 omnium
366 2956 599 3010 immundorum
620 2958 790 3025 spirituum
802 2961 907 3026 caput.
927 2960 974 3012 Cui
988 2960 1083 3012 heatus
1094 2960 1221 3025 Tryphon
1233 2959 1290 3011 ait:

61 3054 388 3123 ltprcdere,immunde
398 3054 576 3123 spiritumet
588 3056 656 3109 noli
667 3056 826 3110 verbosari
835 3058 853 3109 *.
868 3059 988 3109 haemon
998 3057 1080 3124 igitur
1089 3056 1123 3109 de
1132 3057 1287 3109 habitaculo
1353 3082 1362 3100 ·
1379 3079 1434 3134 ,ῑο,

16 3154 46 3204 to
59 3166 110 3207 suo
121 3154 261 3222 expulsus,
275 3167 341 3208 voce
358 3167 456 3222 magna
469 3154 595 3208 clamarit
613 3155 708 3208 dicens
723 3173 729 3208 ι
744 3156 872 3210 Romam
884 3155 978 3209 haheo
990 3155 1153 3209 ambulare
1159 3158 1292 3223 propter

63 3253 265 3323 Tryphonem,
288 3256 321 3307 ut
338 3258 368 3307 et
388 3253 432 3308 ihi
448 3254 596 3308 adveniat
613 3259 765 3309 evocatus.
781 3259 877 3308 Beatus
889 3257 1016 3322 Tryphon
1028 3257 1065 3308 ait
1079 3271 1086 3307 ε
1099 3256 1138 3309 tn
1151 3255 1290 3322 ihiprae·

55 3366 126 3408 sent
137 3365 203 3421 ero,
217 3355 276 3408 Deo
288 3365 354 3408 meo
367 3354 496 3408 notente.
509 3356 630 3421 Cumque
643 3355 743 3407 mulier
754 3355 789 3407 de
803 3360 933 3420 potestate
953 3355 1086 3408 immundi
1099 3355 1211 3420 spiritus
1223 3355 1289 3407 lihe-

56 3460 116 3507 rata
128 3455 234 3521 luisset,
257 3460 366 3508 sanetus
386 3455 437 3519 nir,
459 3466 542 3520 super
561 3461 642 3520 caput
662 3455 722 3522 ejus
742 3456 849 3523 signum
867 3456 956 3508 crucis
968 3456 1080 3520 taciens,
1095 3455 1132 3507 ait
1145 3467 1153 3506 ε
1166 3454 1290 3521 Mul-ier,

52 3553 203 3608 misertus
214 3556 260 3608 est
272 3553 320 3606 tut
331 3554 420 3606 Deus.
429 3554 460 3605 lit
472 3566 535 3606 cum
547 3553 640 3606 oculos
649 3554 708 3620 ejus
718 3560 745 3608 et
754 3560 845 3607 cetera
857 3555 982 3608 membra
991 3555 1132 3622 signasset,
1144 3553 1289 3607 confestim

10 3654 36 3707 ii
52 3653 143 3720 spent
155 3653 303 3706 suntoculi
315 3653 384 3719 ejus,
398 3659 426 3705 et
446 3652 514 3706 vidit
534 3653 634 3706 mulier
652 3659 680 3706 et
691 3660 785 3707 sanata
803 3659 844 3707 est
857 3655 885 3706 in
894 3660 1042 3720 conspectu
1054 3654 1187 3720 omnium,
1207 3654 1290 3706 virtu-

51 3758 112 3805 tem
123 3753 171 3807 liei
182 3757 264 3819 atque
277 3753 427 3818 potentiam
439 3753 606 3806 unanimiter
618 3754 843 3807 collaudantium.

87 3853 135 3904 11.
148 3855 269 3906 haemon
281 3865 345 3905 vero
367 3854 458 3906 statim
476 3854 589 3907 Romam
605 3853 711 3921 adiens,
730 3854 853 3906 habitare
871 3853 960 3919 coepit
977 3853 1005 3905 in
1022 3854 1163 3919 cujusdam
1180 3854 1288 3906 Proculi

50 3954 190 4007 senatoris
212 3965 310 4018 uxore,
326 3954 443 4020 graviter
459 3965 520 4005 eam
537 3965 650 4005 vexans.
667 3955 778 4006 Etertia
795 3952 841 4005 die
854 3953 944 4018 coepit
955 3951 1072 4005 daemon
1085 3953 1213 4006 invocare
1225 3965 1286 4005 san·

49 4058 129 4108 ctum
138 4053 321 4119 Tryphonem.
335 4052 452 4105 Perdice
462 4053 537 4105 enim
549 4053 650 4106 multos
667 4058 830 4119 quaerentes
844 4052 1023 4119 persingulas
1040 4051 1161 4105 civitates
1174 4057 1201 4104 et
1212 4053 1286 4105 vicos

10 4160 27 4211 d
48 4158 80 4207 et
102 4151 190 4219 villas,
211 4153 256 4205 rix
276 4153 441 4205 invenerunt
460 4153 572 4205 beatum
597 4153 768 4219 Tryphonem
793 4154 821 4204 in
850 4164 950 4217 pascua
971 4164 1036 4205 oves
1057 4156 1232 4218 pascentem;
1257 4158 1286 4204 et

46 4258 228 4308 assumentes
241 4265 304 4305 eum
318 4266 400 4318 super
412 4253 524 4318 animal,
546 4254 659 4304 Romam
677 4252 824 4304 duxerunt.
847 4253 968 4318 Cumque
990 4250 1236 4317 appropinquasset
1245 4250 1285 4303 ln·

44 4356 115 4408 ians
126 4352 254 4419 Tryphon
266 4350 367 4411 civitati
380 4358 407 4405 et
417 4351 512 4406 domui
525 4352 668 4418 senatoris,
681 4352 770 4418 coepit
777 4351 894 4405 daemon
904 4351 995 4404 dicere
1007 4366 1015 4402 ε
1036 4351 1120 4404 Venit
1140 4349 1282 4418 Tryphon
