3136 5482
278 112 322 176 ts
625 126 747 177 cautu.
767 126 868 177 cono.
886 125 1061 177 arctoos.
1079 124 1160 174 aar.

279 307 322 348 eo.
335 296 414 347 Omni
427 294 473 347 die
485 294 651 348 continuans
671 293 828 361 praedicare
839 293 948 360 populo,
962 295 1033 347 viam
1051 294 1173 348 veritatis
1184 294 1336 362 edocendo,
1348 302 1400 349 tam
1411 297 1436 349 in
1444 307 1498 348 scr

278 408 361 448 mone
383 395 518 461 gratiosus
530 408 611 461 quam
626 395 655 447 in
668 407 784 461 persona
805 394 955 460 speciosus,
968 395 1015 447 bei
1035 395 1210 448 altitudinem
1230 396 1361 462 sapiebat.
1373 399 1496 449 bununa

279 493 326 546 die
338 506 435 561 magna
449 494 613 546 confusione
634 493 726 560 popuii
738 492 858 546 adunata
872 491 1041 559 praedicaret
1052 494 1155 560 populo
1172 494 1287 548 verbum
1299 495 1411 562 bomini,
1421 495 1495 548 bomo

279 593 393 661 quidam
413 594 489 646 dives
510 593 589 645 valde
610 606 692 660 super
709 606 810 659 equum
832 594 917 657 venit,
939 599 967 645 ct
987 593 1135 658 procidens
1155 607 1247 646 coram
1268 602 1363 649 sancto
1374 592 1495 661 praesule,

279 706 352 761 genu
372 692 442 746 ilexo
453 692 541 746 dixit:
564 694 676 747 Pastor
696 691 779 760 bonc,
793 692 849 759 qni
867 706 888 746 α
910 693 1151 761 Decelectnscs,
1168 692 1247 748 habe
1261 683 1523 749 miscricordiam⁵

280 793 315 845 in
327 805 384 861 mc,
398 791 547 860 qnoniam
558 792 648 860 filins
658 804 756 859 mens,
769 792 899 858 cupiens
918 793 960 847 ad
973 794 1002 845 re
1018 792 1134 859 venire,
1147 792 1264 847 cadens
1274 793 1314 846 de
1323 806 1406 862 cono,
1416 792 1499 847 bitae

110 903 119 923 ¹
133 901 178 954 ito
190 899 255 953 coci.
284 890 380 945 tibine
387 890 447 943 sibi
453 889 578 958 fractae
585 891 747 944 sunt.Ecce
755 903 825 942 enin
836 903 942 944 coram
952 894 981 943 tc
988 890 1228 945 destinandus·
1237 891 1268 944 ci
1273 890 1499 946 benedictionem

280 990 378 1053 tuom,
389 990 418 1041 ct
432 987 579 1042 continno
601 986 774 1041 ambirtobit
796 988 830 1040 in
854 987 970 1042 Christi
986 988 1120 1053 nomine,
1133 1001 1223 1055 quern
1234 990 1342 1043 adoro.
1355 992 1443 1043 seruus
1450 980 1501 1041 bei

278 1087 437 1153 destitutus,
451 1087 551 1153 pietate
560 1092 659 1151 motus,
673 1087 824 1153 respiciens
837 1088 865 1138 in
879 1087 996 1147 caelum,
1010 1088 1114 1153 rogavit
1125 1089 1271 1141 bominum
1280 1091 1383 1152 iesum,
1394 1087 1501 1141 dens:
1543 1150 1546 1155 ¹

277 1185 351 1238 Jesn
363 1184 446 1252 bone,
459 1185 600 1238 salvator
617 1185 740 1249 mnndi,
754 1185 809 1252 qui
820 1185 859 1238 cte
877 1184 978 1239 nitito
998 1189 1112 1239 cuncta
1130 1187 1247 1240 creasti
1265 1189 1295 1240 ct
1313 1185 1392 1239 mibi
1405 1186 1506 1241 ocuio8
1518 1166 1544 1222 ¹⁰

276 1283 427 1351 dignatus
444 1296 476 1337 es
496 1283 631 1350 aperire,
639 1286 773 1350 praesto
789 1295 888 1350 puero
909 1282 983 1338 bnic
998 1285 1139 1350 praciam
1159 1284 1361 1351 benignitatis
1380 1275 1508 1349 tucca!
1529 1294 1532 1299 ⁴

274 1382 516 1437 circumstantes
528 1385 713 1450 coacescant
726 1383 865 1450 gloriam
886 1383 1070 1437 altitudinis
1089 1386 1171 1452 tuce,
1185 1385 1241 1453 qni
1251 1398 1361 1439 manca
1372 1385 1406 1439 in
1416 1378 1507 1438 trini·

275 1484 339 1535 tote
353 1484 382 1535 ct
393 1482 518 1534 unitate
529 1481 563 1533 in
574 1480 695 1548 spiritu
714 1483 822 1535 sancto
828 1493 890 1548 per
910 1483 1024 1535 cuncta
1035 1484 1166 1537 saccula
1185 1484 1395 1538 sacculorum.
1407 1484 1500 1536 Omnis

275 1582 375 1635 cborus
387 1581 530 1646 respondit
540 1581 646 1633 Amen.

308 1678 418 1732 Lectio
437 1682 567 1732 octava.
587 1706 621 1716 -
645 1681 706 1732 itox
727 1679 845 1731 surrexit
865 1693 934 1746 puer
947 1684 1060 1732 sanatus
1080 1681 1204 1746 omnino,
1225 1680 1344 1734 laudans
1367 1687 1395 1736 et
1413 1648 1567 1750 gratia⁵¹⁸

274 1792 359 1846 agens
372 1781 436 1832 beo.
450 1778 577 1831 clamans
589 1777 679 1830 omnis
691 1777 808 1844 populus
826 1777 900 1842 quod
913 1777 957 1830 bic
970 1782 1011 1829 est
1024 1790 1089 1831 aere
1107 1778 1212 1830 amicus
1224 1776 1529 1845 beisanctus,deiet1‘

275 1881 361 1932 soret
377 1889 428 1943 pax
447 1875 527 1927 istius
544 1875 657 1941 patriae.
671 1877 735 1928 Post
755 1873 814 1926 dies
835 1875 942 1942 aliquos
962 1874 1067 1928 audiuit
1091 1875 1229 1941 praetatus
1248 1876 1347 1929 beatus
1363 1874 1528 1929 unumne}

273 1976 348 2044 quod
360 1976 389 2027 in
401 1974 521 2042 quodam
543 1980 638 2027 monte
650 1974 678 2025 in
692 1974 751 2027 ioco
764 1974 875 2027 nominc
895 1974 1053 2043 Longaritia
1075 1973 1154 2026 multi
1175 1979 1255 2028 erant
1277 1974 1405 2030 homines
1415 1976 1443 2029 in
1453 1974 1525 2029 id&

273 2074 371 2128 christi
385 2072 500 2126 minime
512 2073 666 2126 credentes.
681 2073 730 2125 t'bi
743 2074 854 2140 praesui
866 2075 914 2126 bei
926 2075 1017 2128 subito
1035 2074 1102 2127 abiit
1117 2089 1123 2127 :
1136 2080 1195 2127 erat
1210 2080 1302 2128 autern
1321 2088 1405 2141 prope
1415 2074 1516 2129 cirita*

274 2180 339 2228 tem.
354 2176 423 2226 bum
435 2173 555 2226 venisset
568 2172 706 2237 praetatus
718 2172 815 2225 beatus
833 2174 995 2240 Restitutus,
1007 2179 1144 2227 venerunt
1155 2173 1265 2227 obviant
1283 2175 1319 2239 ei,
1332 2174 1520 2241 respicient&

274 2291 338 2332 eum
359 2290 421 2330 cunr
444 2288 542 2343 magno
561 2275 671 2341 gaudio,
684 2275 829 2328 devotione
851 2279 878 2326 et
898 2275 1011 2339 bonore,
1025 2273 1110 2340 aliqui
1131 2273 1210 2338 pauci
1227 2273 1257 2325 in
1269 2272 1324 2326 tide
1340 2273 1441 2327 christi
1455 2286 1526 2327 cre*

275 2377 382 2430 dentes.
395 2378 427 2428 Et
439 2374 571 2428 ducentes
584 2387 645 2426 eum
659 2374 706 2426 ubi
719 2372 816 2439 pcrtidi
830 2372 1017 2439 morabantur,
1028 2379 1191 2440 congregata
1202 2372 1317 2426 cohorte
1328 2372 1522 2440 praedicando

279 2474 396 2528 docebat
416 2487 463 2528 eos
483 2475 575 2527 iesum
594 2486 655 2526 esse
671 2472 768 2524 Filium
790 2472 847 2524 bei.
861 2473 910 2535 Qui
934 2484 998 2524 vero
1019 2472 1171 2538 arguebant
1190 2476 1285 2524 contra
1302 2483 1377 2538 eum,
1389 2470 1523 2525 dicentcu

279 2577 366 2642 tegern
381 2587 474 2627 eorum
488 2586 549 2625 esse
561 2573 712 2625 meliorem.
726 2575 794 2625 bum
808 2578 899 2625 autem
919 2572 1098 2626 contenderet
1115 2571 1372 2639 demonstraretque
1391 2572 1431 2625 eis
1441 2573 1519 2625 siun·

277 2671 411 2737 ueritatis,
423 2673 498 2725 uenit
510 2672 664 2739 alienigena
678 2688 685 2724 ε
700 2685 845 2739 percussus
857 2672 958 2739 gladio,
972 2671 1083 2726 oculum
1102 2685 1183 2725 suum
1203 2675 1312 2725 erutum
1328 2670 1470 2727 deserebat
1479 2672 1518 2727 im

277 2785 328 2826 sua
341 2784 434 2824 manu.
445 2774 477 2823 Et
488 2770 633 2837 procidens
643 2769 676 2822 ad
691 2770 773 2836 pedes
785 2768 936 2823 beatissimi
949 2769 1116 2822 confessoris
1128 2767 1238 2833 christi,
1247 2770 1383 2824 clamabat
1394 2770 1509 2825 diceus:

278 2870 376 2923 Pater
388 2869 442 2937 mi,
455 2881 542 2923 seruc
554 2867 630 2935 [Dei]
643 2869 802 2936 Restituta,
815 2868 1044 2922 misereremei.
1058 2868 1220 2922 itumiiiatus
1232 2869 1262 2921 in
1273 2869 1401 2923 oratione
1417 2878 1529 2925 senuz

276 2968 323 3021 bei
345 2965 417 3019 dixit
439 2967 463 3019 ei
479 2982 485 3018 :
502 2966 608 3020 Credis
629 2965 664 3017 in
683 2966 848 3019 mumi-
864 2966 967 3032 Credo,
975 2967 1080 3032 parer.
1094 2966 1237 3032 decipiens
1258 2968 1369 3021 oculum
1389 2982 1472 3036 quem
1483 2969 1533 3023 iu

278 3080 360 3120 manu
373 3067 508 3134 portabat,
521 3066 591 3119 dixit
602 3066 627 3118 ei
646 3081 652 3117 :
665 3064 750 3118 Habe
761 3064 854 3133 fidon
868 3064 901 3116 in
913 3076 947 3118 co
959 3064 1015 3131 qcti
1025 3078 1074 3118 me
1085 3065 1291 3131 illuminavit,
1304 3068 1335 3120 et
1351 3067 1532 3123 illumino*

277 3166 320 3219 bit
332 3168 362 3220 te
372 3167 498 3219 virtute.
511 3168 679 3218 convertens
698 3168 787 3217 autem
807 3163 917 3217 oculum
935 3175 997 3215 oum
1013 3169 1106 3216 sancta
1120 3177 1204 3217 manu
1216 3177 1266 3217 sua
1280 3165 1414 3219 inlocum
1433 3180 1515 3221 suum

278 3265 353 3318 unde
365 3271 460 3317 erutus
472 3264 571 3329 iuerat,
585 3276 647 3316 mort
660 3263 773 3316 omnino
786 3268 897 3315 sanatus
910 3268 961 3315 est.
974 3262 1080 3315 Laudes
1097 3268 1124 3315 et
1140 3262 1244 3331 gratias
1261 3277 1345 3332 agens
1364 3267 1431 3331 beo,
1443 3265 1528 3319 dicer

276 3367 324 3418 bat
335 3365 399 3432 quia
412 3364 456 3417 bic
467 3370 510 3418 est
521 3376 584 3417 rere
596 3364 701 3415 amicus
713 3362 758 3414 bei
773 3360 909 3414 altissimi.
920 3363 1047 3415 videntes
1059 3363 1268 3416 circumstantes
1280 3362 1440 3418 confirmati
1452 3370 1517 3419 sunt

275 3464 305 3519 in
319 3465 372 3518 tide
384 3464 494 3518 cbristi.
508 3467 539 3515 tit
551 3463 588 3515 ita
601 3460 756 3515 conitendo
768 3467 851 3530 atque
869 3463 1058 3516 confessiones
1070 3464 1218 3530 audiendo,
1231 3463 1420 3531 praedicando
1433 3464 1515 3521 tidem

276 3565 333 3631 bei,
346 3565 449 3618 docens
463 3562 538 3616 omni
551 3562 651 3629 populo
664 3561 703 3613 ibi
716 3575 764 3628 per
777 3562 876 3615 multos
894 3575 983 3616 annos
1001 3564 1152 3628 permansit
1163 3569 1275 3616 sanctus
1294 3563 1443 3619 consessor
1458 3564 1515 3629 bei,

275 3664 379 3718 docens
396 3662 471 3715 omni
492 3661 593 3728 populo
614 3661 684 3713 uiam
705 3661 846 3727 veritatis;
865 3662 1008 3715 ecclesiam
1031 3663 1078 3715 bei
1100 3662 1137 3714 ibi
1160 3660 1309 3715 aedificans
1328 3662 1360 3715 in
1381 3663 1518 3718 honorem

276 3762 390 3831 virginis
404 3761 513 3825 itariae,
528 3773 613 3827 prope
625 3759 769 3813 ecclesiam
781 3759 852 3812 duos
864 3761 964 3826 tontes,
976 3774 1094 3827 quorum
1116 3773 1189 3814 unus
1201 3759 1289 3814 estad
1302 3760 1517 3817 similitudinem

277 3861 361 3916 tontis
382 3861 533 3915 natatoriae
554 3861 640 3922 Silae,
662 3860 710 3912 ubi
727 3862 806 3912 iesus
828 3861 935 3925 aporuit
955 3861 1050 3914 ocutos
1071 3861 1149 3927 ejus3
1168 3861 1197 3912 in
1219 3873 1274 3927 quo
1295 3861 1456 3927 prohibitus
1477 3866 1521 3919 cst

79 3965 261 4019 ‘codocuiis
281 3963 409 4017 introitus
430 3961 586 4015 mulierum.
609 3960 691 4013 ituita
714 3958 847 4012 miracuta
867 3959 937 4012 iacta
958 3967 1024 4012 sunt
1046 3960 1200 4012 lavantibus
1217 3959 1312 4015 oculos
1331 3961 1341 3981 ·
1363 3961 1396 4014 in
1416 3962 1522 4018 consu

280 4062 393 4115 nornine
404 4066 433 4114 et
452 4059 602 4114 beatissimi
620 4058 796 4121 contessoris,
809 4065 1005 4124 recuperantes
1025 4056 1170 4124 uisumque
1182 4063 1307 4110 catervae
1322 4057 1522 4128 languentium

280 4161 459 4214 sanabantur.
483 4158 532 4213 iiic
552 4163 643 4211 autem
662 4158 813 4224 jejunando
834 4162 862 4208 et
875 4155 980 4210 orando
1000 4168 1049 4221 per
1074 4157 1187 4224 longum
1206 4162 1316 4223 tempus
1334 4170 1524 4230 permanens,

279 4258 431 4326 unicuique
448 4257 583 4326 justitiam
605 4255 788 4309 ministrabat.
802 4255 900 4309 Eiectis
916 4256 1027 4308 cibariis
1049 4256 1151 4309 cotidie
1162 4256 1190 4309 in
1203 4256 1262 4323 eius
1281 4254 1390 4324 oppido
1405 4274 1527 4331 praepa·

278 4360 356 4422 ratis,
370 4359 428 4425 ipse
439 4362 528 4410 autern
542 4368 693 4422 numquam
705 4361 828 4423 gustans,
842 4356 890 4409 sed
903 4360 1009 4409 tantum
1020 4369 1089 4423 panc
1101 4356 1254 4411 hordeaceo
1269 4357 1317 4410 oei
1336 4360 1431 4427 gratia
1450 4362 1528 4419 iove·
