3136 5482
380 371 473 422 meu.
493 368 964 423 ner.rnrt1s.-oou.5292.
1219 352 1286 420 555

258 540 374 595 Tristia
386 553 445 609 quo
457 540 603 595 domim
608 540 758 608 perdulci
770 540 893 594 lumino
906 540 992 609 tonte

251 639 308 693 His
320 640 444 692 ocham
455 637 601 692 monibus
608 637 803 707 perfundere
816 639 927 705 laetus,
941 641 970 692 et
983 639 1054 706 apso

251 737 300 792 Sic
311 737 471 792 benedicat
482 750 579 792 ovone
591 740 699 792 sancto
712 737 827 805 tibique
833 740 982 806 patrono.

251 837 369 905 Soracte,
382 838 476 892 decta
488 836 614 890 niveum
626 836 748 890 mentia
759 840 789 890 et
801 836 916 891 honore
928 836 1101 904 colendum,

192 915 196 924 ¹
255 937 341 991 Laus
353 935 588 1004 tibipetpetuoe
600 936 702 1003 oipeot
708 948 770 1003 per
782 937 912 991 soeculo
924 935 1017 989 vitae.

139 1036 192 1090 hus
203 1035 437 1103 querimoniarum
450 1035 627 1101 petitionibus
639 1035 685 1088 ille
699 1035 782 1088 irater
803 1035 895 1088 animo
908 1039 1098 1101 compunctus,
1113 1046 1191 1088 sacro
1204 1034 1288 1100 pieta·

138 1147 208 1188 nore
226 1133 335 1187 tluentls
356 1134 438 1187 tontis
460 1147 523 1186 eum
545 1134 614 1186 sistit
635 1131 665 1186 in
684 1134 817 1202 margine.
831 1134 880 1198 Qui
893 1146 926 1187 ex
938 1134 997 1200 ipso
1017 1132 1158 1199 hauriens,
1172 1131 1289 1185 ildellter

138 1232 251 1300 ripudlo
264 1233 390 1286 festinato
403 1231 485 1286 linem
495 1232 572 1286 dedit
580 1233 708 1300 nogoti03
722 1246 839 1300 moxque
851 1233 940 1286 citatis
950 1244 1150 1299 praeproperae
1162 1230 1288 1298 agilitatis

138 1333 197 1387 ibus
209 1331 338 1387 dominae
350 1333 442 1385 revisit
454 1332 557 1398 vultus,
571 1345 675 1399 suaque
688 1331 782 1399 pandit
799 1331 983 1399 incommoda,
996 1344 1067 1399 quae
1080 1331 1164 1384 ardua
1182 1331 1287 1383 itineris

138 1433 268 1486 ›oleverat
287 1431 441 1485 difficultas.
464 1432 585 1485 Audiens
605 1444 671 1485 vero
693 1433 793 1485 nobilis
815 1437 939 1485 matrona
959 1431 1084 1499 quamvis
1103 1443 1166 1484 cum
1186 1429 1287 1483 sudore

138 1531 207 1583 »sihi
228 1530 330 1583 deferri
345 1530 597 1598 quantulacumque
613 1529 738 1597 donaria,
752 1531 887 1583 immensa
904 1530 1079 1598 pertunditur
1096 1529 1208 1595 laetitia,
1221 1540 1287 1595 quo·

145 1642 196 1697 pro
207 1629 306 1683 delatis
321 1628 556 1683 benedictionibus
570 1644 599 1683 se
610 1629 723 1684 conlidit
735 1644 814 1697 posse
826 1630 902 1683 reddi
915 1630 1038 1696 corporis
1049 1627 1288 1696 prosperitatibus.

144 1733 289 1795 postquam
302 1727 426 1781 adhibuit
434 1728 513 1781 labiis
524 1728 615 1781 dulcia
628 1728 784 1794 deportatae
796 1741 884 1796 aquae
897 1727 991 1792 fluida,
1004 1727 1148 1794 soporiferi
1160 1725 1217 1779 vini
1229 1738 1289 1792 per·

138 1834 287 1894 tprospera
298 1819 311 1893 ;'
319 1840 435 1894 seseque
453 1832 508 1880 tam
529 1841 612 1882 suave
630 1828 760 1895 poculum
778 1841 929 1895 numquam
942 1834 1022 1882 antea
1040 1825 1142 1880 bibisse
1159 1825 1288 1891 clamitat,

138 1940 216 1994 equo
234 1932 358 1980 caruerat
376 1928 509 1994 sospitatis
527 1928 667 1996 privilegio
684 1941 745 1980 sese
764 1927 875 1980 ditatam
893 1927 1045 1994 gratulatur
1054 1939 1087 1980 ex
1098 1927 1200 1980 animo.
1213 1928 1289 1978 Tunc

140 2040 174 2080 ae
186 2025 249 2079 hdei
261 2027 330 2080 votis
342 2026 511 2092 applaudens
525 2027 653 2080 manibus
665 2027 778 2093 adeptae
788 2027 897 2094 quletis,
911 2027 988 2080 illum
1001 2027 1092 2093 ipsum
1104 2025 1191 2078 sancti
1204 2023 1289 2077 lluen·

138 2125 216 2177 ticem
236 2137 301 2177 suae
321 2126 432 2190 praebet
453 2125 571 2179 familiae
591 2127 681 2194 gustui
704 2124 927 2192 mancipandum,
940 2126 1034 2193 sicque
1055 2126 1175 2194 lugentia
1192 2123 1288 2178 maesti

138 2226 267 2292 eulmina,
279 2225 332 2279 diri
345 2225 489 2279 infortunii
508 2228 641 2295 regimine
658 2227 772 2293 captiva,
786 2239 848 2279 cum
861 2227 985 2280 omnium
1005 2227 1158 2280 vicinorum
1172 2225 1291 2292 tripudio

138 2331 213 2377 mata
226 2325 409 2392 tympanizant
421 2325 449 2377 in
463 2324 570 2392 gaudio.
584 2325 716 2379 Omnibus
730 2325 812 2393 igitur
824 2326 1037 2392 circumquaque
1055 2324 1292 2378 commanentibus

138 2425 149 2475 1
168 2424 261 2477 Fursei
278 2422 361 2477 llorea
379 2423 539 2477 meritorum
552 2424 697 2490 praeconia
719 2425 914 2478 miraculorum
926 2425 1074 2478 llorescunt
1086 2425 1215 2491 potentia.
1229 2425 1290 2490 lpsa

138 2524 162 2577 le
174 2528 299 2577 matrona
317 2538 380 2576 cum
397 2524 473 2577 omni
488 2525 603 2577 fervoris
622 2525 755 2578 famulitio
768 2539 886 2592 cumque
904 2525 994 2578 omnis
1007 2525 1161 2591 parentelae
1182 2523 1292 2590 speciali

138 2623 243 2677 thernio
257 2623 414 2691 propriique
426 2624 491 2677 honi
505 2625 609 2677 exeniis
623 2637 682 2677 sese
694 2625 777 2678 movit
789 2625 875 2677 sancti
890 2625 974 2692 patris
988 2624 1116 2678 oraculis.

143 2723 405 2778 ,crebrescentibus
423 2725 561 2791 signorum
581 2724 675 2790 titulis,
697 2725 793 2778 beatae
811 2725 959 2778 memoriae
977 2723 1191 2790 hermenaldus,
1210 2735 1293 2790 quem

138 2837 142 2874 l
163 2821 262 2874 relatui
282 2834 331 2887 pro
351 2834 431 2888 posse
452 2822 651 2888 mandavimus,
672 2835 734 2876 oum
755 2822 902 2876 Leutsinda
925 2822 975 2875 sibl
998 2823 1027 2874 ln
1047 2823 1151 2875 cbristo
1173 2821 1293 2888 fideique

138 2926 192 2974 tate
203 2933 334 2988 germana
347 2921 572 2989 nobilissimaque
585 2924 709 2991 coniuge,
723 2935 785 2975 cum
804 2935 857 2989 qua
875 2923 956 2975 etiam
974 2921 1065 2974 aureis
1081 2933 1204 2974 summae
1225 2920 1292 2973 cari·

142 3021 287 3076 decoratus
299 3020 385 3074 titulis
397 3033 428 3073 ac
440 3021 587 3074 aeternalis
599 3021 669 3074 vitae
682 3021 818 3086 radicatus
831 3021 859 3073 in
877 3020 987 3073 aethera
1007 3033 1063 3088 spe,
1078 3019 1185 3072 mirlllcl
1198 3020 1291 3085 operis

138 3121 243 3174 lamine
264 3120 314 3188 ipsi
335 3119 494 3174 excellentis
515 3120 604 3173 meriti
625 3121 782 3194 beatissimo
799 3123 901 3173 Furseo
920 3120 991 3186 patri
1003 3119 1075 3173 celsa
1087 3119 1173 3173 erexit
1185 3115 1292 3186 fastigia

138 3233 204 3274 uae.

236 3698 470 3790 GOIrXVIII.
494 3698 620 3787 Godex
640 3624 830 3810 signehrs
851 3723 964 3788 num.
990 3696 1118 3786 5292.

138 3945 165 3982 m
177 3929 350 3984 colbertinus
362 3931 421 3995 tol,
434 3928 535 3983 deinde
549 3930 649 3998 Regius
662 3933 690 3982 G.
704 3930 806 3983 58619.

138 4030 235 4083 liorum
248 4031 307 4095 275,
322 4029 384 4095 maj.
397 4029 617 4096 (0r‚bl><0‚2ltl)‚
631 4027 766 4081 columnis
778 4026 861 4091 binis,
874 4031 1002 4079 exaratus
1014 4037 1086 4077 saec.
1099 4024 1168 4076 lllll.

163 4128 201 4203 l⁰
219 4127 350 4205 Passio
369 4128 491 4206 sancti
512 4126 719 4205 Concordii
739 4124 956 4227 presbyteri
974 4123 1051 4223 (fol.
1075 4121 1192 4221 11-11).

139 4260 225 4314 ,Aci
239 4260 295 4328 SS.‚
310 4259 343 4312 ad
356 4258 384 4312 d.
399 4263 411 4312 l
425 4263 496 4326 lam,
511 4263 576 4312 tom.
592 4261 612 4326 l,
626 4273 652 4326 p.
665 4262 736 4313 alo.
835 4281 838 4288 ·

162 4357 203 4434 2⁰
222 4356 318 4436 Item
337 4356 478 4435 eodem
496 4356 574 4447 die,
595 4357 724 4458 passio
742 4363 896 4434 sanctae
913 4353 1096 4433 Martiuae
1115 4351 1289 4453 virginis²

215 4480 297 4580 (fol.
320 4480 439 4580 lli-5¹).

142 4616 172 4668 in
185 4613 247 4669 cod.
259 4626 363 4681 praec,
375 4614 403 4665 2⁰
414 4614 451 4678 (p.
466 4614 536 4677 551).
