3156 5452
260 354 353 406 uren.
371 354 455 405 aar.
474 355 591 405 essm.
608 374 654 386 -
669 354 823 404 seusun
842 354 891 404 su
906 354 984 405 dou.
1003 351 1078 402 esua.
1226 336 1291 403 135

53 526 179 594 operam
188 525 256 579 inde
267 538 332 581 rere
343 525 488 592 recedens,
500 527 620 593 perrexit
631 526 661 579 in
672 526 811 594 regionem
822 525 1029 579 noviomensem
1042 539 1105 578 cum
1117 530 1211 578 sancto
1222 524 1291 576 bino

53 624 207 691 episcopm
220 626 249 676 et
259 623 299 677 ibi
319 624 515 689 praedicationi
536 636 645 688 uacans,
658 626 759 680 multos
771 625 806 678 ad
827 623 909 678 tidem
920 624 1020 676 curisti
1043 623 1229 676 convertebat.
1243 621 1293 674 ilbi

54 736 123 777 cum
143 723 318 790 aliquamdiu
336 726 391 778 ilco
411 722 580 780 tmctiieans
600 730 783 781 commoratus
803 730 885 789 esset,
906 725 958 777 alla
979 723 1163 790 praedicando
1181 720 1293 775 uisitare

55 822 238 887 sotensium,
251 825 421 888 pervenitad
441 825 531 879 luerim
551 827 599 893 qui
611 825 712 880 dicitur
731 826 813 879 Vallis
830 825 951 878 Nobilis:
966 826 994 877 in
1006 836 1061 891 qua
1071 825 1160 877 uirum
1173 821 1294 889 repperit

20 926 141 990 bqucm
151 923 189 976 ab
207 922 333 977 idolatria
354 924 390 978 ad
408 924 491 979 tidem
510 927 608 979 christi
629 927 763 980 convertit
782 925 1034 991 cathezizatumque
1054 923 1089 978 ad
1106 923 1208 977 iontem
1227 924 1292 988 bap·

55 1021 133 1074 tisim
145 1022 280 1088 suscepit.
294 1024 378 1086 Quem
390 1035 456 1077 cum
468 1019 587 1092 quadam
609 1025 791 1078 familiaritate
803 1010 868 1091 prae
879 1026 977 1078 ceteris
994 1024 1119 1091 diligeret
1131 1027 1157 1077 et
1169 1023 1296 1089 trequen-

55 1124 139 1181 tarct,
147 1120 185 1173 ab
196 1132 231 1173 eu
243 1121 320 1186 petiit
338 1127 369 1175 ut
390 1123 422 1175 in
434 1123 485 1177 bac
497 1124 566 1178 valle
586 1124 639 1177 sibl
659 1124 750 1178 locunt
767 1123 930 1177 concederet
951 1123 979 1175 in
992 1135 1047 1189 quo
1064 1120 1250 1174 babitaculum
1266 1123 1295 1172 et

54 1217 212 1271 cratonum
223 1225 404 1286 construeret,
417 1223 465 1276 ubi
487 1223 705 1290 competentibus
724 1223 808 1287 boris,
821 1221 1023 1288 praedicatione
1035 1220 1069 1273 ad
1087 1224 1194 1286 tempus
1211 1221 1294 1273 iuter·

55 1316 155 1384 uu‘ssa,
164 1318 284 1371 orationi
296 1327 413 1375 vacaret.
421 1323 504 1389 culus
517 1323 641 1390 petitioni
654 1322 769 1376 lestinus
778 1321 864 1375 libera
872 1322 1011 1375 voluntate
1020 1325 1047 1373 et
1058 1320 1138 1372 bilari
1150 1320 1296 1374 dovotione

9 1414 40 1466 lc
54 1415 243 1482 ntistaeiens,
256 1422 285 1471 et
295 1417 385 1475 locum
394 1423 532 1475 concessit
541 1428 569 1476 et
583 1422 768 1476 babitaculum
786 1435 849 1475 curn
870 1421 990 1475 oratorio
1001 1419 1036 1473 de
1049 1419 1158 1486 propria
1170 1419 1295 1473 substau-

55 1511 272 1569 tlaaediiisarit
282 1517 337 1571 Sed
354 1523 417 1584 post
429 1518 595 1587 aliquantam
608 1521 637 1573 in
648 1533 683 1574 eo
701 1519 761 1574 loco
774 1520 956 1582 mansionem,
969 1531 1033 1572 cum
1044 1517 1086 1571 uir
1098 1518 1145 1570 bei
1166 1516 1297 1571 tntboni·

55 1625 112 1667 uus
120 1613 159 1668 ad
170 1616 385 1680 praedicandum
398 1619 434 1673 de
446 1621 488 1674 via
500 1621 659 1688 disponeret
670 1624 698 1674 et
706 1621 766 1688 jam
778 1620 854 1673 exiro
865 1623 982 1685 pararet,
989 1617 1034 1684 pia
1046 1618 1176 1684 petitione
1186 1619 1258 1671 Festi
1268 1622 1297 1671 et

54 1712 186 1778 necibus
197 1714 267 1781 ejus,
280 1729 331 1782 pro
342 1716 467 1773 discessu
478 1720 539 1786 elus
551 1733 635 1786 supra
647 1719 759 1773 modum
777 1718 894 1772 dolentis
906 1722 933 1772 et
950 1718 1081 1773 lacrimas
1093 1717 1294 1783 profundentis,

52 1813 227 1880 compulsus,
241 1818 316 1882 prius
336 1823 430 1872 tamen
452 1821 544 1874 multis
565 1821 600 1875 ad
612 1818 829 1875 consolationem
849 1820 909 1885 ejus
919 1819 1086 1884 praemissis,
1098 1818 1210 1872 taudem
1230 1829 1294 1883 pro·

9 1914 38 1966 ta
53 1911 132 1965 misit
141 1913 218 1979 quod
230 1916 266 1968 ad
279 1929 344 1970 eum
357 1917 468 1984 rediret,
481 1933 587 1987 suoque
600 1919 689 1974 reditu
711 1918 902 1986 postmultum
922 1921 1031 1983 tempus
1043 1931 1106 1971 eum
1118 1916 1294 1980 laetitlcaret;

58 2014 89 2063 et
100 2011 266 2067 valefaciens
279 2017 304 2069 ei
317 2017 353 2070 ad
365 2018 578 2083 praedicandum
590 2019 681 2072 exivit.

95 2109 127 2162 ⁵·
139 2113 188 2164 De
204 2113 274 2178 eiua
295 2115 477 2170 humilitate
492 2121 526 2171 et
543 2117 712 2184 ptumum
726 2119 781 2171 lter
794 2121 885 2171 autem
897 2115 1091 2178 Theodericus,
1105 2114 1198 2168 audita
1210 2127 1298 2167 rever

59 2208 140 2262 sione
152 2213 259 2276 nepotis
273 2214 315 2266 sui
335 2216 487 2269 beatissimi
506 2216 666 2281 tntboninl,
679 2218 802 2271 occurrit
822 2217 846 2269 ei
859 2230 922 2269 cum
939 2215 1049 2284 gaudio,
1058 2221 1086 2267 et
1099 2215 1128 2267 in
1140 2213 1294 2279 amplexum

59 2308 123 2372 ejus
149 2322 251 2377 ruens,
272 2316 392 2382 suscepit
412 2329 476 2369 eum
497 2329 645 2383 secumque
666 2329 777 2369 manere
801 2316 862 2369 lecit
883 2329 945 2369 cum
971 2315 1126 2368 reuerentia
1149 2319 1176 2366 et
1196 2313 1299 2366 bonore

10 2406 44 2457 Β
62 2418 165 2473 maeno
178 2423 185 2458 τ
200 2413 365 2476 paenitentia
377 2415 451 2466 enim
463 2413 573 2477 duetus,
585 2415 696 2468 dolebat
707 2415 779 2481 quod
795 2416 823 2465 in
837 2427 902 2466 eum
914 2414 1008 2468 odium
1021 2418 1182 2466 exercuerat
1196 2415 1224 2464 et
1241 2423 1298 2464 ase

67 2506 200 2562 rendere
220 2512 397 2578 compulerat.
409 2516 532 2581 (tumque
553 2527 602 2582 per
614 2514 718 2581 aliquot
737 2514 796 2566 dies
809 2514 963 2582 agnovisset
982 2512 1064 2567 vitam
1086 2516 1113 2564 et
1124 2511 1294 2564 sanctitatem

62 2607 137 2673 eius.
149 2607 258 2662 volebat
269 2622 333 2664 euru
351 2612 500 2666 sublimare
520 2614 549 2666 in
569 2612 637 2667 sede
656 2612 833 2677 thelonensi,
846 2612 876 2664 in
895 2609 1053 2678 eplscopatn
1064 2607 1192 2662 videlioet
1208 2607 1294 2660 sancti

64 2705 209 2759 saturnini
220 2723 228 2772 ;
241 2708 299 2775 ipse
309 2708 538 2779 autemJudicuns
550 2725 580 2764 se
598 2711 752 2779 indignum,
765 2710 909 2763 recusabat
929 2710 1071 2762 bonorem.
1084 2706 1165 2760 Multa
1185 2717 1295 2773 quoque

61 2804 95 2856 in
111 2804 210 2858 eadem
222 2808 334 2875 reglorm
345 2811 520 2875 monasteria,
532 2809 665 2880 privilegii
678 2812 782 2864 bonore
802 2809 1010 2875 praeminentia,
1021 2807 1151 2861 solebant
1168 2802 1295 2873 regimini

10 2906 44 2958 lt
60 2903 138 2956 iltius
149 2902 202 2972 [se]
215 2906 377 2961 submittere
385 2915 412 2962 et
423 2922 488 2963 eum
500 2910 628 2963 abbatem
640 2910 807 2962 constituere
817 2923 826 2972 ;
838 2909 886 2961 sed
899 2909 999 2960 iterum
1013 2912 1096 2973 atque
1108 2907 1207 2959 iterum
1219 2917 1295 2959 recu·

63 3005 145 3058 sabat
165 3005 307 3072 bonorem,
325 3009 390 3076 quia
410 3009 505 3063 uolens
526 3008 671 3076 perslstere
690 3009 720 3061 in
739 3009 798 3062 solo
819 3006 906 3075 gradu
922 3005 1094 3068 diaconatus,
1107 3004 1246 3056 asserebat
1265 3016 1296 3055 se

68 3105 212 3172 indignum
239 3107 349 3161 abbatia
369 3108 411 3162 uel
432 3109 599 3175 episcopatu.
627 3109 715 3161 nostis
747 3110 839 3159 autem
873 3104 1014 3170 antiquus,
1038 3103 1173 3154 bonorum
1194 3100 1299 3153 actibus

63 3205 195 3259 inridens
208 3218 317 3273 semper
328 3212 355 3260 et
366 3220 381 3261 a
393 3208 585 3274 persecutione
597 3219 692 3260 eorum
705 3205 782 3258 nullo
804 3203 885 3257 modo
906 3201 1053 3265 desistens,
1079 3201 1107 3252 ln
1125 3213 1233 3252 servum
1251 3197 1298 3251 bel

69 3302 232 3358 Theoderici
244 3307 315 3374 regis
327 3307 496 3361 resuscitarit
506 3307 574 3360 iram
586 3312 615 3360 et
625 3304 729 3358 odium.
743 3303 857 3368 Quidam
878 3301 953 3355 enim
974 3301 1060 3365 ipsius
1083 3299 1156 3366 regis
1168 3296 1299 3379 satellites

17 3401 50 3454 1
66 3414 128 3455 cum
140 3402 384 3458 riderenttantum
395 3407 528 3460 bonorem
539 3410 567 3459 et
580 3405 760 3459 reverentiam
780 3404 859 3456 beato
870 3399 1028 3455 tntbonino
1048 3412 1140 3467 arege
1160 3397 1295 3464 exbiberi,

74 3501 175 3557 insidia
186 3503 320 3571 compulsi
339 3509 367 3557 et
377 3504 512 3569 dolentes,
522 3503 802 3573 suggerentediabolo
811 3514 902 3569 regem
911 3500 1038 3555 adierunt
1049 3504 1075 3552 et
1085 3498 1197 3551 beatum
1208 3497 1296 3549 uirum

77 3603 261 3657 tutbonlnum
285 3616 347 3657 cum
369 3615 455 3658 uxore
475 3605 535 3670 ejus
552 3603 687 3657 incestum
711 3601 880 3655 commisisse
904 3598 1106 3653 continuerunt.
1125 3598 1183 3661 Quo
1202 3594 1296 3648 audito

81 3704 312 3757 rexuebementer
331 3703 426 3767 iratus,
439 3701 551 3756 tradidit
560 3715 623 3755 eum
643 3701 752 3755 cuidam
772 3701 908 3766 praelecto
925 3711 975 3751 suo
995 3702 1022 3750 et
1043 3698 1073 3749 ln
1094 3707 1242 3758 carcerem,
1255 3696 1299 3748 sui

78 3812 174 3855 nomen
186 3807 246 3855 erat
256 3801 392 3866 Spelunca
403 3800 598 3866 tiociva,jussit
610 3799 715 3853 recludi
727 3804 754 3853 et
765 3798 888 3865 pondere
901 3801 1060 3850 catenarum
1073 3799 1101 3847 et
1114 3794 1192 3846 lamis
1204 3792 1295 3846 inedia

37 3890 63 3940 ⁸
74 3901 193 3954 muciari,
207 3901 305 3952 beatus
316 3904 407 3953 autem
426 3904 453 3954 et
465 3899 541 3953 tortis
553 3898 676 3967 agonista
693 3898 865 3952 Anthoninus
878 3897 906 3949 in
919 3908 1028 3949 carcere
1047 3894 1193 3947 tenebroso
1205 3893 1293 3945 reclu-

74 4006 124 4065 sus,
135 4000 259 4053 bumano
269 3999 415 4052 destitutus
427 3999 534 4062 solatio,
546 3998 650 4052 visitari
663 3998 762 4051 meruit
775 4010 790 4050 a
804 3997 928 4049 bomine.
942 3994 1060 4062 Angelus
1078 3996 1169 4045 autem
1187 3991 1294 4044 bomini

71 4105 118 4156 per
128 4102 230 4162 septem
242 4094 302 4148 dies
313 4109 376 4149 eum
388 4097 416 4149 in
429 4109 539 4150 carcere
551 4097 721 4151 confortabat
732 4102 768 4160 et,
782 4094 857 4162 quod
870 4095 905 4147 ab
919 4093 1029 4146 bomine
1042 4105 1098 4146 non
1119 4089 1294 4155 oflerebatur,

69 4204 166 4256 panem
178 4201 207 4247 et
217 4207 316 4261 aquam
328 4196 353 4248 ei
366 4197 547 4250 ministrabat.

106 4291 501 4360 eneccnsctactoneejus
521 4296 555 4347 ln
567 4307 707 4348 carcere.
723 4296 784 4347 Post
804 4299 908 4359 septem
922 4304 988 4344 vero
1008 4291 1068 4343 dies
1087 4288 1198 4355 quidam
1217 4301 1295 4355 puer,

24 4375 182 4446 *nomine
200 4393 370 4459 Almacbius,
388 4395 531 4461 cujusdam
552 4394 698 4448 clarissimi
720 4395 771 4446 uiri
794 4398 822 4446 et
841 4391 948 4458 patricii
968 4390 1050 4455 filius,
1071 4388 1156 4455 gratia
1176 4386 1293 4452 Spiritus

63 4489 159 4542 uncti
169 4494 367 4559 corroboratus,
380 4495 491 4547 intravit
502 4493 536 4547 ad
548 4508 611 4548 eum
624 4493 653 4547 in
666 4506 802 4548 carcerem
816 4498 843 4545 et
854 4497 977 4545 catenam
992 4489 1159 4556 pendentem
1174 4487 1202 4538 in
1221 4485 1292 4540 collo

35 4615 46 4639 .
62 4593 94 4640 et
110 4585 216 4645 brachia
227 4593 286 4659 ejus
298 4593 467 4648 sustentabat
484 4599 512 4646 et
523 4597 657 4661 quantum
675 4593 750 4646 licuit
762 4596 789 4644 et
808 4591 895 4657 potuit
908 4589 1089 4641 ministrabat.
1107 4587 1158 4639 sed
1173 4599 1220 4638 rer
1233 4588 1294 4650 post
