3136 5482
347 341 441 392 eran.
458 342 543 394 nar.
561 341 728 394 rann.-
758 341 912 393 arrnnp.
931 341 979 392 an
996 338 1074 390 oon.
1092 335 1168 388 saer.
1307 322 1370 389 551

141 507 246 560 laceret
258 507 377 576 qualiter
389 509 512 563 defuncti
525 512 648 578 corporis
660 512 751 565 anima
763 525 791 565 se
807 511 836 562 in
855 509 983 576 supernis
996 508 1118 571 baberet,
1133 507 1162 560 in
1174 505 1374 560 illuminatione

141 607 287 674 eujusdam
307 610 431 663 mulieris
443 623 541 664 caecae
553 625 568 665 a
581 613 721 666 nativitate
734 612 841 678 aperuit
854 626 860 662 :
879 623 949 677 quae
969 608 1036 663 dum
1056 610 1155 662 feretro
1176 607 1375 675 appropinquat

140 709 402 776 superpositumque
413 710 527 776 pallium
540 711 639 778 palpat,
654 713 753 764 mirum
766 712 796 764 ln
816 710 928 763 modum
941 709 1040 762 amissa
1053 708 1181 761 caecitate
1194 706 1287 760 lumen
1300 720 1373 760 rece

142 806 181 873 pit
190 808 337 862 oculorum
350 823 413 864 cum
425 810 570 864 hilaritate.
584 812 659 877 Quod
673 811 739 864 tanti
753 810 846 877 populi
864 820 982 863 cernens
997 807 1180 861 numerositas
1192 806 1371 859 illuminatori

141 906 268 959 omnium
281 907 380 960 multas
392 909 475 961 refert
486 909 595 976 gratias,
607 910 772 976 beatumque
785 911 917 961 Furseum
931 907 1068 973 receptrix
1081 907 1234 972 insperatae
1247 906 1369 958 sanitatis

141 1004 371 1074 decantat,elque
381 1008 550 1074 inperpetuo
561 1022 591 1062 se
603 1009 763 1062 servituram
777 1008 835 1061 iore
847 1008 989 1061 deliberat.
1001 1008 1075 1071 Quae
1085 1005 1119 1059 ad
1130 1006 1240 1072 propria
1252 1004 1371 1071 rediens

143 1105 305 1171 parentibus
317 1108 373 1160 suis
386 1121 500 1175 magnae
510 1108 681 1176 jubilationis
694 1109 803 1162 titulum
816 1106 922 1161 addidit
933 1113 960 1161 et
972 1119 1036 1175 erga
1049 1107 1121 1160 beati
1134 1106 1184 1160 viri
1200 1106 1374 1159 devotionem

143 1202 317 1259 ardentiores
329 1205 458 1260 reddidit.
825 1184 827 1188 λ

177 1303 235 1358 22.
248 1307 387 1372 Proposita
401 1308 540 1373 posthaec
561 1306 721 1361 deliberatio
734 1307 881 1386 perficitur.
895 1310 1051 1375 lunguntur
1071 1305 1142 1359 tauri
1164 1305 1299 1374 indomiti,
1313 1305 1374 1360 sinc

144 1405 257 1456 terreno
270 1403 383 1457 ductore
396 1404 549 1459 redduntur
560 1405 676 1472 pacitici,
686 1418 836 1473 versusque
848 1409 1005 1459 Paronense
1018 1404 1150 1471 palatium
1166 1403 1284 1458 ordinati
1298 1418 1373 1471 repe·

143 1501 244 1568 ditem,
257 1516 425 1570 magnosque
437 1503 539 1558 doloris
553 1505 663 1558 aculeos
675 1505 810 1558 inventori
831 1505 913 1571 bujus
925 1504 1093 1572 probationis
1104 1503 1230 1557 llairnoni
1248 1504 1375 1571 multipli-

143 1603 281 1667 cantoni
301 1608 362 1669 post
382 1605 449 1658 baec
462 1604 496 1657 ad
517 1606 628 1672 propria
640 1605 731 1672 rediit,
745 1605 794 1659 sed
817 1619 874 1660 non
886 1607 978 1659 minus
999 1606 1034 1659 ob
1047 1606 1099 1659 boc
1115 1606 1196 1659 beato
1208 1606 1266 1659 viro
1285 1604 1374 1659 tidelis

144 1701 243 1754 extitit.
257 1702 374 1756 virtutes
385 1704 487 1757 etenim
508 1717 576 1771 quas
587 1706 680 1759 vivens
701 1705 730 1758 in
746 1718 861 1772 corpore
882 1710 1033 1773 peregerat,
1048 1711 1074 1758 ct
1085 1705 1179 1757 vivens
1191 1705 1219 1756 in
1231 1709 1374 1758 aeternum

143 1800 241 1853 beatus
253 1801 372 1854 Furseus
385 1803 555 1869 multiplicat.
569 1804 651 1869 cujus
660 1804 726 1856 dum
740 1804 861 1870 corporis
874 1804 953 1872 gleba
967 1804 1001 1856 ad
1013 1803 1182 1870 praedictum
1194 1803 1284 1856 locum
1295 1802 1375 1856 deve·

146 1900 230 1964 bitur,
244 1899 384 1967 quendam
392 1902 528 1968 jacentem
541 1904 570 1955 in
583 1903 681 1957 itinere
693 1903 822 1956 claudum
834 1903 867 1957 ad
881 1905 1025 1957 sanitatem
1038 1906 1148 1957 revocat
1159 1906 1187 1956 et
1200 1903 1375 1957 circumstan-

143 2004 199 2052 tem
221 1999 354 2066 populum
373 2000 460 2066 jubilo
472 2001 590 2055 laetitiae
611 2005 746 2055 munerat.
761 2005 827 2055 llam
848 2002 893 2056 bic
913 2001 1025 2070 quidam
1047 2002 1216 2055 miserrimus
1235 2002 1375 2069 gressibus

145 2099 269 2164 corporis
281 2100 404 2166 perditis,
415 2101 481 2154 dum
493 2115 572 2155 secus
585 2102 751 2155 transeuntis
762 2101 855 2168 populi
868 2103 979 2170 vestigia
991 2101 1115 2154 residens
1128 2101 1199 2155 beati
1216 2101 1267 2155 sibi
1280 2103 1373 2155 Fursei

144 2196 288 2251 dexteram
301 2199 398 2252 adesse
411 2200 529 2266 postulat
541 2201 655 2268 soloque
667 2201 759 2254 cordis
770 2200 909 2254 desiderio
931 2202 1037 2267 corpori
1050 2201 1109 2268 eius
1126 2201 1278 2268 appropiat,
1292 2201 1376 2254 mani·

145 2297 197 2350 bus
209 2298 383 2364 quorundam
398 2298 519 2352 fidelium
532 2300 566 2354 ad
579 2300 646 2353 illud
660 2300 809 2354 sanctitatis
822 2301 989 2354 mausoleum
1002 2301 1114 2368 geritur.
1125 2299 1201 2365 Quod
1213 2300 1279 2353 dum
1292 2314 1376 2354 manu

147 2398 272 2463 corporis
284 2399 378 2465 attigit,
393 2400 579 2452 membrorum
590 2400 706 2453 salutem
719 2400 832 2464 revehit,
846 2405 873 2453 et
885 2412 977 2453 comes
989 2399 1095 2452 itineris
1107 2399 1222 2453 aliorum
1236 2400 1374 2454 laetabun-

145 2494 199 2550 dus
220 2497 378 2566 adjungitur
390 2499 435 2565 qui
457 2500 539 2566 paulo
550 2504 720 2568 antegressa
740 2500 906 2565 privabatur.
920 2500 1098 2565 Omnipotens
1120 2499 1220 2553 etenim
1242 2501 1312 2553 beus
1333 2500 1375 2552 bis

145 2595 258 2648 beatum
271 2595 359 2648 virum
373 2598 512 2650 honorans
529 2598 685 2664 virtutibus,
698 2610 755 2650 non
767 2598 856 2651 solum
878 2610 947 2664 quae
958 2596 1075 2650 vivendo
1089 2598 1117 2649 in
1139 2611 1221 2651 carne
1234 2603 1376 2666 peregerat

146 2695 214 2747 haec
227 2708 291 2747 eum
304 2696 485 2763 multiplicare
494 2702 523 2749 et
534 2698 561 2748 in
575 2697 805 2763 transportatione
816 2697 857 2750 sui
867 2697 990 2763 corporis
1003 2697 1127 2763 imperat,
1137 2695 1186 2749 sed
1197 2697 1376 2763 amplioribus

146 2805 211 2846 eum
224 2793 324 2848 llorere
336 2795 465 2848 virtutum
478 2794 607 2864 prodigiis
619 2795 691 2848 lacit.

180 2892 236 2946 28.
250 2895 324 2958 Quae
333 2886 453 2960 'plurima
466 2898 681 2961 praetereuntes,
692 2894 758 2947 illud
769 2894 906 2947 Bercbarii
915 2894 1104 2948 Laudunensis
1116 2894 1194 2948 ducis
1206 2895 1377 2962 propositum

144 2993 284 3060 addimus,
298 3007 409 3048 manum
432 3006 497 3047 suae
518 2994 722 3047 misericordiae
735 2994 932 3060 praestolantis.
946 2998 1013 3047 Nam
1029 2995 1074 3048 bic
1095 2996 1167 3048 beati
1188 2996 1238 3048 viri
1262 2995 1377 3049 audiens

145 3093 305 3159 transitum,
317 3106 380 3146 cum
401 3104 548 3146 numeroso
570 3092 644 3144 venit
666 3093 830 3158 quantocius
851 3093 970 3146 exercitu
991 3106 1046 3161 quo
1067 3095 1152 3147 sancti
1174 3094 1377 3168 custodiebatur

145 3192 342 3260 corpusculum
353 3210 361 3258 3
373 3192 648 3258 llercbenaldumque
661 3191 728 3244 inibi
742 3192 892 3257 reperiens,
906 3206 968 3245 cum
987 3205 1020 3245 eo
1037 3193 1218 3260 gemebundis
1229 3194 1375 3247 verborum

144 3292 372 3359 replicationibus
384 3292 472 3356 coepit
489 3290 631 3358 conqueri,
645 3290 774 3357 inquiens
788 3303 794 3341 :
812 3291 881 3358 Gur,
895 3291 1025 3344 illuster
1031 3292 1162 3359 patrici,
1181 3290 1237 3347 boc
1249 3292 1378 3346 caelesti

145 3405 196 3445 me
207 3390 257 3444 vis
274 3389 403 3457 privari
421 3389 713 3456 margaritotDum
732 3390 845 3443 etenim
857 3392 931 3443 tuae
950 3390 1086 3443 nimium
1106 3392 1269 3445 consulere
1287 3390 1377 3459 cupis

147 3489 306 3557 utilitati,
319 3488 451 3556 publica
471 3488 596 3542 sancita
618 3488 694 3556 legis
709 3488 884 3556 praeteris,
905 3503 986 3556 quae
1005 3503 1053 3543 me
1075 3503 1136 3543 sua
1156 3489 1379 3544 deliberatione

146 3590 245 3657 banus
254 3588 388 3656 pretiosi
399 3588 507 3642 dmnni
517 3589 702 3654 corpusculo
713 3588 807 3655 digne
825 3589 990 3643 munerari
995 3590 1195 3658 praedocent,
1208 3589 1286 3655 quia
1305 3602 1377 3644 eum

146 3686 394 3746 introductionis
415 3699 500 3740 meae
511 3685 620 3753 gratia
640 3685 734 3751 buius
741 3688 872 3754 patriae
883 3689 962 3756 fines
981 3689 1125 3743 retinent.
1146 3689 1253 3743 Vivens
1264 3689 1377 3744 etenim

145 3791 191 3847 ad
201 3801 253 3842 me
263 3800 357 3841 suum
369 3784 528 3852 famulum
540 3784 647 3838 venire
657 3784 757 3838 voluit
770 3803 778 3839 .·
790 3785 846 3852 qui
860 3787 1090 3854 stipendiariae
1100 3801 1186 3842 nacae
1200 3789 1378 3855 juvatione

144 3891 234 3944 ᾱοηα
247 3900 308 3956 per
319 3869 440 3940 multos
453 3887 614 3938 terrarum
625 3883 795 3954 anfractus
815 3886 956 3952 retinuit,
968 3887 1023 3939 ced
1038 3891 1207 3955 postquam
1227 3888 1311 3944 bunc
1330 3891 1379 3944 tui

146 3986 333 4058 praesentia
343 3984 478 4038 nimium
489 3984 607 4052 cupida
619 3985 752 4038 caelitus
762 3985 870 4051 tenuit,
882 3986 924 4038 ad
936 3999 985 4038 me
1001 3999 1072 4039 eum
1086 3987 1192 4041 venire
1202 4000 1266 4042 nen
1279 3989 1379 4044 licuit.

152 4089 249 4154 onius
273 4085 330 4138 clia
352 4086 476 4137 retenta
490 4084 693 4151 praesentia,
709 4095 841 4151 precor,
865 4083 921 4136 tibi
940 4083 1093 4152 sufficiat,
1116 4087 1165 4139 uel
1188 4088 1301 4141 saltem
1321 4090 1381 4143 illa

149 4183 243 4241 unici
256 4182 322 4253 filii
342 4183 390 4236 tui
401 4181 601 4236 resuscitatio
607 4194 669 4249 per
685 4183 753 4248 ejus
765 4184 838 4235 acta
856 4182 1004 4235 meritum
1022 4183 1126 4236 cordis
1139 4184 1187 4236 tui
1207 4185 1381 4253 adimpleat

150 4284 355 4349 uendentem,
368 4280 506 4349 mihique
521 4282 571 4335 vcl
586 4282 698 4335 saltem
719 4281 802 4334 illud
820 4283 995 4335 emortuum
1012 4294 1125 4348 corpus
1145 4283 1276 4351 reddito,
1294 4288 1328 4339 ut
1346 4287 1381 4340 in

148 4386 251 4440 morte
270 4384 337 4450 m'us
357 4381 522 4448 acquiram
543 4382 624 4448 quod
645 4381 679 4433 in
701 4380 768 4434 vita
786 4393 850 4434 non
867 4383 1044 4434 assecutum
1065 4393 1128 4434 non
1146 4382 1265 4437 modice
1282 4384 1379 4440 doleo.

153 4485 242 4546 Quod
252 4483 282 4536 si
292 4480 408 4550 spretis
414 4479 563 4547 precibus
574 4482 603 4534 et
614 4481 644 4533 si
655 4493 703 4533 me
714 4478 908 4549 frustratum
920 4480 987 4547 spei
1000 4492 1086 4533 meae
1098 4480 1246 4536 donativo
1257 4483 1301 4535 ad
1306 4497 1381 4550 pro-

144 4583 226 4653 pria
238 4582 344 4636 redire
355 4582 515 4646 autumas,
529 4578 604 4634 baec
616 4592 664 4633 me
675 4592 738 4634 non
750 4592 842 4647 agere
859 4580 1016 4634 ullomodo
1027 4579 1146 4648 sciatis,
1159 4581 1224 4635 nist
1238 4585 1382 4639 cawrvae
