3136 5482
161 318 230 386 398
503 330 629 382 curro.
649 330 752 381 cono.
771 329 944 380 morona.
964 329 1045 381 nar.

160 504 257 560 nobis.
266 505 411 557 servantes
419 501 501 569 igitur
510 499 890 554 beatissimumtustinianum
897 511 1013 565 puerum
1022 502 1149 565 parentes
1157 498 1361 564 ejusmmmagnr

161 604 266 657 cautela
278 601 475 668 providentiae,
488 599 726 666 praestolabantur
737 595 835 650 intenti
853 597 1025 651 orationibus
1038 600 1066 649 et
1085 596 1185 664 vigiliis
1195 595 1265 649 diem
1274 592 1359 662 qnando

162 705 221 769 eius
234 701 337 755 nitidae
349 700 480 752 infantiae
493 698 631 766 specimen
643 698 766 750 debitum
778 698 874 750 mortis
888 710 988 750 munus
1008 696 1126 749 feliciter
1144 697 1172 749 in
1184 695 1298 760 bomine,
1308 693 1357 745 sicu

164 800 335 868 praedictum
347 799 445 863 fuerat,
459 798 586 850 solveret.
638 801 640 804 ’

196 900 246 953 20.
258 900 365 953 illectus
377 911 497 966 namque
509 895 601 950 inians
620 895 738 965 elinguis
750 909 766 949 a
783 896 908 959 bomino,
921 896 980 951 sola
991 895 1109 964 gratuita
1121 895 1195 949 illius
1207 893 1354 957 misendoue,
1365 892 1378 945 t

162 1013 219 1053 non
228 1004 339 1065 propter
347 998 390 1051 sui
397 997 499 1050 laboris
508 1009 586 1062 opus,
597 994 671 1062 quod
681 1007 738 1049 non
747 996 874 1062 quiverat
883 1008 1023 1063 exercere,
1034 995 1082 1050 sed
1093 1008 1144 1063 pro
1155 1001 1288 1062 pareutum
1296 992 1355 1060 ipsios

163 1098 305 1167 religiosae
317 1100 389 1150 vitae
409 1096 616 1151 conversatione
628 1107 736 1148 necnon
757 1100 784 1147 et
804 1108 854 1161 pro
865 1095 938 1149 beati
959 1093 1074 1162 apostoli
1086 1090 1355 1149 liertialissauclitrim

163 1197 360 1251 intercessione
374 1209 404 1248 ac
423 1209 553 1249 manuum
567 1194 751 1261 impositione,
765 1193 965 1262 praefigurabat
972 1195 1029 1261 jam
1042 1200 1118 1262 tunc,
1132 1194 1162 1247 in
1181 1191 1299 1249 teneriori
1307 1187 1355 1257 poti·

163 1302 207 1350 tus
227 1302 325 1363 aetate,
339 1295 405 1363 quid
423 1295 504 1348 vellet
523 1306 603 1362 agere
620 1293 642 1346 si
661 1293 701 1345 illi
722 1293 751 1346 in
767 1293 846 1347 virile
865 1295 951 1348 robur
970 1293 1131 1348 adolescere
1151 1293 1273 1348 licuisset
1282 1289 1356 1346 ll'ulliu

163 1395 237 1449 enirn
257 1409 389 1461 umquam
410 1394 568 1447 iracundiae
588 1393 718 1458 motibus,
737 1393 840 1447 nullius
862 1393 936 1447 rixae
953 1390 1356 1460 stimulisejusinnocentirsinnt
1368 1386 1389 1436 ll

167 1496 244 1549 visus
255 1501 297 1547 est
310 1495 419 1548 animus
431 1493 608 1558 commoveri,
622 1493 693 1546 sicut
703 1492 749 1545 alii
761 1493 833 1546 soliti
846 1498 910 1548 sunt
921 1495 1048 1548 infantuli
1061 1494 1167 1549 irarum
1177 1493 1273 1548 aculeis
1281 1499 1357 1545 metr·

165 1594 225 1648 bari
237 1597 409 1660 matnrmque
420 1592 506 1646 ubera
519 1604 569 1658 pro
582 1604 661 1657 posse
679 1592 749 1644 velle
766 1592 885 1646 discindi
897 1597 1047 1660 pectusque
1059 1593 1183 1647 calcibus
1193 1590 1284 1659 pedum
1293 1599 1358 1643 rear

165 1693 232 1748 dum
252 1694 323 1747 vires
334 1692 465 1747 contundi
478 1710 487 1759 l
500 1691 548 1745 sod
561 1703 670 1759 semper
683 1691 790 1759 placida
803 1697 906 1759 mente,
925 1690 1074 1759 tranquillo
1090 1692 1169 1746 vultu
1185 1691 1256 1744 illius
1264 1689 1357 1756 erigam

165 1799 193 1848 et
204 1794 324 1861 lepidum
336 1793 515 1860 permanebat
522 1792 725 1858 corpusculum.
735 1794 799 1846 Erat
807 1793 881 1846 enirn
890 1793 956 1845 satis
968 1793 1117 1860 pulchrum
1127 1797 1247 1861 spectare
1255 1791 1280 1843 in
1288 1783 1358 1855 puerili

167 1898 259 1946 urente
268 1891 388 1945 existere
400 1891 557 1959 gravitatem
570 1891 695 1959 senilem,
709 1891 774 1944 dum
788 1904 844 1945 non
857 1897 886 1945 ut
897 1892 988 1945 infans
1000 1891 1170 1946 insensibilis
1181 1891 1227 1959 qui
1238 1902 1286 1944 non
1295 1878 1387 1955 pttltss⁵

167 1991 301 2045 contineri
322 1990 480 2056 immobilis,
502 1990 551 2043 sed
571 1991 649 2056 quasi
667 1990 801 2057 quaedam
822 1991 961 2045 videretur
980 2004 1146 2059 permanere
1165 1991 1284 2059 pulchrae
1298 1984 1358 2053 fletu

168 2091 303 2158 imaginis.
317 2091 337 2142 d
349 2089 466 2143 terrenis
477 2087 617 2156 siquidem
629 2089 711 2142 rebus
724 2090 860 2143 intentum
871 2094 1008 2149 avertens.
1021 2089 1162 2144 caelorum
1173 2088 1274 2143 assidue
1282 2079 1357 2139 dcddr

169 2190 246 2243 rabat
258 2188 369 2242 culmen
378 2189 486 2254 ridere3
498 2187 648 2254 matrisque
662 2188 758 2254 ubera,
771 2188 825 2242 nisi
837 2201 909 2256 raro,
924 2202 1021 2257 sugere
1038 2202 1170 2257 renuens,
1186 2187 1249 2254 sola,
1263 2177 1356 2239 ntcredi·

168 2303 239 2357 mus,
253 2289 377 2342 alebatur
388 2287 481 2341 divina
493 2287 735 2354 contemplatione.

202 2389 247 2440 tt.
259 2390 325 2442 Cum
339 2388 420 2455 igilur
439 2386 566 2453 completi
579 2393 671 2440 essent
683 2388 792 2456 triginta
809 2388 852 2442 uel
872 2401 905 2443 eo
918 2388 1035 2454 amplius
1051 2388 1086 2442 ab
1098 2394 1164 2442 ortu
1174 2389 1233 2455 ejus
1242 2374 1387 2451 dicem

168 2487 265 2541 dentes
277 2487 388 2540 inclitus
399 2487 440 2539 vir
460 2487 581 2539 Arrianus
598 2493 625 2539 et
636 2487 697 2553 ejus
717 2487 817 2553 conjux
836 2489 912 2541 lusia
931 2487 966 2542 de
987 2488 1036 2542 illo
1050 2502 1106 2555 quo
1118 2485 1272 2541 commorati
1280 2478 1356 2535 futttd

169 2588 240 2653 loco,
251 2587 325 2640 lenta
338 2585 561 2640 deambulatione
582 2592 769 2652 pervenerunt
780 2587 809 2639 in
823 2585 942 2653 quodam
960 2587 1048 2656 agello
1068 2587 1203 2642 vocabulo
1213 2580 1355 2641 conredo.

170 2687 199 2738 in
210 2686 307 2740 eodem
319 2685 517 2753 Engolismensi
530 2698 598 2752 pago
611 2685 662 2739 sito
674 2698 753 2739 secus
761 2686 875 2752 praefati
886 2687 973 2753 ripam
983 2686 1105 2740 fluminis
1114 2684 1256 2741 camntoni
1266 2672 1356 2743 irrupt

170 2787 255 2840 saltus
264 2786 421 2839 Luberctini
433 2802 440 2852 ;
454 2784 611 2852 ibidemque
623 2799 718 2839 rursus
731 2791 796 2839 sunt
806 2787 998 2841 castrametati.
1009 2789 1041 2839 ln
1050 2799 1105 2854 quo
1117 2786 1179 2841 loco
1188 2786 1251 2840 dum
1261 2781 1355 2847 aliquid·

170 2886 218 2940 diu
230 2885 407 2954 quievissent,
420 2885 529 2939 advenit
540 2886 612 2938 beati
623 2885 769 2938 iustiniani
790 2886 1015 2954 quadragesimus
1037 2888 1187 2943 nativitatis
1203 2882 1298 2949 diesin
1310 2866 1386 2943 quq!

126 2963 131 2971 ⁵
170 2988 240 3041 sicut
251 2986 419 3054 praedictum
432 2986 521 3039 fuerat
533 2999 548 3038 a
561 2987 640 3039 beato
653 2987 782 3055 llartiale,
796 2987 922 3040 ultimum
936 2987 1072 3041 exhalavit
1084 2989 1210 3055 spiritum
1222 2970 1356 3040 ritaesllfj'

170 3086 287 3153 piendus
298 3085 419 3152 denique
431 3098 463 3138 ex
476 3087 527 3138 boc
539 3086 649 3138 saeculo
661 3085 695 3138 ad
709 3099 823 3154 regnum
836 3091 964 3140 aeternae
977 3087 1112 3140 felicitatis
1126 3087 1246 3155 ephebus
1257 3092 1308 3152 puer
1315 3076 1356 3127 lut·

170 3187 299 3253 tinianus,
313 3191 343 3238 ut
364 3185 502 3251 probatior
522 3190 549 3237 et
568 3184 696 3239 mundior
718 3184 886 3251 redderetur,
900 3186 974 3239 velut
995 3199 1094 3240 aurum
1106 3187 1181 3254 qnod
1194 3187 1222 3239 in
1234 3176 1356 3253 igucselll·

172 3287 247 3353 plurn
260 3286 441 3350 examinatur,
452 3285 598 3351 corripitur
610 3285 781 3353 aegritudine
790 3287 923 3353 corporali
935 3300 983 3354 per
989 3288 1094 3354 aliquot
1106 3276 1358 3357 desuetudinem

170 3387 198 3437 in
212 3386 258 3438 illo
272 3385 295 3436 si
308 3384 373 3451 quid
386 3384 457 3437 forte
469 3383 617 3436 mundialis
631 3384 794 3438 inhaesisset
806 3389 897 3439 reatus
911 3401 917 3437 :
933 3387 1076 3440 nonenim
1089 3392 1179 3453 potest
1190 3358 1390 3443 inveniri.⁵il⁰¹³⁰

171 3487 199 3537 in
219 3484 319 3537 divinis
330 3484 476 3550 scripturis
498 3483 606 3551 legitur,
630 3484 657 3535 in
679 3485 729 3536 bac
750 3497 881 3537 aerumna
902 3486 1002 3539 sacculi
1023 3488 1105 3541 bomo
1128 3482 1358 3545 incisorumquet

169 3585 259 3638 infans
271 3585 349 3650 cujus
362 3596 417 3636 non
431 3587 474 3635 ost
487 3582 516 3634 ln
529 3587 603 3634 terra
615 3582 668 3634 rita
681 3582 734 3634 nisi
747 3583 801 3635 diei
813 3584 905 3646 unius,
919 3584 1037 3652 ideoque
1049 3599 1166 3641 necesse
1179 3591 1237 3640 erat
1247 3574 1359 3649 utplelil⁵

169 3696 219 3750 per
231 3682 408 3750 aegritudinis
419 3681 572 3735 molestiam
585 3686 755 3749 purgaretur,
767 3686 797 3735 ut
808 3683 857 3750 qui
877 3683 1039 3738 credebatur
1049 3687 1106 3752 jam
1120 3687 1149 3739 in
1161 3687 1246 3740 oculis
1257 3678 1360 3737 bominum

171 3797 220 3850 por
232 3783 417 3836 sinceritatem
428 3794 494 3834 suae
504 3781 677 3835 innocentiae
692 3781 757 3835 satis
769 3784 823 3836 lieo
834 3788 972 3851 acceptus,
985 3785 1113 3839 examine
1132 3791 1224 3840 tamen
1234 3778 1316 3837 sunni
1325 3770 1361 3837 ppi-

171 3880 228 3935 licis
249 3880 414 3935 omnimodis
435 3880 571 3945 expolitus
583 3892 632 3946 per
653 3880 745 3932 omnia
757 3880 972 3946 perfectissimus
984 3883 1142 3937 baberetur.
1155 3886 1220 3937 cum
1232 3858 1392 3936 ueunmbr³

171 3982 252 4048 igitur
266 3980 349 4033 biduo
367 3980 490 4032 triduove
513 3979 586 4046 gravi
607 3984 715 4031 artuum
737 3980 840 4044 doloro,
858 3980 988 4034 deficiens
1009 3983 1122 4036 tandem
1144 3983 1276 4049 corporeis
1289 3973 1362 4031 rimus

172 4095 236 4149 prae
249 4081 332 4133 nimia
344 4079 514 4146 lassitudine,
525 4092 588 4131 cum
599 4079 763 4133 declinasset
776 4081 868 4135 nobile
880 4088 962 4148 caput
973 4083 1002 4135 in
1013 4084 1118 4150 gremio
1130 4084 1265 4152 genitricis
1276 4080 1323 4133 11¹·
1332 4070 1361 4123 (lit

172 4195 237 4235 suae
249 4180 405 4243 nativitatis,
419 4179 446 4231 id
458 4184 500 4230 est
511 4179 627 4243 septimo
640 4179 746 4233 decimo
759 4180 889 4233 kalendas
901 4182 1020 4249 augusti,
1033 4195 1068 4235 ex
1084 4183 1136 4237 hac
1147 4184 1200 4237 vila
1211 4182 1245 4236 ad
1255 4176 1362 4235 mulcro

173 4280 305 4347 migravit.
318 4278 401 4344 cujus
414 4274 505 4329 anima
517 4282 657 4342 assumpta
669 4278 703 4329 ab
716 4279 820 4345 angelis
832 4280 963 4333 collocata
975 4287 1017 4334 est
1027 4282 1056 4333 in
1067 4281 1152 4335 caelis
1163 4284 1233 4336 inter
1241 4274 1362 4333 innoeultt

173 4380 300 4447 virgines,
315 4377 422 4445 fulgens
439 4376 511 4429 inter
532 4376 592 4429 illos
612 4376 681 4428 sicut
701 4377 773 4429 inter
793 4378 869 4445 ignes
890 4379 955 4432 luna
978 4380 1109 4444 minores,
1122 4381 1241 4447 psallens
1258 4357 1393 4437 turribii⁵¹⁰

175 4479 311 4531 canticum
323 4489 424 4529 novum
437 4480 499 4541 post
510 4475 621 4542 vestigia
633 4475 706 4541 agni,
719 4489 838 4543 sequens
850 4478 926 4531 illurn
939 4492 1114 4547 quocumque
1126 4481 1197 4534 ierit.

209 4578 258 4629 12.
272 4579 370 4628 verum
383 4578 413 4626 ut
424 4575 645 4627 manifestaretur
657 4576 734 4641 cujus
750 4576 839 4628 meriti
852 4582 925 4630 esset
942 4578 1016 4632 idem
1036 4579 1212 4635 beatissimus
1222 4589 1290 4647 puer,
1300 4574 1365 4627 risum
