3156 5452
317 373 413 424 amu.
431 371 514 424 aar.
533 369 650 421 ranis.
668 391 714 401 -
731 367 885 417 surano.
905 364 951 413 aa
970 361 1046 411 coo.
1066 355 1140 405 rara.
1282 334 1345 398 149

99 548 333 618 diligentissimis
353 546 501 600 lectoribus
521 543 698 610 reperiuntur
720 540 857 594 mandata.
874 541 905 590 ot
917 538 991 590 onim
1010 532 1137 586 immensi
1149 530 1214 583 solis
1227 525 1345 581 universi

100 646 176 701 radii
188 647 278 701 unius
290 646 319 699 in
339 645 437 699 domus
457 641 604 711 ergastulo,
616 654 678 695 cum
699 640 754 693 sint
765 637 865 691 inliniti
877 643 909 690 ot
929 634 1005 689 nullo
1025 644 1140 686 numero
1152 625 1346 688 concludendi,

101 749 189 813 [non]
212 751 331 813 possunt
350 740 557 809 comprehendi,
570 742 608 794 ita
627 737 792 794 sanctissimi
814 736 923 804 patroni
945 733 1036 787 aredii
1060 733 1129 784 mira
1151 736 1177 783 et
1197 726 1345 781 ineffabilia

101 845 254 909 miracula,
267 842 368 898 dillusa
379 856 428 910 per
438 841 513 895 orbis
523 840 642 902 climata,
652 837 838 906 prodigialiter
847 842 916 901 aeta,
925 836 1007 888 unius
1016 831 1106 887 obicio
1116 831 1235 885 doctoris
1248 830 1346 895 impos·

62 949 80 1001 5
94 945 183 999 sibile
203 948 246 998 ast
263 943 425 1009 adplenum
445 941 517 994 intra
530 940 612 993 unius
624 938 770 993 voluminis
784 934 968 1003 perscriptum
991 932 1118 987 coartari.
1138 931 1214 983 Unde
1231 930 1345 982 Domino

100 1045 219 1099 favente
230 1047 321 1096 actum
340 1041 479 1095 credimus
498 1044 530 1094 ut
549 1039 596 1092 ubi
616 1039 699 1092 unius
718 1036 810 1091 detlclt
828 1035 967 1089 scribendi
988 1035 1076 1095 labor,
1091 1046 1125 1085 ne
1137 1032 1223 1085 virtus
1233 1030 1347 1083 melitus

98 1156 154 1210 per
166 1140 240 1195 tanti
252 1141 305 1192 viri
316 1138 414 1194 merita
427 1138 530 1193 mundo
540 1138 614 1192 edila
626 1136 735 1190 suturae
744 1126 895 1201 posteritati
908 1133 1111 1195 obliteraretur,
1125 1131 1195 1184 alius
1214 1132 1347 1197 cuiusque

102 1241 323 1311 probatissimae
343 1239 496 1293 sanctitatis
516 1237 664 1307 paedagogi
682 1237 831 1291 artificioso
851 1235 942 1289 studio
959 1234 1179 1288 luculentissime
1190 1235 1347 1285 vervustare·

103 1340 302 1408 tandemque
314 1352 444 1407 processu
457 1345 610 1405 temporum
623 1338 784 1404 plerumque
798 1350 846 1402 per
858 1336 1004 1389 innumera
1016 1331 1190 1399 copiosorum
1202 1331 1345 1386 doctorum

61 1444 90 1497 ts
103 1439 246 1510 opuscula
258 1452 371 1506 operam
383 1438 546 1493 iacientibus
555 1436 718 1504 impraevisa
731 1435 765 1489 ad
776 1449 888 1490 manum
898 1434 1009 1489 obvium
1020 1435 1093 1487 venit
1104 1431 1177 1500 quod
1190 1446 1239 1499 per
1252 1437 1344 1483 exacta

103 1540 220 1593 dierum
237 1537 374 1592 curricula
395 1538 447 1591 sub
464 1534 635 1602 ignorantiae
656 1535 749 1590 clauso
771 1535 858 1602 sigillo
877 1535 1011 1588 nescitum
1024 1534 1111 1586 latuit.
1126 1534 1261 1596 Quorsum
1280 1543 1344 1583 vero

105 1641 199 1693 bacci
211 1639 366 1694 Hactenus·
384 1638 464 1705 hujus
479 1637 519 1690 rei
531 1637 662 1704 probatur
673 1640 782 1699 eventu,
796 1634 862 1688 dum
875 1647 962 1700 nuper
974 1633 1122 1700 supradicti
1135 1631 1254 1699 Gregorii
1268 1629 1345 1683 libol-
1354 1605 1370 1635 ⁸
1385 1615 1525 1734 ῑῖίῖθΰθᾶἠ

106 1741 168 1794 turn
188 1738 239 1807 qui
259 1718 298 1792 de
316 1737 485 1792 nciraculir
505 1737 583 1791 titulo
603 1736 761 1789 inscribitur
782 1734 992 1797 revolveremus,
1013 1735 1084 1787 inter
1104 1739 1195 1787 cetera
1216 1732 1250 1785 de
1271 1731 1343 1786 beati
1369 1695 1514 1815 quapgfus,

106 1837 203 1892 aredii
215 1837 361 1889 virtutibus
372 1834 447 1889 dulci
463 1835 549 1888 relatu
562 1835 676 1902 sparsim
690 1832 772 1886 insita
783 1832 839 1886 duo
848 1847 892 1886 me
908 1830 1048 1885 invenisse
1062 1832 1174 1899 contigit
1184 1845 1256 1898 quae
1267 1843 1343 1897 prae·

60 1938 92 1991 ld
106 1937 197 1990 misso
208 1935 335 1989 addenda
357 1934 471 2002 dignum
492 1933 618 1987 ducimus
638 1933 723 1999 operi.
738 1934 777 1986 Ex
797 1944 914 1998 equorum
933 1931 1093 1986 inventione
1111 1945 1169 1985 non
1181 1929 1249 1984 mibi
1262 1943 1342 1997 parva

82 2045 86 2048 ·
105 2034 258 2090 admiratio
270 2034 393 2087 animum
405 2032 549 2101 percussit,
563 2033 700 2099 quomodo
712 2032 834 2086 evenerit
850 2044 882 2085 ea
901 2044 995 2084 sacrae
1012 2032 1083 2084 vitae
1104 2036 1132 2084 et
1144 2031 1274 2084 virtutum
1291 2031 1345 2082 liis·

107 2133 212 2189 loriam
223 2130 312 2186 cilicio
322 2130 418 2184 calami
432 2131 600 2198 digerentem
614 2136 752 2198 tamquam
764 2130 885 2185 inaudita
898 2144 929 2183 ac
947 2130 1138 2185 remotioribus
1157 2131 1223 2184 locis
1241 2135 1344 2196 patrata

107 2230 286 2300 praeterisse,
299 2244 362 2284 cum
375 2229 478 2285 eisdem
491 2229 520 2283 in
536 2229 633 2284 vicinis
650 2231 898 2297 propinquitatibus
910 2232 944 2284 ab
957 2231 1053 2284 eodem
1067 2244 1149 2298 saepe
1163 2231 1236 2284 dicto
1253 2230 1343 2297 ponti·

108 2334 163 2388 tice
175 2338 325 2388 narrantur
343 2332 378 2386 ad
395 2331 507 2385 laudem
522 2338 549 2385 et
568 2331 683 2398 gloriam
705 2330 916 2399 cunctipotentis
933 2334 979 2385 bei
992 2347 1042 2398 per
1053 2333 1127 2386 buno
1140 2332 1343 2385 sanctissimum

55 2432 92 2487 ll
107 2432 241 2485 wiern
252 2430 415 2484 mirabiliter
427 2430 524 2484 incolis
536 2430 674 2483 attributa.
688 2433 761 2495 Quae
773 2430 837 2498 quia
849 2443 898 2497 pro
910 2431 1041 2499 dignitate
1054 2430 1115 2484 iacti
1129 2445 1145 2483 a
1162 2437 1238 2485 tanto
1256 2431 1344 2496 ponti-

109 2532 165 2585 llce
176 2530 249 2584 iutra
260 2542 400 2584 sacrorum
414 2528 580 2583 mirabilium
592 2529 725 2597 gloriosos
738 2529 890 2596 triumphos
902 2530 930 2582 in
943 2532 1050 2598 signum
1065 2531 1224 2599 magnificae
1234 2531 1342 2584 virtutis

108 2631 202 2685 locata
214 2628 341 2694 vidimus,
353 2640 388 2683 ne
399 2629 443 2681 bis
455 2628 555 2695 quibus
567 2642 616 2695 pro
629 2641 727 2698 magno
737 2628 871 2683 beneficio
883 2629 981 2683 collata
993 2630 1106 2683 luerunt
1117 2631 1208 2699 ignota
1221 2632 1342 2684 nescian-

108 2735 168 2797 tur,
182 2727 217 2782 ad
230 2728 338 2782 laudem
359 2731 387 2782 et
406 2728 539 2782 bonorem
561 2729 660 2782 summi
672 2731 779 2796 patroni
797 2729 886 2783 aredii
904 2729 938 2783 ad
957 2730 1080 2784 notitiam
1093 2730 1215 2784 tidelium
1228 2743 1343 2784 suorum

107 2827 179 2883 buic
190 2825 307 2894 paginae
319 2824 441 2879 inserere
461 2827 626 2881 curavimus.
639 2829 712 2891 Quae
733 2840 776 2880 res
788 2828 822 2880 ad
840 2827 921 2894 nujus
939 2826 1009 2881 tituli
1032 2841 1168 2881 summam
1181 2828 1345 2882 narrationis

53 2928 92 2983 fl
104 2924 185 2980 ducit
196 2923 351 2977 exordium.
364 2925 436 2979 Fons
448 2929 507 2978 erat
519 2924 638 2993 irriguus
640 2961 702 2978 ......

149 3096 234 3144 vrrs
258 3095 300 3143 ar
317 3094 492 3143 ursaceus
508 3094 537 3143 s.
559 3094 710 3144 oarsumr
734 3078 816 3163 (Cir.
828 3097 938 3164 supra,
955 3100 987 3165 p.
1002 3080 1078 3159 144,
1096 3081 1154 3147 21ο
1170 3085 1204 3148 et
1219 3082 1305 3166 220).

140 3269 183 3321 ln
199 3265 323 3322 nominc
333 3265 457 3321 Domini
474 3265 590 3331 incipit
606 3266 761 3333 prologos
771 3265 805 3320 in
822 3265 895 3320 vita
913 3267 1002 3320 beati
1021 3267 1159 3322 oriencli
1175 3268 1346 3333 pontificis,

597 3365 680 3430 quod
691 3367 742 3418 est
752 3366 818 3419 kal.
832 3365 920 3419 maii.

143 3535 175 3586 1.
189 3532 217 3586 si
230 3532 377 3586 mulionum
398 3533 513 3586 intentio
534 3532 673 3600 quondam
686 3533 714 3586 in
727 3534 779 3588 boc
790 3534 876 3587 luisse
893 3535 1034 3601 probatur,
1048 3542 1077 3588 ut
1095 3536 1346 3603 opinatissimorum

52 3636 89 3689 3⁰
106 3633 235 3687 virorum
246 3636 323 3685 actus
335 3635 362 3685 et
373 3636 449 3701 gesta
458 3632 516 3685 suis
528 3633 750 3700 relinquerentur
762 3635 976 3690 aemulatoribus
993 3638 1104 3705 scripta,
1119 3638 1181 3690 licet
1200 3638 1267 3690 nulli
1287 3651 1346 3705 pro·

106 3734 213 3799 futura,
226 3732 327 3798 quippe
339 3743 401 3785 cum
414 3732 488 3786 velut
498 3733 590 3787 bimus
602 3745 700 3786 vacuas
712 3747 762 3800 per
772 3747 854 3788 auras
867 3736 1059 3790 evanescentia
1072 3738 1185 3804 suisque
1197 3751 1259 3791 cum
1278 3751 1344 3792 auc·

106 3829 218 3884 toribus
231 3833 361 3896 perpetua
383 3830 515 3884 oblivioni
535 3829 711 3897 conterenda,
725 3837 831 3898 oportet
850 3834 933 3902 igitur
952 3848 1002 3888 nos
1023 3848 1120 3888 eorum
1134 3836 1344 3904 obsequiisdlli-

106 3929 219 4000 geutius
232 3928 359 3984 insistere
379 3943 449 3997 quos
470 3931 499 3983 in
520 3935 665 3997 perpetuas
677 3933 852 3986 aeternitates
875 3947 932 3987 non
945 3935 1010 3987 latet
1021 3935 1138 4003 gloriose
1150 3950 1343 4002 permansuros

106 4042 165 4083 una
177 4041 242 4081 cum
255 4027 364 4082 Christo
385 4030 497 4096 fulgere,
512 4042 574 4082 curu
588 4030 669 4083 etiam
683 4031 812 4098 quicquid
825 4045 857 4084 ex
871 4045 966 4086 eorum
978 4035 1060 4101 gestis
1074 4047 1124 4087 nos
1146 4040 1252 4088 constat
1270 4049 1345 4089 vera·

53 4132 90 4186 Β
107 4128 181 4185 citer
192 4142 351 4197 agnoscere,
365 4128 447 4181 nullis
468 4127 616 4182 invidentia
635 4131 744 4192 comite,
763 4132 834 4184 scire
846 4137 938 4186 tamen
950 4134 1124 4199 cupientibus
1142 4135 1343 4200 abdica1·e·,ne
1376 4147 1507 4214 ‘supple

109 4232 182 4286 forte
193 4230 257 4298 quis
269 4226 423 4298 ignorantia
432 4229 611 4299 languescens
623 4232 761 4299 agnitione
771 4238 872 4299 careat,
883 4236 926 4286 cui
940 4240 1095 4288 sanctorum
1107 4237 1250 4289 nobiscum
1261 4237 1341 4291 tidem
1370 4212 1448 4265 ”effi
1461 4212 1518 4265 Sit?

106 4333 243 4386 adbibere
253 4332 362 4386 debeat.
377 4335 430 4385 llac
442 4346 507 4400 ergo
518 4333 592 4385 ducti
605 4334 838 4401 praesumptione,
852 4335 975 4402 cogimur
995 4337 1077 4388 vitam
1091 4337 1340 4404 miraculommquo

103 4439 184 4503 gesta
195 4432 341 4486 clarissimi
354 4431 490 4498 pontilicis
501 4433 617 4485 oriencii
628 4432 691 4486 stilo
704 4435 800 4500 partim
810 4433 978 4501 contingere,
989 4449 1051 4488 curn
1062 4436 1142 4488 etiam
1156 4441 1264 4490 constet
1274 4450 1339 4502 prae

102 4532 192 4587 multa
204 4544 302 4586 eorum
314 4532 496 4584 immensitate
515 4545 572 4585 non
592 4533 684 4585 omnia
701 4545 780 4598 posse
801 4545 890 4585 necne
901 4532 1009 4601 legendi
1032 4535 1141 4600 quidem
1161 4549 1254 4590 amore
1266 4551 1342 4604 prae·

48 4638 84 4691 to
100 4632 232 4688 sentibus
244 4632 414 4698 posterisque
436 4629 560 4684 mandari
573 4634 592 4698 ¹,
613 4644 668 4698 quo
689 4631 794 4685 scilicet
811 4635 914 4698 queant
925 4634 1055 4699 propbeta
1064 4635 1179 4701 jubente
1197 4638 1342 4692 bominum
1397 4640 1482 4756 'ogd

1370 4719 1432 4759 man
1455 4718 1510 4758 aro.
