3156 5452
583 334 708 385 CATAL.
728 333 828 384 OODD.
848 332 1023 384 naaman.
1043 333 1125 383 LA'P.

467 555 604 645 XLVI.
627 555 755 644 Oodox
773 556 964 666 signabis
986 579 1098 644 num.
1124 553 1246 643 1788.

275 775 345 826 Olim
356 775 490 826 Comitum
504 774 710 838 Bethaniorum,
723 773 823 826 deinde
835 774 934 840 Regius
946 777 975 827 C.
987 775 1063 827 3860.

276 876 410 927 Potiorum
422 876 464 937 oo,
479 875 551 928 med.
564 877 620 940 (οω,
633 876 812 941 ὅιὸχοβίΰ).
825 876 963 929 columnis
975 875 1057 938 binis.
1071 879 1197 928 exaratus
1210 888 1283 929 saec.
1300 877 1375 928 tilii.
1411 850 1415 857 ’

342 978 378 1052 1⁰
396 977 526 1056 Passio
540 987 765 1056 sanctorum
779 985 993 1076 martyrum
1007 975 1195 1055 lobannis
1208 986 1247 1055 et
1266 977 1385 1055 Pauli
1404 977 1465 1075 (fo

391 1102 559 1196 i8v-iP).

279 1234 327 1286 itd.
341 1247 384 1300 ap.
397 1235 592 1299 iiombritium,
606 1240 670 1288 tom.
686 1236 705 1286 1.

268 1385 272 1394 -
340 1331 377 1408 2⁰
391 1331 590 1410 Tractatus
603 1331 724 1410 sancti
740 1329 935 1408 Ambrosii
955 1329 1004 1407 de
1014 1328 1237 1408 inventione
1250 1340 1465 1410 sanctorm

388 1456 557 1535 Gervasii
589 1466 627 1535 et
652 1454 815 1534 Protasii
839 1453 889 1530 ad
917 1475 1093 1532 sororem
1115 1476 1226 1531 suam
1254 1453 1465 1534 Marcellar

389 1581 469 1673 (iol.
491 1581 657 1672 Pi'dii‘).

274 1720 301 1769 S.
316 1716 450 1769 Ambrosii
463 1716 578 1783 epistula
589 1717 632 1782 22,
645 1716 689 1769 ed,
704 1719 731 1768 P.
745 1717 786 1782 1...
801 1722 866 1770 tom.
880 1716 943 1775 ivl,
958 1729 984 1779 p.
1000 1714 1116 1766 torono.

340 1815 378 1889 3⁰
395 1814 479 1892 Vita
492 1814 613 1892 sanati
632 1813 827 1892 Ambrosii
847 1813 1021 1914 episcopi
1039 1813 1118 1908 (fol.
1139 1812 1310 1907 26⁹-40‘t

276 1948 391 1999 Auctore
405 1947 525 2007 Paulino.
540 1947 584 1999 ed.
599 1946 676 2008 ibid..
690 1953 756 2000 tom.
771 1948 834 2010 xiv,
848 1961 876 2013 p.
889 1948 975 1999 anto,

340 2044 379 2120 4⁰
396 2045 491 2124 Item
522 2046 571 2124 de
606 2055 739 2124 sancto
774 2044 994 2135 Ambrosio,
1033 2045 1203 2148 qualiter
1237 2046 1465 2146 corripueri

390 2171 655 2251 Theodosium
686 2173 963 2272 imperatorem
989 2193 1108 2271 super
1134 2170 1410 2273 quorumdam
1430 2173 1465 2249 in

384 2297 487 2394 justa
505 2296 777 2374 interfectione
796 2295 876 2395 (fol.
899 2294 1066 2386 tib-42⁹).

276 2429 310 2480 Ex
323 2427 484 2481 Theodoreti
498 2429 576 2482 Hist.
591 2431 674 2491 eccl„
689 2432 716 2481 v.
735 2433 763 2482 tr
781 2431 819 2486 (P.
840 2433 881 2497 o,
899 2434 964 2482 tom.
985 2430 1103 2492 Lxxxll,
1117 2443 1143 2495 p.
1158 2430 1276 2489 tait-ast
1288 2428 1379 2483 latine
1392 2430 1462 2484 redd

243 2535 310 2580 tum.
325 2527 507 2581 Praemittitor
522 2528 696 2594 praefationis
715 2529 775 2582 loco
796 2527 931 2596 posterior
952 2541 1014 2595 pars
1026 2540 1085 2595 cap.
1101 2529 1132 2580 ts
1143 2527 1297 2592 (interam
1308 2529 1465 2583 universa

242 2625 415 2679 communis
427 2625 587 2681 hominnm
600 2625 750 2693 bostis...)
763 2632 790 2680 et
802 2629 935 2680 insertum
948 2633 988 2679 est
1007 2628 1066 2681 loco
1079 2639 1130 2681 suo
1141 2626 1282 2679 decretum
1295 2625 1332 2679 de
1346 2640 1406 2681 non
1419 2641 1465 2682 ext

245 2725 353 2791 quenda
369 2726 458 2778 statim
472 2727 606 2779 sententia
619 2726 726 2792 capitali
739 2727 774 2780 ab
786 2728 951 2793 imperatore
962 2724 1065 2780 indicta
1079 2726 1160 2788 (cod.
1181 2724 1290 2780 moa.
1304 2727 1349 2778 ix.
1364 2740 1411 2780 m.
1428 2731 1465 2793 1³]

341 2825 379 2900 5⁰
397 2824 526 2903 Passio
544 2825 665 2903 sancti
685 2824 838 2925 Georgii
858 2825 1038 2930 martyris
1056 2824 1140 2923 (iol.
1161 2823 1331 2913 43¹-49't

274 2957 330 3007 inc.
351 2956 425 3009 Cam
448 2957 490 3008 aa
513 2955 684 3009 vastandas
702 2956 843 3023 aridique
863 2955 1012 3010 ecclesias
1036 2954 1250 3009 Diocletianus
1274 2955 1425 3010 videlicet
1445 2957 1465 3008 ir

242 3055 369 3122 oriente,
384 3055 600 3107 Maronianus
612 3067 683 3108 vcro
700 3054 734 3106 in
746 3055 909 3112 occidente,
929 3054 1138 3108 dissimilibus
1151 3053 1298 3122 moribus,
1312 3055 1465 3109 consimii

243 3156 348 3206 tamen
358 3153 520 3220 sententia,
534 3154 772 3220 conspirassent,
795 3155 837 3206 nd
858 3154 1089 3221 exsequendam
1111 3155 1176 3206 tam
1196 3152 1325 3207 mndata
1339 3154 1465 3208 ministr

242 3249 360 3302 ciant„
371 3252 577 3316 reppererant
598 3249 788 3314 minianum,
812 3250 983 3303 Datinnnm
1001 3249 1153 3315 videlicet,
1170 3249 1227 3316 qni
1233 3261 1295 3316 per
1307 3249 1343 3302 id
1357 3253 1465 3319 tempu

243 3348 444 3413 tyrannicam
458 3347 523 3401 sive
534 3343 734 3400 crrsdelttatis
744 3360 902 3401 rumorem
914 3351 1008 3415 atqne
1025 3347 1172 3401 vesaniae
1187 3359 1264 3414 erpa
1287 3352 1431 3417 cunctos,
1444 3364 1465 3403 (ι

239 3446 412 3513 praecipue
422 3444 621 3512 christianos,
633 3458 694 3512 per
705 3448 802 3499 totam
815 3449 979 3512 sparserat
990 3445 1091 3499 orbem
1103 3457 1301 3499 romanum...
1458 3518 1460 3522 .

278 3547 337 3597 [tes.
351 3544 427 3598 Acta
447 3546 645 3597 enatantem
663 3543 739 3597 baec
761 3544 795 3596 in
809 3545 974 3611 provincia
990 3543 1205 3611 Cappadociae
1216 3544 1303 3612 apati
1316 3544 1465 3601 civitaten

245 3645 419 3698 Militenam
431 3644 486 3696 sno
499 3643 634 3697 Datiano
646 3643 843 3712 imperatore,
857 3647 1010 3711 reparante
1024 3646 1056 3697 D.
1070 3644 1108 3698 N.
1123 3644 1150 3697 J.
1168 3644 1231 3698 C....

343 3742 379 3817 θ’)
397 3741 527 3819 Passio
560 3741 771 3820 beatissimi
805 3741 972 3821 Cornelii
1001 3741 1109 3820 urbis
1136 3739 1281 3820 Romae
1299 3743 1465 3845 episcop

395 3865 475 3966 (fol.
497 3864 663 3965 sor-51¹).

280 3997 326 4050 Ed.
339 4010 382 4063 ap.
396 3995 589 4060 mombritium,
604 4001 666 4048 tom.
682 3998 702 4048 l.

343 4098 380 4172 '1⁰
398 4096 528 4174 Passio
558 4097 679 4174 sancti
712 4096 890 4198 Cypriani
922 4095 1096 4196 episcopi
1128 4103 1166 4172 et
1193 4096 1377 4194 martyris
1394 4096 1465 4189 (fol

392 4217 561 4315 err-sav).

282 4353 326 4404 Ed.
342 4365 357 4403 a
371 4352 487 4404 Psmeiio
501 4353 529 4404 in
542 4353 629 4418 rapite
641 4355 757 4418 Operum
768 4357 793 4404 S.
805 4356 930 4420 Cypriani
944 4354 1003 4417 (cir.
1018 4355 1082 4407 Act.
1095 4356 1152 4414 δ’δ’..
1166 4357 1232 4404 tom.
1246 4352 1275 4403 tv
1286 4352 1373 4417 sept,
1383 4366 1409 4419 p.
1422 4355 1465 4406 tos

249 4466 274 4503 n.
294 4455 339 4513 ib).

710 4601 1002 4613 ——--—-—.-.
