3136 5482
280 365 371 414 ereo.
389 364 474 415 nir.
494 365 609 416 rems.
628 386 673 395 -
689 366 843 416 sereno.
863 366 910 413 eu
927 365 1003 414 coo.
1024 362 1099 412 erra.
1243 350 1304 415 177

279 538 422 604 Tempore
432 537 581 592 continno
592 538 676 592 coeti
687 538 854 592 meinans
866 537 1053 604 benedicum,
1346 539 1412 607 [Lra.
1426 538 1457 607 1.]

276 636 367 703 deins
379 637 414 690 in
426 649 480 691 ore
492 650 557 692 meo
572 638 644 691 tone
655 651 829 706 numqaum
842 637 957 690 desinit
969 615 1043 703 esee,

273 736 310 789 Ei
324 736 458 791 laudabo
471 738 568 791 Deum
580 738 633 805 qni
645 740 757 806 repeat
772 737 886 805 unione
898 738 1043 791 locorum.

219 838 275 889 VI.
311 840 356 890 Est
367 838 494 905 equidem
508 844 614 907 gratum
627 839 741 893 Domino
754 851 866 906 prorsus
879 836 1078 900 holocaustum,

276 938 344 989 lium
356 951 405 1004 pro
417 950 497 1004 posse
509 940 551 991 sui
564 939 630 992 dant
642 939 682 990 illi
696 942 842 1004 pneumata
855 936 944 990 laudis

274 1035 418 1089 inmundo
431 1050 527 1102 puram
541 1050 611 1104 quos
623 1043 729 1092 constat
741 1018 833 1089 viuere
846 1036 927 1089 vitam

271 1135 388 1187 Fortiter
400 1141 426 1188 et
438 1135 541 1204 fragilis
553 1136 732 1202 temptamina
743 1135 854 1188 vincere
865 1134 966 1187 earnis.

272 1232 348 1295 Quod
361 1245 412 1287 nos
425 1234 483 1298 ipse
496 1240 590 1287 monet
601 1233 667 1287 dum
680 1234 786 1287 dudum
798 1233 861 1286 talia
874 1231 996 1298 profert:

272 1329 375 1384 diaeta
386 1331 561 1398 pratuiinm
573 1332 703 1388 Domino
718 1332 823 1386 landis
837 1330 1060 1386 holocaustum.

272 1432 343 1484 liaeo
354 1434 488 1498 quantum
499 1437 614 1498 prosunt
626 1446 703 1486 saera
716 1432 796 1486 nohis
808 1431 934 1500 dogmata
947 1430 1076 1497 produnt.

272 1532 338 1583 Nam
351 1543 428 1584 saera
441 1545 503 1585 oum
516 1533 597 1586 nohis
609 1535 747 1600 Scriptura
757 1531 882 1599 jubendo
894 1531 1008 1584 referret
1022 1547 1028 1582 :

271 1630 422 1698 Sacrifica
429 1632 587 1699 placitum
600 1633 728 1687 Domino
743 1631 851 1685 tondis
863 1630 1087 1697 holocaustum,

271 1729 411 1784 Reddere
425 1731 603 1787 altithrono
615 1733 720 1787 cordis
730 1732 940 1786 mundissimo
953 1733 1033 1796 noto,

274 1828 368 1883 intulit
377 1836 501 1885 actutum
512 1832 586 1900 quod
599 1831 680 1886 nobis
693 1830 878 1898 proficuosum

273 1929 305 1980 lii
316 1929 411 1983 mundi
424 1935 513 1986 totum
526 1932 748 1999 superexcellens
760 1930 910 1999 pretiosum
926 1947 932 1982 :

277 2028 420 2096 Tempore
432 2030 583 2086 tristitiae
594 2032 699 2086 clamo
710 2031 862 2100 fidentius
876 2030 918 2083 oct
930 2043 987 2095 me,

269 2128 348 2180 Dani
359 2129 458 2183 simul
469 2144 489 2184 a
502 2132 621 2185 eunetis
634 2134 693 2185 tete
705 2131 886 2185 redimendo
901 2128 1043 2183 sinistris

271 2227 444 2296 Saioifioem
455 2230 559 2299 eitius,
572 2233 653 2286 dans
664 2232 771 2286 omnia
783 2229 943 2286 commodo
950 2229 1128 2295 promptus,

258 2317 307 2376 'Et
320 2323 400 2377 milii
410 2326 553 2381 sublimis
571 2330 606 2382 tn
618 2329 729 2383 reddes
740 2330 865 2383 cutmen
878 2325 1013 2381 honoris.

276 2424 342 2475 dieii
354 2424 420 2478 item
433 2428 553 2493 psalmus
566 2441 648 2495 supra
661 2429 822 2495 saepissime
835 2428 924 2480 fassus
940 2443 946 2477 :

282 2523 351 2576 Voce
357 2525 416 2591 pta
429 2526 595 2581 Donniiinm
609 2528 744 2582 medone
757 2525 890 2580 tondale
898 2525 1111 2592 peramplum,

272 2623 391 2677 Reddat
402 2624 441 2678 nli
454 2625 577 2694 infestis
589 2631 625 2681 nt
637 2641 686 2682 ine
697 2628 852 2682 miserans
864 2624 1004 2679 inimicis

274 2722 430 2793 Securum,
443 2738 564 2794 semper
577 2731 704 2783 ineatur
715 2731 745 2782 et
757 2727 991 2794 omnipotenter.

198 2822 269 2874 vn.
306 2824 427 2892 Namque
439 2826 513 2892 qnod
525 2828 577 2880 hoo
590 2829 632 2880 isti
646 2841 753 2881 summo
766 2827 911 2880 conamine
923 2824 1021 2887 sancti,

270 2923 390 2984 Quorum
402 2937 477 2978 nuno
489 2931 565 2980 aetus
578 2927 606 2979 in
620 2926 701 2981 laude
713 2928 760 2979 liei
772 2926 953 2987 celebramus,

266 3022 299 3073 Et
309 3023 408 3090 reliqui
421 3030 502 3078 testes
514 3027 628 3092 implere
642 3029 688 3079 liei
702 3027 877 3087 studuerunt,

268 3122 357 3186 ipsum
371 3122 523 3190 laudantes,
536 3127 565 3177 in
577 3126 674 3191 poenis
686 3124 903 3193 magnificantes,

267 3222 441 3275 ilonservavit
453 3224 486 3277 al)
499 3224 607 3278 insidiis
620 3225 697 3292 ipsos
710 3225 814 3278 inimici

267 3321 300 3372 Et
311 3320 436 3386 perduxit
448 3324 481 3376 ad
494 3329 636 3378 aeternum
649 3326 708 3378 sine
721 3331 844 3390 tempore
857 3335 981 3389 regnum,

269 3421 300 3471 ln
312 3432 368 3486 quo
380 3419 513 3489 florigeris
525 3422 643 3476 redimiti
659 3429 781 3490 tempora
793 3422 886 3486 seriis,

270 3520 361 3584 ipsum
375 3519 548 3588 magnificant
560 3528 586 3576 et
598 3525 622 3576 ei
637 3536 714 3576 saera
726 3522 833 3576 oaniioa
847 3524 967 3573 cantant.

269 3618 321 3668 >ios
332 3622 360 3669 et
371 3618 400 3670 in
414 3619 492 3672 istius
505 3620 587 3686 positi
599 3619 758 3673 discrimine
772 3617 868 3695 mundi

268 3714 342 3767 luter
353 3717 529 3771 multimodas
541 3718 612 3770 ritae
623 3719 774 3783 praesentis
787 3727 954 3777 aerummas‚

267 3814 420 3869 Laudemus
432 3820 586 3885 Dominum,
600 3821 647 3886 qui
660 3832 766 3872 summa
779 3818 852 3871 salus
864 3816 1037 3883 populorum,

265 3913 316 3975 Qui
327 3926 378 3967 nos
391 3915 504 3983 solatur,
517 3917 564 3984 qui
577 3916 656 3970 nobis
670 3918 841 3985 propitiatur,

267 4011 394 4067 Fidentes
405 4016 435 4069 in
447 4029 480 4069 eo
493 4029 549 4071 non
562 4019 637 4085 segni
650 4016 732 4071 eorde
745 4017 792 4071 sed
806 4016 908 4083 amplo,

265 4112 344 4176 Quod
356 4127 408 4168 nos
420 4127 435 4168 a
448 4117 554 4170 eunetis
566 4122 637 4185 teget
649 4118 692 4171 hie
706 4117 862 4170 miserando
876 4116 1007 4176 sinistris,

266 4213 317 4278 Qui
329 4228 470 4282 speramus
481 4218 509 4270 in
521 4218 611 4285 ipsius
621 4218 696 4286 larga
710 4219 819 4284 pietate,

267 4315 325 4369 lilio
335 4320 463 4370 aeternae
476 4318 613 4385 supplebit
625 4317 723 4386 gaudia
735 4319 816 4384 vitae,

266 4412 363 4468 Tristia
374 4427 459 4482 quarn
471 4415 584 4485 fugient,
598 4417 642 4470 oui
654 4429 763 4481 semper
775 4428 904 4483 prospera
917 4414 1025 4480 cedent,

266 4512 382 4567 lstorum
395 4514 502 4568 meritis
513 4515 694 4583 precibusque
703 4514 863 4583 juvantibus
876 4514 956 4566 almis

263 4613 425 4670 sannorum
438 4625 556 4682 qaorum
569 4615 713 4669 sollemnia
726 4626 801 4669 nuno
812 4624 977 4669 veneramur

98 4720 301 4769 :mmme
313 4721 370 4766 101.
