3136 5482
163 325 230 392 546
503 340 628 391 cnunc.
649 339 750 389 conn.
771 337 1045 389 remeantur.
1408 362 1412 427 3

163 511 315 565 afflictionis
327 509 444 569 nescius,
458 511 543 561 beum
562 521 611 574 pro
629 508 828 562 restauratione
840 507 940 560 borum
959 507 1026 574 petit
1038 507 1192 572 attentius;
1206 505 1367 572 dumqucbeo

163 624 225 664 cum
251 608 370 662 lacrimis
390 620 487 674 preces
508 606 667 674 ingeminat,
680 608 731 660 hos
751 608 866 660 miseros
886 605 920 659 ad
943 605 1089 659 sanitatem
1112 610 1234 670 reuocat,
1247 613 1368 670 eorumque

162 710 269 763 animos
280 706 389 761 blandis
402 707 552 760 informans
564 705 824 773 praedicationibus,
838 705 872 759 ad
884 707 955 760 viam
967 704 1093 760 veritatis
1110 718 1243 761 revocare
1254 705 1309 759 tacit
1317 705 1369 758 ritae

162 821 283 877 gressus,
296 807 469 873 propriisque
484 817 533 872 pro
551 805 597 857 bci
616 817 710 858 amore
722 806 854 872 deinceps
872 805 968 859 volunt
984 805 1069 859 rebus
1084 817 1182 859 carere
1200 806 1248 873 qui
1265 805 1369 858 bacteuus

162 906 279 957 nimium
291 904 462 957 inhiaverant
474 902 503 954 in
515 901 666 955 alienarum
682 901 904 968 depraedatione.
1377 898 1389 950 l

197 1007 241 1057 11.
255 1005 301 1058 llis
314 1003 414 1057 talibus
426 1003 640 1069 circumquaque
659 1002 788 1068 operibus
800 1003 950 1055 sanctitatis
962 1015 1029 1056 suae
1047 1002 1169 1056 dilatans
1183 1003 1292 1068 famam,
1302 998 1370 1054 mulis

163 1103 359 1158 miraculorum
378 1102 462 1170 signis
482 1101 628 1154 honestare
649 1100 713 1154 lecit
734 1101 886 1154 Franciam.
907 1101 956 1165 Qui
977 1107 1039 1169 post
1058 1102 1138 1170 baec,
1151 1100 1248 1155 divino
1267 1098 1370 1154 minu

163 1202 311 1268 desiderio,
323 1203 351 1253 in
360 1200 492 1270 grandem
503 1204 607 1254 curtem
617 1201 692 1254 teuit
704 1200 732 1253 in
742 1213 811 1268 pago
820 1200 1001 1266 atrebatensi,
1011 1207 1038 1254 et
1047 1201 1123 1255 inter
1132 1205 1227 1255 cetera
1235 1197 1371 1268 operationis

164 1316 229 1356 suae
241 1302 358 1370 insignia
370 1299 441 1354 baud
455 1299 588 1366 superiori
600 1299 733 1352 dissimile
746 1312 796 1366 per
808 1312 872 1352 eum
883 1303 995 1365 operata
1006 1305 1049 1353 est
1062 1300 1157 1354 divina
1170 1300 1267 1368 gratia
1277 1296 1371 1364 detu

164 1401 265 1456 etenim
284 1401 338 1467 die,
352 1400 434 1468 longo
454 1399 560 1452 viarum
581 1399 681 1452 tractus
702 1399 810 1465 itinere,
823 1398 978 1453 communis
996 1397 1108 1465 hospitii
1121 1390 1399 1455 nocturnateureclt

164 1500 286 1568 ptionem
297 1500 393 1553 beatus
406 1501 523 1552 Furseus
535 1496 643 1552 cuidam
658 1497 778 1565 mulieri,
792 1499 904 1552 nomine
917 1497 1137 1563 llermenlridae,
1151 1498 1239 1566 petiit,
1250 1500 1371 1566 queetcar

165 1599 304 1666 poralibus
316 1598 430 1652 adluens
441 1598 549 1665 opibus,
562 1598 616 1649 beu
631 1596 747 1650 nimium
759 1597 859 1650 misera
876 1597 988 1650 carebat
999 1595 1178 1650 caelestibus.
1191 1600 1257 1651 llam
1269 1608 1315 1649 nec
1323 1590 1371 1647 ttut'

164 1697 216 1753 viri
229 1698 330 1753 blanda
341 1710 455 1765 precum
467 1696 574 1750 iteratio
587 1709 639 1750 nec
651 1696 805 1750 communis
817 1696 941 1750 omnium
954 1696 1096 1751 miseratio
1112 1697 1188 1751 banc
1200 1697 1235 1751 ad
1246 1697 1296 1751 hoc
1310 1691 1372 1749 euol-

164 1799 216 1852 lire
228 1798 314 1865 potuit
325 1796 409 1851 utvel
420 1796 493 1849 illins
511 1794 597 1848 felicis
614 1794 736 1849 advenae
756 1795 933 1849 misereretur
953 1796 1064 1863 inopiae
1080 1796 1125 1850 rel
1144 1809 1211 1850 suae
1234 1790 1371 1862 receptionis

164 1899 269 1951 sineret
280 1897 362 1953 etiam
373 1896 473 1950 ostium
486 1895 602 1962 aperire.
617 1895 699 1961 cujus
711 1894 917 1949 inhumanitatis
929 1896 1104 1963 comperiens
1115 1894 1258 1962 duritiam,
1270 1885 1398 1962 pram-¹³

165 1997 218 2051 tiae
230 2009 295 2049 suae
309 1994 466 2062 retrogrado
476 1994 554 2047 duxit
564 1993 628 2047 lelix
637 1993 683 2047 ille
694 1994 783 2049 incola
793 1999 989 2061 paupertatem,
1000 1994 1115 2048 alterius
1124 1996 1208 2061 petita
1217 1992 1369 2060 susceptum

164 2095 211 2163 qui
223 2095 294 2148 banc
307 2107 363 2147 non
375 2098 499 2160 potuerat
509 2093 642 2146 invenire.
655 2093 708 2146 Sed
721 2094 751 2146 in
763 2094 887 2147 absentia
904 2093 977 2147 beati
995 2093 1047 2147 viri
1066 2094 1158 2160 patuit
1169 2094 1247 2148 locus
1257 2087 1370 2145 immuub

164 2193 282 2260 spiritui,
295 2193 341 2259 qui
355 2190 572 2244 tiermenbidam
584 2190 657 2258 gravi
665 2196 779 2244 vexaret
790 2191 923 2254 cruciatu,
937 2195 1129 2258 quantumque
1141 2193 1230 2245 iteum
1241 2188 1370 2245 eunome

166 2298 261 2347 notum
283 2291 361 2345 tieret
372 2291 500 2345 omnibus
521 2302 570 2356 pro
591 2289 691 2344 amisso
713 2290 826 2344 rationis
844 2303 938 2344 sensu.
952 2293 1009 2356 Qua
1026 2291 1176 2344 ventione
1190 2289 1368 2343 nimiruum

166 2396 228 2460 post
239 2393 327 2445 virum
340 2391 387 2444 bei
399 2391 459 2456 ejus
471 2389 587 2442 miserae
599 2390 684 2442 currit
695 2389 815 2456 ramilia3
830 2390 965 2457 prohibito
982 2394 1014 2442 ut
1031 2389 1096 2443 uelit
1113 2390 1261 2444 succedere
1279 2376 1398 2454 bospitio!

166 2496 276 2558 propter
296 2488 511 2543 misericordiam
532 2488 579 2541 bei
602 2492 757 2555 precantur,
782 2489 954 2556 qualiterque
975 2489 1004 2540 iu
1024 2487 1200 2556 digressione
1228 2501 1276 2542 sua
1300 2494 1369 2540 eonu

166 2589 278 2644 domina
290 2588 402 2643 rationis
413 2589 468 2642 vim
481 2588 602 2641 amiserit
614 2587 746 2654 indicant,
755 2592 942 2655 quantamque
951 2588 1189 2654 perturbationem
1199 2587 1286 2642 omnis
1295 2580 1370 2638 tanis

167 2690 196 2744 in
209 2691 251 2744 sui
263 2690 387 2744 absentia
400 2687 542 2756 pertulerit
553 2688 705 2741 lacrimosis
723 2687 887 2756 singultibus
906 2689 1087 2756 ingeminant.
1100 2690 1134 2741 tlt
1153 2688 1198 2742 vir
1213 2684 1313 2742 bomini
1327 2685 1370 2736 lu

167 2803 239 2857 sens,
252 2791 334 2843 tantis
346 2802 458 2855 precum
472 2789 662 2841 iterationibus
679 2788 809 2855 monitus,
822 2788 991 2856 corporalem
1009 2788 1052 2841 sui
1070 2788 1256 2855 praesentiam
1267 2786 1299 2840 ad
1317 2792 1370 2852 pttt

166 2889 253 2942 dictae
276 2888 397 2941 mulieris
418 2887 564 2952 hospitium
583 2887 713 2940 exhibere
735 2888 831 2955 noluit,
854 2887 901 2940 sed
922 2886 957 2940 de
981 2887 1027 2940 bei
1054 2887 1246 2941 misericordia
1269 2870 1400 2938 condsntss

167 3001 254 3041 unum
268 3001 301 3040 ex
313 2987 370 3039 suis
380 2985 522 3051 discipulis
534 2985 633 3052 dirigit,
647 2986 764 3053 quirice
776 2987 835 3052 ejus
848 2987 927 3039 insui
941 2986 1097 3051 praesentia
1110 2985 1277 3052 praedictam
1288 2983 1373 3036 doura

168 3087 257 3140 visitet
273 3084 445 3150 mirabilique
458 3084 555 3136 ordine
567 3097 600 3136 ex
613 3083 709 3137 baculo
724 3085 795 3137 beati
808 3086 928 3152 magistri
941 3097 1051 3138 omnem
1070 3085 1286 3150 perturbationis
1296 3085 1374 3148 pestem

168 3186 302 3238 eliminet.
314 3184 363 3248 Qui
381 3184 445 3236 boni
465 3184 586 3249 magistri
605 3196 705 3250 parens
723 3184 849 3249 imperio,
862 3190 974 3251 accepto
992 3183 1117 3249 ejusdem
1135 3183 1184 3236 illo
1203 3177 1376 3250 insignitsln'r·

168 3285 233 3337 tutis
245 3284 353 3350 baculO,
366 3297 429 3336 cum
447 3284 602 3348 petentibus
620 3283 653 3335 ad
666 3283 830 3337 destinatum
842 3283 932 3336 locum
952 3288 1091 3350 properat,
1105 3288 1133 3336 et
1145 3284 1316 3349 omnipotens
1326 3281 1378 3332 bers

168 3388 300 3450 quantum
313 3382 403 3436 dilecti
417 3383 458 3434 sui
472 3383 563 3435 lursei
583 3383 636 3435 vita
654 3383 706 3435 sibi
725 3382 829 3449 placeat
846 3384 975 3436 omnibus
993 3382 1151 3436 manifestat
1165 3400 1172 3435 :
1187 3384 1250 3449 quia
1262 3382 1323 3433 dum
1334 3372 1409 3444 clusit

168 3482 272 3550 legatus
292 3481 404 3534 domum
425 3482 528 3534 introiit
540 3486 567 3533 ct
578 3482 705 3534 baculum
727 3481 874 3548 protendit,
887 3483 963 3535 salus
983 3481 1051 3534 inibi
1073 3482 1220 3548 repentina
1243 3479 1378 3547 ampliatum

168 3578 258 3631 locum
272 3581 400 3646 repperit.
415 3583 480 3632 nam
492 3579 615 3645 perditae
629 3580 738 3632 mulieri
751 3580 926 3634 incolumitas
939 3581 1038 3632 mentis
1051 3580 1148 3644 patuit,
1163 3581 1305 3646 omnisque
1321 3575 1380 3629 iani·

169 3678 205 3731 lia
217 3691 267 3744 pro
280 3684 417 3745 resumpta
432 3677 523 3745 quiete
536 3678 652 3730 assiduis
666 3679 792 3732 laudibus
805 3680 999 3746 omnipotentis
1011 3679 1058 3731 liei
1077 3678 1293 3732 misericordiam
1305 3675 1382 3730 extulit

168 3781 269 3830 etcum
281 3776 392 3830 domina
406 3777 439 3830 ad
451 3778 522 3830 beati
536 3778 628 3829 Pursei
648 3780 830 3843 praesentiam
844 3792 893 3845 pro
912 3778 1060 3832 reddendis
1078 3779 1227 3847 gratiarum
1248 3775 1381 3832 actionibus

168 3877 330 3942 quantocius
346 3876 447 3930 debere
463 3877 558 3929 venire
577 3875 720 3930 deliberat.
734 3880 816 3944 Cuius
829 3878 971 3931 monitioni
984 3877 1169 3931 libentissime
1181 3890 1275 3931 aurem
1295 3865 1412 3928 acron-³

168 3973 293 4040 morlans,
306 3987 356 4040 per
376 3988 405 4027 se
426 3975 639 4028 misericordiam
660 3976 711 4029 viri
734 3977 781 4028 lici
802 3975 925 4042 expetiit,
940 3980 966 4029 et
990 3975 1132 4042 provoluta
1153 3977 1214 4042 ejus
1231 3974 1381 4041 pedibus,se

167 4087 271 4141 suaque
283 4075 374 4128 omnia
389 4076 417 4127 in
430 4089 528 4127 manus
541 4088 607 4128 suae
621 4077 797 4141 protectionis
810 4077 993 4142 committens,
1007 4074 1119 4128 tandem
1133 4075 1294 4128 confirmata
1311 4069 1382 4126 sancti

166 4173 217 4225 viri
238 4173 486 4237 benedictionibus,
508 4174 542 4227 atl
569 4176 679 4242 propria
700 4189 748 4242 per
770 4175 871 4228 multos
891 4186 978 4227 annos
997 4175 1026 4225 in
1047 4187 1114 4239 pace
1135 4174 1240 4227 tu‘ctura
1261 4175 1383 4235 beumqac

167 4270 334 4324 benedicens
348 4272 443 4325 sedulo
456 4272 545 4325 rediit.

200 4370 249 4422 12.
264 4373 364 4423 llarum
376 4373 507 4424 virtutum
520 4374 645 4440 insignia,
656 4387 726 4441 quae
739 4374 785 4427 liei
798 4374 884 4426 nostri
894 4386 944 4439 per
956 4385 1036 4425 suum
1049 4370 1137 4424 voluit
1146 4372 1255 4438 operari
1270 4359 1412 4423 braidun!

167 4470 361 4536 misericordia,
373 4473 586 4540 circumquaque
597 4475 701 4542 magnis
711 4474 903 4527 attollebantur
912 4470 1025 4524 laudum
1036 4472 1205 4537 praeconiis,
1215 4476 1387 4539 quantumque

165 4580 199 4622 ea
218 4571 259 4622 vir
280 4570 386 4624 botuini
403 4571 540 4625 occultare
560 4572 668 4626 volebat
689 4573 849 4626 humilitatis
868 4571 963 4638 gratia,
983 4575 1089 4624 tantum
1112 4584 1146 4625 ea
1168 4573 1272 4626 rescire
1291 4568 1390 4624 arieto
