3136 5482
344 367 439 416 emo.
458 366 541 418 uer.
561 368 676 418 rums.
696 390 741 400 —-
758 368 910 420 nerano.
931 369 979 420 so
996 368 1074 418 oon.
1094 365 1170 419 rsus.
1302 352 1369 416 215

204 530 325 593 tauns
336 540 479 593 saltatione
500 543 627 607 aequoris
647 541 781 607 Rhodani,
796 547 876 595 nauta
897 541 930 593 asi
955 543 1044 595 nisum
1065 553 1185 607 aequora
1203 540 1321 593 tundens
1333 540 1368 591 dc

180 637 225 687 nri·
237 638 258 690 in
273 654 366 707 aquam
390 642 444 692 ruit
456 657 463 703 ;
477 653 560 707 quem
582 629 682 694 fundus
703 641 787 707 ipsius
808 642 844 695 ita
862 642 1012 701 obsorbuit,
1027 648 1056 694 ut
1069 641 1177 707 penitus
1188 641 1223 693 ab
1240 640 1368 693 omnihus

177 745 265 793 nonnus
284 741 429 794 diceretur.
443 741 575 793 Omnibus
597 742 646 794 hac
667 740 701 793 dc
724 756 753 794 rc
775 742 939 810 lugentibus,
954 743 1095 808 imperavit
1107 742 1148 794 vir
1161 741 1205 794 liei
1219 740 1366 799 silentium,

175 833 394 893 dunstliomine
414 841 487 892 lesu
511 839 639 905 Christe,
653 841 710 907 qui
725 841 857 908 pedidus
877 855 973 908 super
993 855 1081 894 mare
1100 839 1268 894 ambulasti
1288 842 1318 892 et
1330 851 1368 891 ne

145 928 329 1012 inureretur
351 939 516 992 dexteram
532 940 712 1006 porrexisti
732 942 870 1006 apostolo
889 941 992 1005 Petro,
1005 940 1124 993 exaudi
1142 952 1191 992 me
1210 928 1366 1005 famulum

170 1033 231 1088 tunm
240 1036 278 1090 ad
289 1038 318 1090 te
331 1039 519 1091 clamantem
532 1037 567 1089 in
579 1036 635 1090 hoe
647 1055 656 1091 .·
669 1041 799 1091 mutam
812 1037 967 1091 nominem
977 1038 1089 1091 reddat
1099 1037 1200 1090 uirtus
1207 1035 1367 1103 potentiae

169 1131 307 1200 turonem
319 1148 403 1201 aqua
418 1134 560 1190 enodari
580 1134 673 1202 istius
692 1135 857 1190 obsorbuit.
871 1140 926 1190 lloc
948 1151 1031 1203 super
1044 1137 1128 1202 ripam
1151 1136 1270 1188 fluminis
1282 1134 1364 1192 dicto,

167 1228 252 1285 adara
270 1234 397 1287 exanime
418 1247 502 1299 super
521 1247 592 1300 aqua
611 1238 707 1287 natans
728 1236 860 1301 apparuit.
883 1237 968 1299 Quem
990 1234 1082 1286 rastris
1104 1234 1230 1286 homines
1247 1232 1279 1285 ad
1301 1233 1365 1284 litus

166 1329 254 1396 aiunt,
267 1346 386 1400 eumque
408 1334 435 1384 in
457 1334 612 1398 praesentia
633 1334 682 1387 viri
704 1335 750 1387 liei
773 1333 995 1400 deportaverunt.
1008 1336 1093 1398 Quem
1114 1334 1155 1385 rii·
1176 1333 1222 1386 liei
1244 1333 1363 1396 intuens,

138 1422 341 1500 blangeriihus
352 1433 447 1498 orarit,
461 1431 556 1485 dicens
569 1448 576 1484 :
591 1433 799 1487 Dominetesu
810 1432 940 1499 Christe,
951 1433 1006 1499 qui
1014 1432 1056 1486 ad
1065 1432 1197 1486 salutem
1207 1430 1366 1484 hominum

163 1526 257 1584 dorma
269 1532 380 1586 Patris
390 1532 433 1585 od
444 1534 549 1587 terras
569 1532 758 1586 descendisti
776 1535 806 1586 et
818 1532 906 1586 nobis
919 1533 953 1585 in
965 1534 1021 1586 tuo
1033 1531 1261 1587 resurrectione
1280 1542 1365 1599 spera

163 1627 260 1684 masa
289 1631 540 1699 resurrectionis,
565 1632 657 1700 aperi
685 1645 779 1686 aures
802 1635 875 1686 tuae
898 1632 1040 1698 pietatis,
1065 1632 1157 1699 aperi
1184 1631 1364 1686 thesaurum

162 1723 338 1797 iasionitotis
350 1734 431 1796 tuae,
444 1734 479 1784 ut
492 1730 631 1785 ridentes
651 1731 834 1786 benedicant
852 1745 962 1785 nomen
975 1734 1062 1786 tuum
1082 1730 1115 1784 iu
1127 1732 1251 1786 saecula
1263 1742 1363 1785 saecu·

162 1825 245 1884 irum.
270 1834 393 1899 musque
415 1832 620 1900 respondissent
643 1847 739 1887 omncs
763 1835 869 1899 Amen,
895 1833 1106 1900 apprehendens
1129 1846 1240 1887 manuni
1265 1839 1363 1885 noune

138 1918 226 1982 tuni:
240 1932 297 1991 Qui
318 1932 416 1985 tertio
436 1932 487 1986 die
508 1933 683 1987 surremita
695 1934 837 1999 mortuis,
851 1934 917 2000 ipse
937 1936 967 1988 le
987 1933 1149 1986 resuscitet
1161 1933 1195 1984 in
1213 1933 1323 1986 anima
1334 1935 1364 1987 et

161 2036 271 2096 torpore.
285 2032 436 2098 Statimque
448 2032 495 2099 qui
509 2039 633 2085 mortuus
653 2032 805 2097 videbatur,
819 2039 932 2100 repente
953 2032 1072 2086 surrexit
1092 2047 1207 2100 seseque
1221 2034 1363 2099 prostrat-ii

161 2124 268 2195 dgenun
279 2131 330 2184 viri
343 2131 401 2196 liei,
414 2131 529 2185 dicens:
545 2133 607 2186 Per
627 2132 719 2186 illum
739 2145 829 2200 quem
850 2133 973 2199 inferni
985 2131 1117 2187 borotra
1135 2134 1321 2186 tremescunt
1332 2134 1362 2184 et

161 2229 272 2282 narmi
285 2232 324 2294 te,
339 2231 390 2282 oir
411 2231 475 2298 Dei,
488 2230 603 2296 adiuro
624 2236 658 2284 ut
678 2245 726 2285 me
746 2245 809 2285 non
820 2232 940 2285 diutius
957 2231 1088 2298 differas
1101 2231 1273 2298 baptisare,
1287 2231 1362 2297 quia

160 2327 286 2389 tuddam
306 2329 463 2396 ineffabile
482 2331 550 2383 uidi
569 2331 650 2397 quod
670 2332 808 2384 omnium
830 2332 1012 2384 mortalium
1034 2331 1149 2384 visibus
1164 2333 1264 2397 potet.
1284 2330 1360 2384 Ecce

138 2412 234 2481 'mnis
246 2440 315 2482 mea
327 2429 444 2496 domus,
457 2442 523 2483 ecce
535 2431 636 2483 ornnis
647 2429 786 2497 familia,
799 2442 893 2496 arram
912 2430 1094 2497 laetificasti
1114 2430 1278 2483 miraculis
1290 2442 1359 2482 san-

161 2521 253 2578 ctitutis
265 2528 347 2579 tuae.
361 2527 497 2595 Baptiza
510 2541 558 2581 rue
570 2541 633 2582 una
654 2541 723 2581 cum
744 2529 818 2595 iltis,
828 2541 889 2595 per
901 2530 991 2582 illurn
1004 2532 1033 2581 te
1045 2528 1158 2594 adjuro
1170 2541 1258 2595 artem
1267 2541 1358 2594 prae·

161 2616 230 2675 diac
241 2625 392 2679 Occurrunt
404 2639 500 2679 omncs
512 2639 527 2679 a
539 2628 652 2680 minimo
664 2641 751 2694 usquc
765 2626 797 2680 ad
813 2628 958 2679 inanimum
983 2640 1017 2679 ex
1037 2628 1153 2692 civitate,
1168 2634 1358 2694 mortuumque

161 2713 270 2776 himineus
283 2725 471 2777 resuscitatum
491 2726 648 2791 inspiciunt,
663 2725 857 2779 benedicentes
877 2732 904 2778 et
923 2726 1105 2795 gloriticantcs
1129 2739 1230 2779 nomen
1243 2727 1357 2780 Domini.

161 2814 256 2884 &rituti
275 2830 340 2877 suni
360 2831 451 2877 autem
471 2827 499 2878 in
520 2825 566 2878 illa
586 2825 631 2879 die
650 2826 724 2879 mille
746 2832 772 2878 et
793 2838 827 2879 eo
847 2827 964 2892 amplius
984 2827 1179 2892 ri1·i‚enccptis
1202 2827 1359 2892 parvulisei

138 2904 301 2975 ⁸milioribus.

181 3016 383 3077 lucaniacus
395 3023 506 3091 quidam
517 3026 580 3078 hinc
589 3026 743 3090 adducitur,
754 3027 867 3093 viroque
879 3027 925 3079 lici
938 3031 1136 3092 praesentatur.
1147 3028 1179 3078 nt
1188 3027 1233 3080 ilie
1244 3039 1358 3081 manuni

157 3121 257 3175 unmcu
268 3127 367 3176 tenens
388 3127 415 3177 et
434 3126 552 3193 erigens,
566 3125 633 3177 dixit
646 3143 652 3178 :
666 3127 705 3179 lu
722 3126 847 3180 nomine
857 3127 931 3179 lesu
946 3125 1070 3189 Christi,
1084 3129 1134 3179 sta
1154 3139 1250 3193 super
1256 3127 1355 3194 pedes

156 3212 406 3276 ltorAEtcontcstim
427 3223 573 3292 languidus
593 3229 620 3276 et
641 3225 754 3278 claudus
775 3227 848 3277 stetit
866 3239 949 3290 super
967 3224 1051 3290 pedes
1064 3237 1127 3276 suos
1140 3237 1232 3290 sanus,
1245 3224 1358 3278 henedi-

154 3322 204 3369 dns
212 3324 236 3372 et
247 3320 361 3374 laudans
374 3323 468 3375 licum.

138 3408 142 3453 Ι
173 3415 211 3469 tt
223 3419 288 3472 ilinc
306 3420 359 3473 iter
370 3427 497 3489 coeptum
510 3423 606 3476 beatus
618 3425 758 3476 confessor
772 3424 870 3476 Paulus
886 3424 1266 3492 Narbonensem'peragens
1278 3425 1355 3476 innu-
1419 3448 1427 3465 ⁶
1463 3445 1493 3498 g

146 3517 266 3572 neruuis
277 3520 357 3573 turha
369 3522 519 3575 vicinarum
532 3523 670 3576 civitatum
682 3536 745 3575 eum
758 3523 869 3588 adeunt,
883 3522 1006 3576 dicentes
1020 3540 1026 3574 :
1038 3524 1084 3576 Ad
1096 3536 1162 3591 uos,
1175 3523 1225 3576 uir
1236 3524 1300 3589 Dei,
1314 3525 1357 3576 act

141 3618 265 3672 moeni
271 3635 282 3685 ,·
294 3620 517 3689 visitoplebem
528 3623 661 3689 Domini,
676 3622 770 3676 cisitu
786 3624 853 3677 loco
865 3637 885 3676 a
898 3623 1218 3690 dioboloconstituta,·
1229 3623 1324 3689 aufer
1335 3637 1356 3676 a

138 3713 431 3788 mutuaturum
451 3722 717 3789 adversariorum,
731 3721 825 3790 aufer
845 3723 1019 3776 versutiam
1040 3723 1235 3789 daemonum,
1255 3724 1355 3790 quati-

138 3826 188 3869 nus
197 3817 298 3872 omnis
305 3822 455 3873 creatura
464 3821 561 3874 Deum
569 3834 663 3874 suurn
675 3823 846 3876 creatorem
855 3824 1004 3888 aauoscat
1015 3834 1123 3874 cerum
1135 3825 1164 3875 et
1168 3821 1356 3899 ¹uuiversum

138 3913 244 3969 lilium
263 3916 327 3970 Dei.
341 3919 417 3971 Tune
437 3921 577 3973 consessor
597 3921 704 3973 Domini
727 3922 822 3974 beatus
844 3921 942 3974 Paulus
954 3934 1050 3973 omnes
1068 3923 1225 3990 adloquitur
1237 3923 1353 3976 dicens:
1441 3949 1447 3964 ·

138 4013 297 4080 terdonae,
309 4015 431 4085 fratres
450 4019 520 4085 mei,
539 4019 705 4075 Narbonae
723 4035 794 4074 sum
815 4022 918 4088 datus,
931 4024 961 4074 et
981 4023 1024 4074 ad
1042 4021 1097 4077 lroc
1118 4024 1233 4077 missus
1257 4027 1292 4078 ut
1314 4023 1357 4076 iii

138 4113 245 4170 meres
255 4115 318 4168 mei
328 4117 468 4185 corporis
477 4119 663 4186 condantur,
672 4118 726 4172 ubi
737 4132 807 4173 ossa
819 4119 967 4185 funebria
979 4120 1061 4174 diem
1075 4122 1258 4175 mortalium
1267 4136 1354 4190 repa-

138 4213 260 4270 aranu
281 4218 452 4282 comeant.
472 4217 572 4285 Certe,
590 4217 709 4284 fratres
727 4220 796 4286 mei,
814 4218 979 4273 Narbonae
1000 4220 1122 4274 ciuitati
1142 4235 1191 4274 me
1210 4222 1355 4275 domiuus

138 4318 352 4371 menuctus
364 4316 488 4371 Paulus
499 4320 669 4386 apostotus,
681 4333 738 4373 aas
755 4318 913 4373 electionis
931 4320 1064 4388 Domini,
1078 4320 1172 4388 dedit,
1185 4324 1222 4374 ut
1228 4334 1289 4389 per
1305 4336 1353 4376 me

138 4415 238 4471 ioitas
255 4414 481 4480 Narbarensis,
507 4418 581 4485 filia
600 4419 723 4485 Romae,
743 4418 777 4470 in
796 4419 916 4474 sanctis
936 4419 1058 4474 actious
1078 4419 1120 4472 sit
1140 4421 1213 4488 filia
1235 4422 1298 4488 Dei,
1325 4425 1354 4475 et

138 4529 222 4572 mres
232 4514 320 4584 filim
341 4515 410 4581 eius
425 4518 518 4583 patri
535 4518 665 4573 Domino
682 4519 822 4572 reddam.
844 4520 898 4574 Vos
910 4522 1024 4586 autem,
1038 4519 1167 4586 fratres,
1180 4521 1298 4575 credite
1317 4523 1352 4573 iu

138 4631 213 4674 num
227 4615 410 4682 Dominum,
419 4617 546 4683 patrem
558 4617 698 4672 annium
708 4621 940 4686 ereaturarum,
953 4620 1009 4687 qui
1020 4619 1054 4672 iu
1059 4618 1221 4687 principio
1233 4623 1353 4675 terram
