3136 5482
175 315 241 381 310
520 330 645 381 caran.
664 329 767 381 oonn.
785 328 960 380 meroen.
978 330 1060 381 nar.

172 502 257 553 simus
278 500 372 567 draco,
390 501 468 566 cujus
490 498 618 565 pestifero
639 499 703 553 llatu
728 500 839 553 arbusta
859 512 987 567 quaeque
1007 504 1103 555 tenera
1116 502 1160 555 vel
1176 502 1292 569 robuna,
1311 517 1423 573 necne

173 602 285 654 frutecta
297 603 510 667 circumquaque
523 601 629 666 oborta,
644 613 775 653 succensa
784 600 912 668 siccaque
922 601 966 654 vel
978 600 1018 654 utl
1030 607 1120 655 torres
1137 602 1246 671 ignibus
1258 605 1307 657 usti
1318 605 1411 668 hate

173 702 291 766 bantur3
311 701 430 755 tonitrua
451 713 516 753 uero
537 700 644 763 crebra,
664 699 797 753 terribilia
814 713 848 753 ac
865 700 994 754 micantia
1011 701 1119 769 fulgura
1132 702 1289 770 frequenter
1299 704 1399 767 ibidem

171 799 392 853 dominabantur.

205 900 237 951 4.
259 901 382 966 Cumque
402 900 498 966 ingens
519 899 601 951 draco
620 904 744 952 sanctum
766 899 874 952 eminus
895 900 1102 966 conspicaretur
1120 902 1272 969 Donatum,
1290 902 1402 963 elevanti

173 1002 255 1065 caput
276 1000 332 1051 lere
352 999 451 1051 cubitis
472 998 647 1064 quindecim,
669 998 821 1052 horrisonis
842 999 959 1052 nimium
980 999 1068 1052 sibilis
1095 1001 1236 1069 tormsqne
1255 1000 1376 1057 luminibus

172 1100 262 1152 aciem
275 1098 355 1151 belua
368 1110 513 1150 reversans
527 1097 691 1150 vociferatur
703 1102 730 1150 et
738 1097 841 1164 aliquid
854 1102 949 1151 sancto
961 1099 1202 1155 incussittimoris.
1211 1100 1263 1155 sm
1272 1100 1370 1154 litleicas

173 1197 233 1251 sidc
244 1197 338 1264 procul
352 1196 431 1263 pulso
443 1209 553 1263 pauore,
566 1196 786 1263 praependulum
800 1196 859 1265 figit
871 1197 899 1249 in
917 1200 1022 1264 cespite
1042 1212 1183 1267 gressum.
1195 1201 1292 1267 Quibus
1301 1201 1367 1266 strepi·

173 1297 245 1350 tibus
257 1300 347 1350 cetera
359 1296 530 1363 serpentium
542 1309 642 1364 genera
659 1296 755 1349 territa
774 1296 924 1350 haeserunt
945 1298 1029 1351 humo
1049 1297 1170 1353 adelina.
1190 1303 1271 1364 Quem
1281 1302 1367 1354 bonahs

174 1394 333 1463 inspiciens,
345 1408 418 1463 genu
431 1394 506 1448 llexit
516 1399 544 1447 et
555 1396 641 1448 oravit
653 1394 748 1448 dicens
762 1411 768 1446 :
782 1396 911 1449 Domine
921 1396 1004 1450 Deus
1017 1397 1219 1469 omnipotens,
1233 1399 1283 1468 gui
1290 1396 1364 1454 onan
1375 1394 1394 1447 lt

171 1493 260 1548 verbo
269 1493 385 1548 creasti
395 1481 534 1547 visibilia
545 1496 575 1547 et
600 1493 785 1563 inva‘sibilin,
804 1494 910 1548 adalo
930 1494 1010 1548 mihi
1026 1496 1190 1565 propitius
1201 1494 1364 1552 cmdrahnu
1430 1520 1434 1542 =

171 1595 352 1661 repentem,
373 1594 403 1645 et
422 1591 533 1645 resiste
552 1593 590 1660 ei,
603 1595 639 1645 nt
651 1605 713 1647 nou
720 1578 908 1661 praeiudicat
920 1595 1087 1649 adversum
1104 1609 1163 1650 me.
1177 1598 1209 1651 lit
1219 1597 1300 1651 stadm
1308 1594 1364 1649 inu
1431 1646 1434 1655 .

171 1706 266 1746 versus
287 1693 316 1745 in
337 1693 438 1761 lugam,
460 1704 590 1758 squamea
610 1698 684 1760 terga
705 1693 796 1746 lercns
816 1693 921 1760 aufugit
943 1700 1075 1761 praepete
1096 1708 1191 1764 cursu,
1215 1708 1247 1751 ac
1263 1697 1289 1749 in
1310 1691 1364 1748 noui
1429 1719 1434 1753 :

177 1794 285 1846 alveum
298 1792 418 1846 lluminis
430 1793 575 1845 Druentiae
589 1806 694 1847 mersus
706 1805 768 1845 cum
782 1792 910 1847 omnihus
919 1794 1080 1860 repentibus
1097 1795 1186 1863 ipsius
1199 1796 1258 1863 loci,
1268 1799 1363 1864 posteuu
1429 1816 1434 1833 ·=

176 1892 321 1959 repentino
342 1905 424 1946 cursu
445 1892 643 1958 praecipitatis,
666 1906 802 1959 nusquam
822 1893 896 1946 visus
916 1893 1032 1947 ulterius
1053 1896 1190 1962 apparuit.
1211 1894 1281 1961 Quod
1298 1886 1392 1947 utut

176 1996 285 2046 sanctus
302 1994 432 2055 Donatus,
452 1996 480 2044 et
499 1991 546 2044 liei
567 1993 718 2058 potentiam
740 1992 769 2045 in
790 2004 840 2045 suo
859 2005 942 2059 opere
954 1992 1079 2059 miratus,
1091 1992 1365 2055 accessitadbcuntt
1427 2024 1434 2053 r

175 2093 246 2145 sicco
259 2090 349 2158 lapide
362 2091 413 2143 sibi
424 2092 562 2159 tugurium
573 2096 746 2159 construens,
765 2093 794 2145 in
810 2097 895 2146 stratu
912 2091 1042 2146 draconis
1060 2093 1187 2149 lecticam
1203 2093 1302 2157 locarit,
1312 2096 1364 2159 abit
1429 2104 1433 2150 t

176 2190 347 2257 postmodum
361 2191 390 2242 in
403 2190 488 2256 ipsius
509 2191 651 2244 monticuli
668 2192 871 2246 verticesancti
889 2192 994 2245 itartini
1017 2192 1169 2247 nramrium
1186 2186 1363 2257 construxltuti
1426 2212 1432 2223 ·

175 2292 234 2357 ejus
246 2291 395 2358 patrocinia
408 2290 489 2357 digne
501 2290 652 2367 collocavit.
667 2291 707 2344 lbi
720 2292 769 2345 soli
787 2296 842 2345 lieo
861 2298 941 2346 notus
958 2293 1083 2359 pluribus
1094 2294 1177 2348 annis
1188 2290 1364 2349 maiorum
1430 2315 1434 2321 ·

175 2389 389 2444 exercuitvitam
403 2391 567 2443 :uocabatur
589 2394 680 2444 autern
701 2390 777 2444 locus
794 2391 840 2445 ille
857 2392 953 2460 hgion.
973 2390 1103 2447 seticum
1116 2378 1391 2461 contumacius-¹
1425 2410 1434 2443 i

175 2496 232 2543 turn
244 2489 388 2556 propalare
400 2487 488 2542 voluit
499 2488 643 2556 ramulum,
656 2503 706 2555 per
717 2490 828 2558 aliquod
841 2491 988 2557 publicavit
996 2492 1141 2546 indicium.

33 2595 120 2649 ὀοα.
209 2589 240 2642 5.
261 2592 324 2643 Post
341 2589 446 2656 aliquot
465 2601 563 2655 annos,
584 2588 668 2657 [cum]
689 2595 779 2643 terrac
801 2589 874 2644 illius
895 2590 1011 2657 incolae,
1024 2605 1108 2647 causa
1119 2592 1283 2649 uescendi·
1298 2586 1363 2647 miili

1 2661 165 2715 ¹0s⁰²¹¹⁰³⁰·
175 2688 266 2755 operis
284 2701 364 2741 curas
385 2693 563 2757 pervagantes
582 2688 683 2742 deserti
704 2693 809 2743 secreta
828 2696 1024 2758 penetrarent,
1046 2691 1164 2747 fortuitu
1185 2684 1364 2749 acmanto&
1427 2710 1434 2747 :

175 2788 275 2852 locum,
288 2788 413 2842 viderunt
427 2787 552 2842 cellulam
565 2788 677 2854 opipare
688 2793 882 2843 constructam.
896 2792 927 2843 iit
944 2796 1099 2845 metuentes
1117 2794 1281 2860 serpentium
1296 2792 1363 2845 hm·
1430 2810 1434 2843 r

174 2888 240 2940 inibi
254 2887 444 2952 habitantium,
463 2900 546 2953 qnam
566 2887 631 2942 olirn
651 2893 851 2954 compererant,
874 2902 931 2943 non
954 2890 1013 2944 ausi
1034 2897 1099 2944 sunt
1120 2893 1233 2959 propius
1247 2877 1389 2947 elecelluti3
1431 2908 1434 2913 ·

40 2994 47 3010 ·
92 2992 123 3046 ἵ,
176 2987 859 3055 sederninusprospicientes,conspicanturquasi
879 2990 1050 3044 verisimile·
1069 2990 1192 3046 hominis
1208 2992 1363 3060 effigiemtti
1430 3034 1434 3041 .

175 3093 295 3153 pentque
315 3086 445 3138 mirantes
466 3087 487 3138 si
510 3088 560 3139 hoc
582 3086 639 3139 lieri
662 3093 753 3153 posset
774 3087 848 3154 qnod
870 3090 1137 3156 contemplabantur.
1161 3092 1277 3146 Tandem
1295 3086 1362 3145 estid
1427 3104 1434 3129 ἢ

174 3186 278 3252 experti
291 3186 453 3252 cognitionis
465 3187 610 3252 humanae,
624 3192 775 3254 agnoscunt
786 3187 926 3240 hominem
940 3190 1014 3241 intus
1027 3195 1166 3243 orantem.
1182 3194 1262 3245 Verso
1272 3186 1363 3258 iperet

174 3298 203 3337 se
215 3284 413 3351 vultu,vocavit
424 3284 458 3337 ad
471 3299 500 3338 se
513 3299 583 3353 quos
594 3286 669 3349 vidit,
683 3287 854 3355 interrogans
867 3300 948 3354 quern
960 3287 1043 3341 deum
1055 3293 1083 3342 et
1095 3303 1179 3356 quam
1191 3296 1285 3345 sectam
1298 3282 1361 3343 cttlb
1429 3302 1434 3337 ¹.

31 3397 117 3451 wod,
173 3390 235 3438 rent
255 3390 282 3436 ct
302 3385 401 3451 quibus
421 3384 561 3452 religionis
580 3386 721 3438 cultibus·
738 3391 874 3439 vacarent.
893 3388 942 3451 Qui
962 3387 1143 3453 plurimorum
1162 3404 1192 3444 se
1210 3372 1390 3445 nominor!
1430 3390 1434 3399 ’

0 3463 154 3530 culptibus.
174 3485 239 3537 dere
258 3485 377 3537 latentur
397 3483 522 3537 deorum.
545 3484 647 3548 Quibus
672 3487 796 3538 omnium
818 3499 905 3552 paene
930 3487 1128 3553 scripturarum
1149 3495 1178 3543 et
1199 3488 1361 3557 evangelum!
1431 3528 1434 3535 .

173 3583 332 3651 praedicans
342 3582 524 3648 disciplinam,
539 3584 660 3637 ostendit
671 3598 741 3650 quac
754 3586 830 3651 sequi
849 3584 968 3639 debeant
985 3591 1131 3654 praecepta
1143 3593 1172 3642 et
1183 3601 1253 3658 quae
1263 3582 1363 3642 arenti

172 3694 301 3747 respuere
313 3681 392 3745 mala,
406 3682 440 3733 ab
453 3680 588 3735 idolorum
605 3684 732 3736 recedere
741 3684 848 3737 cultura
861 3690 887 3737 et
898 3686 953 3738 lieo
961 3684 1112 3739 adhaerere
1129 3688 1176 3740 cui
1192 3677 1364 3742 oboeditoutii

169 3787 303 3834 creatura.
326 3782 374 3845 Qui
396 3783 550 3847 compuncti
572 3783 758 3847 crediderunt,
784 3789 811 3836 et
831 3783 963 3838 abeuntes
984 3780 1366 3853 suisdtltamaveruntoquil

171 3887 260 3934 autern
274 3882 301 3933 in
315 3886 408 3933 sancto
420 3881 592 3934 curationum
605 3884 699 3950 gratia,
713 3896 808 3948 aegros
820 3896 917 3937 omnes
926 3895 996 3951 quos
1005 3884 1145 3939 habebant
1154 3866 1396 3955 strennuum*

172 3984 281 4033 vexatos
292 3978 448 4041 offerentes,
462 3981 642 4046 precabantur
655 3981 730 4034 reddi
744 3982 852 4035 sanitati
868 3983 959 4050 :quod
972 3995 1030 4037 non
1043 3980 1175 4039 dirimens
1186 3986 1301 4041 libenter
1320 3990 1373 4053 pne·

174 4080 270 4133 stabat.
283 4080 331 4132 Cui
343 4092 358 4131 a
371 4082 425 4132 lieo
435 4083 509 4131 tanta
522 4085 580 4132 crat
591 4081 719 4145 praestita
736 4081 822 4148 gratia
844 4089 874 4134 ut
894 4095 964 4149 quos
981 4081 1034 4135 olei
1047 4085 1150 4137 sacrati
1163 4087 1293 4141 unctione
1303 4094 1377 4153 perth

172 4182 281 4249 guebat,
294 4180 428 4245 extemplo
440 4180 518 4233 saluti
532 4180 682 4233 reddebat:
697 4181 771 4235 unde
785 4195 841 4236 non
853 4181 984 4235 minimus
1002 4195 1064 4236 esse
1081 4186 1175 4253 coepit
1191 4186 1226 4242 ad
1238 4200 1301 4241 eum
1311 4184 1381 4240 urhe
1431 4192 1434 4221 ¹

175 4292 386 4332 romercursus.
1432 4282 1434 4291 '

205 4379 236 4431 6.
250 4377 391 4444 siquidem
402 4378 438 4430 ibi
451 4378 542 4430 nullus
559 4380 673 4446 alicujus
686 4379 787 4434 laboris
799 4394 865 4434 usus
877 4382 1010 4435 hactenus
1031 4382 1123 4439 luerat
1144 4386 1268 4443 habitus.
1286 4382 1423 4457 mulque!

173 4482 296 4543 precatus
308 4483 348 4530 est
360 4477 516 4544 qnempiam
529 4478 693 4531 rusticorum
706 4484 736 4532 ut
747 4481 798 4532 sibi
810 4480 872 4533 ritis
884 4480 1045 4535 exhiberent
1056 4483 1092 4537 ad
1111 4485 1299 4550 plantandum
1309 4488 1389 4559 palmi·

173 4580 222 4628 tes.
235 4574 367 4645 dilatique
387 4582 451 4629 sunt
471 4578 613 4632 vinearum
634 4579 762 4648 malleoli,
781 4593 850 4649 quos
867 4593 981 4635 sumens
991 4582 1137 4653 plantavit,
1150 4589 1293 4659 aquisque
1305 4589 1397 4663 nmrit
