3136 5482
355 348 447 398 amn.
467 346 549 398 Nau.
569 347 685 398 Palus.
703 367 749 378 ··-
767 346 918 397 APPEND.
940 346 985 395 AD
1003 343 1080 394 COD.
1099 337 1174 389 2717.

338 519 371 571 ut
383 516 432 583 sic,
446 518 485 570 sic
497 516 558 571 lieri
570 517 648 570 stilus
661 517 771 570 incohat
784 529 848 570 ecce
861 515 949 569 fateri.

339 619 461 685 Namque
473 618 636 671 lacertorum
649 629 710 670 curn
723 617 778 669 uim
790 619 975 682 compesceret
988 617 1086 670 horum

341 716 391 782 Qui
403 719 533 784 torquent
545 717 635 783 ipsum
647 715 783 781 vapulatio
795 716 891 769 crebra
904 714 1036 781 puellum,

343 818 381 868 Ac
391 815 501 882 penitus
513 827 645 867 manuum
657 815 698 866 ris
710 814 897 867 destrueretur
910 827 1015 877 eorum,

341 915 386 968 Sic
400 913 491 968 inians
503 915 626 967 animum
637 917 747 981 gestans
759 918 817 966 erat
828 913 952 981 undique
964 912 1084 979 firmum,

341 1015 472 1079 Quatinus
483 1015 542 1082 ipse
554 1026 650 1067 recens
663 1014 735 1067 etad
748 1013 815 1067 baec
827 1013 968 1068 toleranda
981 1017 1095 1066 novatus

342 1119 550 1180 restauraretur,
564 1114 643 1167 nihili
655 1114 713 1167 iera
726 1115 841 1168 verbera
854 1114 985 1181 pendens.

341 1216 437 1283 Magna
449 1215 495 1266 bei
508 1213 602 1281 pietas,
615 1226 758 1281 perquem
772 1213 873 1281 fragilis
885 1213 957 1280 riget
968 1216 1051 1266 aetas.

344 1315 421 1367 llunc
432 1327 448 1366 a
460 1327 515 1381 quo
525 1317 617 1366 tantae
626 1312 737 1380 culinen
749 1312 857 1365 virtutis
870 1312 971 1365 babere

343 1412 457 1467 credam
469 1426 520 1480 pro
529 1417 614 1480 certo,
628 1413 680 1465 nisi
693 1412 792 1465 clrristi
806 1412 927 1465 Flumine
940 1424 1026 1476 sacro,

340 1512 417 1576 Quod
430 1512 538 1579 spirans
548 1512 595 1564 ubi
609 1511 666 1565 vult
675 1512 739 1565 iacit
748 1511 859 1565 aethera
872 1511 1003 1565 scandere
1014 1523 1084 1578 quos
1097 1510 1176 1563 vult?

247 1614 326 1665 ΧΠ.
365 1614 477 1665 Praeses
489 1610 525 1663 ad
537 1611 606 1664 haec
617 1609 711 1663 itidem
724 1610 892 1676 praesentari
906 1610 958 1662 sibi
972 1612 1085 1662 matrem

337 1712 422 1765 lussit
433 1725 495 1764 cum
509 1715 573 1764 nato
585 1715 679 1764 sancto
692 1710 844 1776 spiramine
857 1711 950 1776 pleno,

337 1815 461 1880 cumque
473 1810 655 1865 nefandorum
668 1809 805 1864 minusad
819 1809 932 1863 delubra
945 1809 1059 1864 deorum

341 1914 361 1964 Α
374 1911 438 1964 ddei
450 1924 529 1965 verae
541 1909 632 1978 quiret
644 1912 718 1964 cultu
730 1922 867 1973 revocare,

343 2012 417 2066 lecit
428 2010 542 2065 diuersis
554 2013 628 2077 ipsos
639 2011 820 2064 succumbere
832 2012 937 2077 poenis,

341 2109 465 2165 trudens
477 2110 617 2164 horrendo
629 2109 767 2163 tenebrosi
781 2109 897 2161 carceris
909 2114 997 2162 antro.

342 2209 392 2271 Qui
405 2213 480 2262 tanto
492 2207 580 2262 sancti
594 2209 676 2263 simul
688 2221 720 2262 ac
732 2209 845 2262 horrore
862 2208 969 2265 retenti,

341 2309 464 2364 carceris
477 2310 532 2362 ima
545 2314 639 2362 tenent
649 2321 719 2376 quos
732 2308 847 2361 crimina
859 2307 935 2361 nulla
948 2307 1113 2373 remordent,

336 2408 482 2475 Suppliciis
494 2409 615 2476 gaudent
627 2412 657 2462 ut
667 2409 765 2461 Christi
778 2421 893 2462 munera
907 2408 1028 2462 laudent.

337 2510 485 2562 llortantur
497 2521 558 2562 sese
570 2509 705 2562 christum
719 2521 867 2575 numquam
882 2509 1013 2576 negitare.

341 2613 401 2664 llox
410 2609 541 2664 salvatori
554 2610 657 2663 dantur
668 2610 707 2664 sic
720 2610 837 2677 psallere
851 2610 930 2663 laeti:

339 2707 513 2770 Nobiscum,
529 2708 666 2775 Domine,
680 2708 806 2775 cinnum
818 2711 870 2762 cni
880 2708 982 2764 nobile
989 2708 1118 2776 praebe,

345 2809 380 2861 Ui
391 2808 518 2863 uideant
530 2822 635 2862 omnes
647 2822 755 2863 exosos
761 2821 895 2878 prorena
908 2808 1053 2864 nocenter

338 2908 409 2972 Nos,
422 2910 451 2960 ei
462 2906 589 2975 confusi
599 2909 730 2961 redeant
735 2907 923 2975 pariterque
932 2909 1062 2974 redacti,

341 3015 503 3069 wnnntee
514 3019 618 3071 rector
629 3017 731 3071 nostri
742 3017 823 3083 qnod
834 3017 864 3069 et
875 3016 1056 3070 auxiliator

340 3114 458 3183 limites,
472 3115 653 3170 credentum
664 3117 830 3170 concolores
841 3116 937 3170 corda
953 3118 1087 3170 inorrcm.

342 3217 469 3287 Christe,
484 3221 573 3272 inum
582 3231 694 3274 nomen
705 3219 742 3287 fit
754 3218 841 3273 nobie
854 3218 992 3273 carceris
1004 3232 1101 3273 emere.

338 3316 424 3371 aeris
435 3329 521 3372 nnnc
535 3317 635 3382 muni,
649 3331 743 3385 qnam
755 3319 897 3386 clemens,
906 3316 1075 3384 poscimus,
1090 3317 1177 3371 aridi.
1223 3376 1227 3389 ,

340 3418 411 3470 llaec
423 3417 452 3469 in
464 3416 545 3471 laude
557 3430 637 3483 pares
649 3419 809 3483 perstabant
821 3417 1030 3484 ingeminantes,

339 3517 486 3570 Poscentes
497 3517 653 3580 bominum,
667 3518 714 3584 qui
727 3521 779 3570 stat
790 3517 902 3571 salvatio
916 3530 1007 3570 rerum

342 3612 549 3683 suffugiumque
568 3615 626 3668 suis
639 3621 732 3670 manet
744 3620 770 3668 et
782 3617 915 3682 protectio
927 3616 1024 3683 servis,

339 3714 483 3768 baemonls
494 3726 511 3767 a
523 3714 628 3782 laqueis
641 3721 671 3767 ut
683 3727 731 3768 eos
744 3714 860 3768 salvaret
872 3716 982 3778 atrocis,

339 3814 402 3880 liius
413 3813 561 3869 Alexandri
574 3814 729 3868 dissolvens
742 3816 811 3869 lacta
827 3815 953 3868 ministri.

243 3915 339 3968 xm.
375 3915 432 3966 lloc
443 3917 535 3968 aulem
548 3913 666 3981 spatium
679 3929 734 3982 quo
747 3919 813 3969 tune
826 3916 975 3981 potiuntur,
989 3916 1024 3968 ob
1037 3916 1124 3982 ipsum

339 4016 455 4067 Tantum
468 4015 633 4082 multiplices
645 4021 676 4069 ut
688 4016 727 4069 eis
741 4016 863 4082 variique
876 4015 984 4069 labores

341 4112 505 4167 carnificum
519 4114 647 4167 manibus
655 4114 770 4168 conficta
784 4115 879 4168 fraude
891 4121 1032 4180 parentur,

339 4211 452 4264 caelesti
465 4212 555 4265 lructu
568 4213 628 4266 sine
641 4212 754 4266 confore
765 4226 821 4266 non
834 4213 985 4279 patiuntur,

338 4309 511 4377 spondentes
525 4311 586 4364 aliis
598 4312 716 4379 palmam
729 4324 823 4365 secum
836 4312 965 4380 religatis,

337 4413 469 4463 Parerenl
480 4410 586 4466 Gbrlsto
599 4412 622 4464 si
634 4411 769 4464 daemone
777 4408 837 4479 jam
849 4409 982 4478 negitato,

336 4512 368 4563 ln
381 4509 487 4563 ebristo
499 4509 641 4578 proprium
653 4524 715 4564 cum
728 4524 776 4577 spe
788 4511 917 4577 ponendo
928 4513 1060 4580 vigorem.

335 4612 370 4664 Et
382 4611 424 4662 sic
437 4609 555 4676 ipsorum
570 4611 632 4666 tidei
644 4613 743 4682 pignus
757 4613 974 4680 memorandum,
