3136 5482
190 337 256 404 204
534 359 660 410 curan.
681 361 783 410 ceno.
803 360 977 411 asemon.
997 359 1076 410 aar.

186 526 268 594 longa
280 527 450 596 aegritudine
462 528 585 593 allectus,
598 544 661 583 earo
673 530 707 584 ab
720 528 829 584 ossibus
839 530 981 583 dissociata
995 529 1136 596 pendebat
1146 534 1175 583 et
1185 542 1202 583 a
1214 529 1315 584 naturali
1324 542 1375 583 eea·

96 621 101 633 '
120 664 126 677 -
187 642 253 696 page
266 629 430 684 secederet.
444 631 1375 701 lldt'eniensautemunusecostodibusvidensquequaedebautqau·
1415 594 1419 727 ἰ

186 727 231 781 dio
251 728 396 783 immodico
416 730 545 796 repletus,
559 732 631 784 inter
650 731 760 785 brachia
773 744 822 783 sua
843 730 1013 796 complexum
1028 730 1136 796 populis
1158 731 1187 783 in
1205 728 1373 783 admirationem
1416 734 1419 813 ξ

95 895 96 898 ¹
187 826 283 880 extulit
293 828 369 882 loris.
384 831 437 898 Eu,
451 831 550 898 inquit,
563 844 653 898 quem
665 831 786 885 dudrcru
802 830 974 886 cerucbotr's
991 828 1138 884 membres
1149 824 1376 885 omutbmiaeoii·
1416 834 1419 855 ⁴

185 926 269 994 decue,
282 930 402 994 quauta
422 928 566 996 opilitote
579 942 641 996 per·
660 930 805 983 sonetum
825 928 1006 983 Martialem
1016 926 1159 996 recipitis
1176 920 1397 981 sonetumdcci

184 1024 334 1093 quicquid
344 1041 478 1094 usqiman
491 1028 668 1083 morborum
680 1031 725 1082 est
741 1028 847 1082 veniat
860 1046 869 1082 .·
880 1028 991 1082 sentiet
1008 1026 1164 1081 medicum
1179 1025 1278 1092 protis
1291 1024 1377 1079 douc

184 1126 266 1192 quod
272 1127 407 1193 petitum
418 1126 527 1197 fuerit,
540 1141 595 1183 uec
605 1129 704 1183 deerit
715 1129 863 1196 cuiquem
875 1128 1020 1195 sospites,
1028 1126 1095 1181 uisi
1104 1125 1159 1181 cui
1168 1125 1204 1179 iu
1214 1124 1300 1181 corde
1307 1120 1377 1191 unit

179 1227 330 1290 proterea
348 1226 531 1294 infidelitas.
552 1229 633 1282 Vade
645 1229 717 1294 jam
730 1231 803 1282 tuoe
820 1226 994 1282 ootrcutatis
1011 1238 1142 1294 compos,
1155 1223 1323 1292 croucto‘cqiu
1330 1223 1377 1275 tm·

184 1326 251 1378 tum
264 1325 320 1379 tibi
330 1327 483 1382 divertitur
495 1327 677 1398 beneficium
697 1342 875 1384 concessum
892 1339 1031 1381 uerrere
1042 1327 1194 1380 mummio
1206 1342 1215 1379 :
1226 1336 1289 1379 cccc
1297 1321 1378 1392 quippi

183 1427 392 1495 reuspotcrta
403 1431 509 1496 protes
520 1429 551 1481 si
561 1429 691 1482 reddere
709 1441 816 1483 cesses.
835 1428 890 1483 Vos
909 1426 1014 1495 etiam,
1023 1425 1147 1494 popuii,
1161 1424 1267 1493 videte,
1278 1422 1375 1479 metit
1385 1414 1413 1469 θ’

184 1526 312 1593 stoutes,
325 1529 476 1593 quautam
483 1527 649 1594 praesto-ri
660 1526 744 1582 cobis
755 1527 939 1580 animorum
951 1527 1086 1579 salutem
1093 1537 1187 1593 posse
1198 1516 1378 1591 moeotide

185 1622 235 1690 tis,
247 1623 278 1675 ei
297 1623 477 1691 corporibus
495 1626 680 1694 quandoque
698 1625 863 1680 morituris
887 1624 933 1678 ita
955 1622 1161 1678 subvenietur
1178 1620 1294 1676 meritis
1310 1614 1377 1682 ittet

184 1721 305 1775 domiui
316 1724 425 1792 nostri,
442 1726 498 1792 qui
517 1738 728 1793 quoecumque
746 1725 815 1778 vuit
834 1738 855 1777 o
875 1725 936 1778 Deo
957 1720 1116 1777 obtinendi
1127 1712 1377 1789 uaoecpusibitite·

185 1822 254 1874 tem.
268 1823 354 1888 dquo
374 1824 454 1877 nobis
474 1825 509 1879 dc
528 1839 560 1879 eo
582 1824 758 1892 loquentibus
779 1825 893 1892 ejusque
915 1825 984 1876 iacta
1004 1821 1182 1876 narrantibus
1201 1810 1377 1873 reniaomniuu

184 1918 346 1975 delictorum
366 1925 525 1993 acquiritur,
539 1925 671 1993 quatinus
691 1925 884 1993 participemur
895 1925 954 1990 ejus
970 1922 1073 1991 gloriae
1090 1922 1137 1989 qui
1150 1896 1406 1988 pardeipammtmfl

185 2026 275 2074 torum
289 2022 483 2076 miraculorum
497 2025 625 2079 laetitiae.

217 2120 239 2172 ’7
257 2122 361 2186 (ibid).
375 2123 487 2178 silentio
500 2125 568 2178 illud
589 2138 644 2178 non
666 2106 707 2180 est
724 2125 953 2193 supprimendum
970 2125 1044 2193 quod
1056 2124 1111 2179 alio
1123 2136 1220 2177 rursus
1230 2122 1377 2188 emposta

7 2228 177 2286 remerare,
188 2221 388 2276 sanctissimum
401 2225 609 2291 [consessorem]
623 2229 632 2247 ·
644 2227 745 2280 lactum
760 2231 801 2280 est
821 2225 932 2292 plenum
952 2225 1027 2279 omni
1049 2222 1232 2277 admiratione
1249 2216 1377 2289 proelum

6 2295 167 2415 apgggsdm'
186 2319 323 2376 Ludorico
336 2324 472 2377 residente
492 2325 640 2393 aliquando
661 2327 824 2394 degantiaco
845 2325 955 2392 palatio,
969 2323 1080 2391 palatini
1103 2335 1186 2377 canes
1203 2321 1377 2385 circummisit

185 2420 348 2474 exercebant
360 2422 471 2490 rapinas
483 2431 510 2478 et
521 2427 697 2479 veliementer
717 2426 807 2479 iniesti
828 2430 907 2480 erant
924 2423 1091 2492 pauperibus
1113 2422 1376 2487 sanctorumquepttt·

185 2517 247 2572 diis.
261 2522 353 2575 lionor
364 2523 457 2576 nulius
469 2526 595 2592 cuiquam
608 2526 776 2589 serrabatur,
790 2530 818 2578 et
834 2538 890 2578 una
908 2529 967 2578 erat
978 2522 1051 2590 apud
1063 2534 1162 2576 omnes
1172 2521 1232 2588 eius
1246 2512 1378 2573 lectricium

185 2612 323 2676 tanarum
343 2624 506 2690 praedarum
526 2638 583 2678 non
603 2625 750 2680 mediocris
769 2638 850 2679 causa
871 2622 1006 2677 tristitiae.
1018 2626 1086 2677 liam
1107 2621 1209 2676 milites
1225 2612 1378 2687 apothecas!

185 2722 371 2789 promptuaria
392 2724 597 2787 exhauriebant,
616 2726 679 2791 equi
700 2737 764 2778 vero
784 2728 890 2792 segetes
910 2721 1171 2788 depopulabantur:
1186 2721 1288 2787 hocque
1304 2710 1377 2768 malt!

185 2820 291 2889 isteque
304 2822 406 2876 elamor
426 2821 513 2889 ipsam
533 2824 631 2876 urbem
653 2824 836 2891 contingebat.
849 2822 972 2890 lienique
994 2833 1050 2876 non
1063 2814 1378 2875 sulieeitcuidamlllotttt

185 2921 260 2988 quod
275 2921 309 2974 ab
330 2934 401 2988 equo
422 2935 471 2976 suo
492 2924 588 2976 messis
608 2923 693 2975 saneti
714 2923 842 2976 liartialis
863 2922 974 2988 depasta
996 2927 1062 2983 erat,
1075 2910 1379 2985 veruminsupermmpfl

187 3019 265 3086 laice,
278 3021 351 3087 quod
364 3028 514 3089 asportaret
526 3035 619 3075 secare
632 3035 686 3075 non
699 3020 800 3075 timuit.
817 3020 892 3085 Quod
904 3022 1005 3075 iactum
1015 3032 1077 3074 mex
1087 3018 1155 3072 ultio
1168 3019 1260 3073 divina
1270 3007 1378 3079 occiput
1414 2974 1419 3017 ⁴

185 3124 250 3175 llam
272 3122 441 3188 manipulum
463 3121 490 3174 in
511 3135 566 3175 una
588 3135 680 3185 runnu,
694 3123 721 3174 in
740 3122 825 3174 altera
847 3121 944 3175 falcem
964 3132 1071 3189 gerens,
1086 3118 1258 3174 nullomodo
1275 3116 1381 3182 deponat

187 3223 283 3289 potuit,
295 3222 344 3276 sed
355 3221 449 3276 divino
462 3227 530 3275 nutu
542 3222 657 3289 rinctus,
672 3221 838 3287 stupetactus
860 3221 956 3286 haesit,
970 3233 1102 3288 reumque
1122 3221 1189 3274 tanti
1211 3216 1328 3273 facinoris
1344 3218 1382 3266 rot
1417 3286 1419 3297 Ι

185 3322 244 3374 sine
258 3327 442 3389 magnometu
462 3335 558 3374 omnes
579 3321 785 3375 admirabantur
800 3338 806 3374 :
820 3325 879 3374 erat
899 3322 974 3374 enim
992 3320 1088 3375 eadem
1110 3320 1209 3374 messis
1229 3332 1283 3373 non
1296 3316 1384 3383 magt!
1411 3314 1419 3393 t

35 3410 144 3464 ‘vocet
189 3434 267 3476 muro
281 3422 365 3488 ipsius
377 3421 458 3475 castri
471 3421 543 3488 quod
562 3421 737 3485 [sanctissimi
756 3419 930 3488 contessoris]
943 3423 952 3441 ·
965 3421 1051 3473 ambit
1068 3419 1223 3483 ecclesiam,
1235 3424 1264 3472 et
1278 3395 1418 3485 specum,

30 3493 149 3535 erma
190 3523 246 3574 lum
259 3523 365 3590 ingens,
379 3522 450 3574 lama
463 3522 542 3585 laeta,
556 3523 647 3575 cuncti
662 3534 775 3575 cernere
788 3520 962 3574 festinabant.
976 3519 1045 3583 Quid
1057 3519 1142 3571 miser
1153 3518 1269 3587 ogereti
1279 3518 1389 3582 iduma!

189 3618 282 3672 auxilii
294 3632 357 3684 spes
367 3619 418 3670 nisi
436 3617 465 3671 in
475 3630 507 3672 ee
523 3632 607 3685 quem
616 3617 768 3672 olienderat
781 3617 837 3671 ulla
847 3616 976 3669 restabat.
987 3618 1136 3669 decurrere
1149 3627 1218 3668 suae
1231 3603 1391 3683 pontumal

189 3731 239 3770 nes
253 3719 445 3787 rmncigenae.
458 3718 567 3771 Scilicet
579 3724 606 3772 et
619 3718 702 3770 nimia
725 3717 842 3784 perculsi
864 3715 1010 3769 tormidine
1023 3728 1073 3782 pro
1091 3715 1218 3789 hisquae
1239 3708 1394 3766 stulticiae

188 3823 258 3879 rant.
272 3818 417 3872 vindictam
431 3819 551 3884 aliquam
563 3818 801 3883 pertimescebant,
812 3818 840 3868 in
853 3816 900 3868 illo
919 3830 955 3868 se·
970 3815 1145 3876 accusabant,
1156 3811 1398 3880 paenitudinem!

8 3921 68 3966 bom
76 3923 178 3966 eroso
188 3918 322 3985 gerebant
333 3923 361 3970 et
372 3918 591 3970 emendationem
602 3916 766 3979 latabantur,
777 3916 799 3967 si
809 3929 856 3968 eos
865 3915 937 3968 beati
948 3913 1135 3979 [contessoris]
1144 3914 1153 3934 ·
1163 3912 1253 3980 pietas
1261 3900 1419 3980 aliquantis!

189 4030 239 4083 per
259 4022 415 4082 exspectare
436 4017 596 4084 dignaretur
616 4021 643 4068 et
664 4029 720 4069 non
741 4017 795 4068 cito
814 4016 934 4080 puniret.
948 4014 1100 4069 consulunt
1116 4013 1169 4067 sibi
1187 4026 1272 4080 quam
1290 4013 1404 4079 pumen,

188 4118 383 4170 discalceantes
396 4129 425 4168 se
436 4120 463 4169 et
475 4116 612 4168 huuiiliter
624 4129 679 4167 nna
692 4128 755 4167 eum
767 4127 817 4167 suo
829 4116 942 4168 caelitus
957 4115 1049 4167 vineto
1069 4112 1188 4167 satellite
1199 4112 1237 4166 ad
1249 4112 1339 4167 sancti
1353 4114 1408 4165 lar

189 4217 260 4269 tialis
281 4217 417 4269 tumulum
439 4215 581 4268 submissis
601 4215 734 4281 capitibus
754 4214 956 4280 ingrediuntur.
979 4214 1063 4266 Orant
1085 4212 1242 4267 diutissime
1261 4212 1315 4266 sibi
1334 4215 1361 4265 et
1377 4208 1411 4263 illl

188 4316 306 4380 veniam,
320 4314 350 4367 in
362 4314 409 4367 illo
421 4318 513 4366 autem
534 4314 733 4379 praestolantur
755 4312 908 4365 sanitatem.
922 4314 976 4364 Nec
995 4312 1043 4364 diu
1063 4310 1150 4364 abluit
1169 4310 1247 4379 quod
1267 4310 1413 4378 petebatur.

188 4413 350 4467 Redduntur
361 4425 460 4465 manus
472 4413 589 4479 propriis
600 4412 705 4480 ciliciis,
719 4413 889 4465 satisfaciunt
906 4425 955 4478 pro
968 4416 1043 4465 tanto
1061 4411 1168 4478 placule
1185 4409 1326 4464 ministris
1337 4408 1417 4464 sandi

187 4514 325 4581 Martialis,
339 4512 509 4578 fideliterque
521 4512 652 4578 deinceps
669 4525 713 4565 res
733 4513 826 4565 domni
840 4512 925 4565 nostri
939 4511 1031 4565 audito
1042 4512 1104 4577 ejus
1116 4509 1232 4564 nomine
1249 4510 1419 4565 custodirem

189 4626 224 4667 ne
236 4613 435 4680 contingerent.
449 4612 502 4666 sed
514 4612 574 4666 etsi
589 4624 671 4678 quem
683 4612 808 4666 viderent
820 4617 881 4678 post
892 4612 920 4666 id
931 4623 1012 4681 apere
1032 4610 1113 4677 velle,
1125 4610 1255 4678 exemplo
1274 4623 1330 4667 sno
1341 4610 1419 4668 corri-
