3136 5482
183 306 250 372 544
527 320 654 372 caran.
674 319 775 371 cono.
794 319 968 371 moroan.
988 319 1079 372 mr.-

217 491 249 543 e.
262 489 374 555 Quibus,
398 502 433 542 ne
454 490 483 541 in
503 487 597 555 aliquo
615 488 793 555 profectionis
812 502 878 542 suae
899 489 1081 543 minoraretur
1095 487 1227 555 inceptio,
1240 500 1317 555 super
1326 499 1388 554 popu·

184 589 242 644 lum
254 590 299 642 ilci
313 589 467 655 praelectis,
480 589 546 642 dum
567 591 663 643 iterato
678 591 814 643 solitarius
836 590 910 644 illam
932 591 1112 644 theoreticam
1133 590 1217 644 narn
1234 589 1387 656 selletagert,

185 689 307 757 angelico
320 689 424 742 monitu
436 689 566 741 suadetur
574 690 721 742 Romanam
734 689 890 743 cathedram
900 690 998 755 visere,
1007 703 1077 757 quae
1088 691 1160 757 eius,
1170 695 1202 742 ut
1210 693 1313 744 ceterae
1324 688 1386 756 rapio

186 802 245 854 nes,
258 790 456 854 persentiscere
468 794 620 842 mereretur
631 790 755 855 gratiam.
767 792 822 843 lloc
833 789 945 856 superni
955 789 1063 856 imperii
1072 794 1187 856 accepto
1200 789 1308 851 indicio,
1319 798 1387 855 rqen

184 886 243 940 adit
254 888 350 940 beatus
362 887 408 940 ille
421 888 535 952 advena,
548 888 707 941 humilitatis
727 889 814 956 gratia
826 889 965 942 reticendo
981 889 1097 956 imperia
1115 888 1251 956 angelica,
1264 901 1294 942 se
1304 886 1409 941 reliciat

185 988 333 1040 homaniae
353 989 476 1054 partibus
496 987 630 1054 proticisci
651 989 763 1055 supplex
786 989 887 1042 indicat
908 989 1021 1055 ejusque
1043 988 1152 1042 itineris
1173 989 1210 1042 ab
1231 1001 1265 1042 eo
1280 986 1387 1041 hesrom

185 1087 295 1154 assequi
313 1087 442 1152 postulat.
464 1089 546 1154 cujus
566 1088 757 1155 postulationis
777 1087 870 1141 audita
888 1087 1023 1141 desideria
1045 1087 1178 1154 praedicti
1199 1088 1272 1157 regis
1293 1087 1389 1141 amnuo

186 1186 277 1253 magni
289 1186 392 1240 doloris
404 1186 524 1240 afficiunt
535 1189 679 1255 maestitia,
692 1188 755 1254 quia
765 1200 795 1240 se
808 1187 842 1240 ab
852 1187 925 1240 illius
938 1187 1101 1253 privandum
1111 1185 1242 1241 audiebat
1253 1185 1388 1254 praesentia,

186 1285 214 1336 in
227 1286 305 1351 cujus
325 1286 520 1340 consolationis
542 1290 667 1352 respectu
687 1286 758 1339 vitae
777 1297 845 1347 „suae
865 1284 1003 1351 pendebat
1019 1282 1121 1338 fiducia
1138 1285 1286 1352 omnisque
1297 1284 1389 1337 mutan

186 1382 406 1450 supplementum
424 1382 527 1436 diutius
540 1383 701 1436 aestimabat
722 1395 802 1449 posse
820 1389 913 1436 tenere
926 1384 1052 1437 saxonia.
1070 1382 1125 1436 sed
1143 1396 1181 1436 ne
1193 1378 1419 1437 dilectoribciiolt

186 1482 277 1550 aliquo
290 1481 498 1548 contradiceret,
520 1495 662 1535 assensum
684 1481 809 1548 petitioni
830 1483 889 1548 ejus
906 1483 957 1536 sub
975 1495 1008 1536 ea
1020 1482 1223 1536 deliberatione
1234 1479 1389 1535 inbuitneio

186 1580 318 1649 pelpetuo
330 1595 364 1635 ex
376 1594 442 1635 suae
454 1581 623 1648 paternitatis
635 1581 782 1635 dulcedine
794 1581 936 1648 adoptivos
948 1582 1099 1636 exheredet
1112 1587 1140 1635 et
1151 1595 1189 1635 ne
1200 1582 1301 1636 diutim
1311 1578 1390 1648 proni

185 1681 309 1735 absentia
321 1682 424 1735 cruciet
432 1694 502 1747 quos
514 1693 564 1747 pro
577 1681 620 1734 sui
632 1679 734 1735 ducatu
746 1681 826 1748 quasi
836 1682 892 1749 jam
905 1682 935 1734 in
947 1681 1022 1736 caelo
1040 1694 1145 1748 ponere
1157 1680 1241 1735 sedes
1253 1679 1331 1734 videt
1341 1678 1390 1732 liuic

186 1781 318 1834 honestae
328 1782 451 1848 petitioni
463 1782 505 1834 vir
526 1782 572 1835 bei
593 1778 719 1835 effectum
739 1794 769 1834 se
790 1783 922 1848 praebere
942 1783 1039 1836 iterato
1056 1778 1389 1850 promittiqsitoeussbir

187 1881 241 1933 beo
253 1879 332 1934 datus
345 1881 436 1934 luerit.
1398 1872 1419 1925 ll

219 1979 251 2030 7.
265 1980 314 2044 Qui
332 1983 393 2045 post
409 1980 491 2045 hujus
503 1979 629 2046 promissi
651 1979 894 2046 reciprocationem
916 1980 1003 2033 laetus
1023 1979 1121 2046 arripit
1134 1981 1243 2046 iussam
1262 1975 1389 2046 peregrim

186 2079 299 2142 tionem,
312 2078 478 2145 tandemque
491 2084 550 2145 post
572 2079 672 2132 nimios
693 2079 795 2133 laboris
814 2086 915 2145 aestus,
929 2080 991 2147 igne
1010 2080 1145 2146 passionis
1158 2078 1265 2144 rutilus,
1278 2078 1342 2146 regis
1351 2074 1390 2128 dc

19 2191 84 2247 cod.
98 2200 172 2244 00m.
189 2176 269 2230 dovei
282 2183 470 2242 praesentatur
490 2176 641 2243 obtutibus,
662 2178 689 2229 in
708 2177 810 2230 Galliae
823 2177 1043 2231 commanentis·
1059 2178 1195 2244 partibus.
1209 2178 1258 2242 Qui
1270 2170 1390 2230 sanctiriu'

21 2256 152 2311 manem·
188 2277 286 2331 mentis
299 2282 435 2342 comperta
448 2278 649 2344 probabilitate,
669 2291 732 2330 eunr
754 2285 817 2331 curn
832 2280 949 2331 maximo
967 2279 1071 2345 recepit
1088 2279 1205 2344 honore,
1227 2282 1254 2332 et
1271 2285 1389 2344 quaeem

186 2388 294 2443 semper
305 2390 397 2430 amare
417 2377 558 2441 didicerat,
577 2377 681 2431 scilicet
700 2377 866 2444 ubicumque
886 2378 912 2430 ei
930 2378 1051 2444 placeret
1067 2383 1232 2432 construere
1244 2365 1420 2436 monostemil

186 2475 302 2528 libenter
320 2481 481 2542 praeparat3
494 2476 652 2543 regiamque
665 2475 875 2541 permissionem
893 2474 1073 2528 herchenaldi
1090 2476 1198 2542 patricii
1210 2472 1307 2529 blanda
1322 2469 1390 2525 suasio

186 2574 337 2627 conlirmat.
352 2574 405 2627 Sed
417 2576 459 2626 vir
471 2575 577 2628 bomini
592 2588 627 2627 ne
640 2575 741 2640 accepti
754 2575 859 2628 itineris
877 2574 1057 2640 impediretur
1078 2575 1230 2641 proposito,
1251 2571 1344 2628 blando
1357 2570 1391 2621 bot

186 2672 286 2726 devicit
296 2687 407 2740 precum
420 2673 549 2741 alloquio.

220 2772 251 2826 Β.
271 2774 319 2837 Qui
334 2774 468 2826 monitum
486 2779 582 2827 tenens
594 2774 654 2840 iter,
668 2775 697 2825 in
709 2785 807 2841 pagum
819 2772 930 2826 devenit
941 2773 1085 2826 Ponticum
1097 2777 1126 2825 et
1138 2773 1167 2825 in
1180 2772 1263 2826 domo
1274 2766 1391 2837 cuidem

186 2871 272 2937 ducis,
284 2873 422 2925 ilaimonis
432 2871 576 2937 uocabulo,
591 2885 719 2940 magnum
732 2871 881 2939 lugentium
894 2873 996 2926 audiui
1007 2872 1159 2938 planctum.
1172 2872 1222 2924 llic
1235 2858 1422 2938 bitumen!

186 2974 226 3024 vis
240 2972 385 3024 multarum
399 2972 521 3024 atllueret
532 2971 695 3039 dignitatum
707 2972 814 3037 opibus,
828 2984 882 3024 uno
895 2972 1090 3024 honestabatur
1102 2975 1182 3037 partu
1196 2970 1317 3031 caelitus,
1329 2976 1392 3033 queo

186 3071 340 3124 communis
350 3072 472 3123 omnium
483 3084 541 3124 sors
552 3071 699 3123 abstulerat
708 3070 815 3137 vitaque
824 3072 960 3136 praesenti
969 3072 1136 3136 privaverat;
1147 3071 1227 3135 cujus
1235 3066 1393 3132 inexequiun

187 3176 315 3235 paternus
327 3169 439 3222 affectus
459 3171 604 3235 omnisque
625 3170 743 3222 familiae
766 3169 910 3222 multitudo
932 3175 996 3222 tunc
1009 3168 1141 3234 temporis
1154 3168 1285 3235 lugubres
1293 3162 1395 3231 erigebat

186 3270 276 3322 cordis
289 3272 433 3334 cruciatus,
448 3277 537 3322 tantae
550 3270 606 3335 spei
619 3269 803 3322 consolatione
815 3269 946 3336 privatus
967 3271 1068 3322 ilerum
1086 3268 1206 3335 gemitus
1227 3265 1303 3320 valde
1319 3262 1394 3316 deleas

186 3370 257 3422 beati
271 3371 320 3422 viri
333 3369 452 3433 animus,
466 3368 637 3434 percunctari
657 3369 746 3434 coepit
757 3369 819 3421 ilico
838 3368 912 3422 unde
931 3366 998 3420 tanti
1011 3372 1198 3420 succresceret
1211 3365 1311 3419 doloris
1322 3350 1426 3414 cuno-ll

187 3470 237 3522 lus.
253 3472 336 3533 Quem
352 3468 417 3521 dum
432 3469 605 3533 multiplicari
618 3482 666 3533 pro
679 3474 766 3521 morte
779 3468 857 3521 (lucis
871 3467 917 3519 filii
931 3468 1073 3532 comperit,
1092 3478 1194 3533 magno
1207 3468 1347 3519 consuetae
1358 3458 1396 3526 pie·

187 3568 247 3619 tatis
260 3572 349 3619 motus
359 3579 483 3630 munere,
493 3566 527 3618 ad
537 3565 747 3619 custodiendum
758 3566 810 3618 sibi
823 3566 899 3631 petiit
910 3565 1042 3616 committi
1053 3576 1153 3630 corpus
1164 3564 1192 3615 in
1203 3561 1394 3615 renturanoets

185 3668 267 3732 Cujus
279 3668 402 3733 quamvis
416 3666 566 3718 sanctitatis
579 3666 678 3717 famam
692 3666 837 3730 nescirent,
851 3671 944 3717 amen
956 3663 1165 3718 considerantes
1177 3668 1234 3716 tam
1252 3663 1309 3729 ejus
1321 3667 1396 3721 corpe

184 3765 222 3818 ris
234 3779 316 3832 quam
329 3765 429 3816 inentis
443 3763 677 3829 tranquillitatem,
691 3763 764 3814 illius
776 3762 879 3816 doloris
892 3763 934 3814 sui
947 3762 1055 3814 initium
1067 3761 1101 3815 ad
1115 3759 1324 3815 custodiendum
1339 3765 1396 3807 coro·

186 3867 294 3916 mittunt
313 3878 432 3929 corpus:
451 3862 524 3929 quod
546 3864 574 3913 in
595 3868 699 3915 secreto
720 3863 846 3927 cellulae,
860 3868 889 3914 ut
902 3863 1030 3928 jusserat,
1050 3861 1197 3925 collocant,
1210 3864 1239 3912 et
1255 3869 1334 3923 super
1344 3844 1427 3905 baali

185 3964 250 4031 quid
272 3967 343 4016 licus
355 3963 527 4028 omnipotens
549 3976 597 4028 per
616 3977 695 4015 suum
716 3962 781 4015 velit
800 3963 907 4028 operari
921 3961 1052 4014 famulum
1066 3964 1237 4025 exspectant.
1256 3961 1320 4010 hum
1333 3953 1396 4020 igilur

185 4065 285 4117 athleta
299 4064 343 4116 bei
356 4064 384 4114 in
406 4069 464 4116 arto
483 4061 565 4114 cubili
585 4063 704 4128 positum
726 4062 840 4115 cadaver
860 4062 1002 4129 conspicit,
1024 4074 1054 4113 se
1073 4060 1235 4126 suppliciter
1248 4057 1276 4110 in
1289 4054 1392 4108 oratione

184 4164 289 4229 posuit,
312 4163 408 4214 adesse
431 4162 482 4214 sibi
504 4162 531 4212 in
553 4174 585 4212 ea
607 4161 766 4213 necessitate
787 4173 868 4212 aures
889 4160 995 4212 llomini
1016 4159 1144 4226 postulat,
1162 4171 1213 4225 pro
1235 4158 1310 4223 cuius
1325 4144 1394 4220 gratia

187 4263 269 4314 multa
279 4265 335 4328 jam
348 4261 541 4313 miraculorum
560 4262 635 4326 signa
657 4264 817 4325 patraverat.
840 4261 884 4311 Sic
904 4258 1091 4325 pernoctando
1110 4258 1217 4326 vigilias
1231 4263 1311 4309 tetrae
1323 4246 1394 4304 noelli

186 4362 351 4414 lucidissima
364 4364 429 4412 iesu
443 4359 547 4411 bomini
558 4359 670 4410 lucerna
684 4359 854 4411 orationibus
872 4358 1021 4424 illustrans,
1041 4370 1118 4410 nese
1134 4363 1270 4423 petentem
1281 4356 1307 4406 in
1318 4332 1420 4412 aliqui⁴⁰

186 4463 255 4512 beus
269 4460 444 4526 relinqueret,
460 4458 543 4510 tilium
555 4456 633 4510 ducis
645 4471 660 4510 a
673 4471 769 4509 somno
784 4458 876 4510 mortis
889 4456 923 4509 ad
936 4457 1019 4509 vitam
1030 4462 1149 4523 revocat,
1166 4457 1194 4508 in
1210 4458 1319 4521 ejusque
1334 4456 1389 4501 rasi·

187 4561 330 4612 scitatione
344 4558 447 4610 mundo
458 4558 544 4622 aperit
553 4564 686 4624 quantum
699 4557 740 4609 sui
754 4556 848 4609 ianruli
861 4557 911 4608 sibi
924 4555 979 4608 vita
992 4555 1137 4621 placuerit.
1145 4558 1224 4607 Mane
1233 4559 1317 4607 autem
1328 4547 1388 4601 neto.
