3136 5482
200 322 244 388 28
540 341 665 391 errat.
685 340 787 392 cono.
806 340 982 393 naoroon.
1001 341 1083 390 111.

200 509 276 561 ’Iunc
294 511 351 576 ipse
371 510 467 562 volens
487 523 551 575 eum
571 509 708 578 amplecti,
721 515 751 562 ut
770 480 992 573 securioresset,
1007 508 1180 575 amplexatus
1198 516 1240 560 est
1260 509 1368 561 socium
1386 521 1420 575 q·

200 622 286 674 prope
307 610 396 674 ipsum
414 614 481 662 crat.
495 611 542 662 Cui
561 609 767 677 expergefactus
787 608 856 661 dixit
869 625 876 660 :
889 608 999 662 Nonne
1021 607 1130 660 vidisti
1146 607 1251 659 virum
1269 606 1327 659 Dei
1347 606 1420 660 Clau

201 706 290 759 dium
301 707 382 761 sicui
393 710 423 761 et
433 708 508 775 egoi
519 711 550 760 111
561 708 629 761 baec
641 721 675 761 eo
687 709 827 775 loquente,
841 706 965 760 sedatum
985 712 1026 759 cst
1039 719 1132 772 mare;
1146 706 1216 758 sicut
1228 707 1253 758 ei
1274 706 1420 771 promiser-

200 806 242 859 uir
254 807 310 858 bei.
325 808 401 858 iiunc
412 812 505 872 postea
517 807 597 859 simul
610 807 760 860 cumomni
782 805 884 872 populo
903 803 937 857 ad
958 805 1103 857 eeclesiam
1116 805 1202 856 sancti
1215 802 1322 856 Claudii
1342 802 1421 856 laude

201 907 256 957 lieo
269 904 435 957 referentem
447 910 474 958 et
486 907 524 958 sic
536 919 595 959 esse
608 919 692 971 super
703 910 874 957 sacrosancta
887 904 1028 972 evangelia
1038 905 1178 971 jurantem
1190 901 1358 955 audirimus,

216 1004 361 1056 XLVIII.
374 1005 420 1056 De
432 1005 572 1069 quadam
583 1005 689 1068 puella
700 1004 857 1057 amiate
869 1001 1008 1064 videndI,
1020 1001 1177 1066 loquendi,
1190 999 1420 1055 ambulandi&

300 1115 416 1166 parum
427 1102 606 1155 comedendi
617 1106 758 1167 quatuor·
769 1101 864 1155 unuin
874 1101 1020 1166 privata,
1032 1099 1140 1153 sublto
1160 1103 1283 1152 sanate
1294 1100 1342 1165 (t).

236 1200 266 1251 in
278 1201 414 1253 territorio
431 1203 516 1254 sancti
538 1200 669 1269 bugendi,
682 1201 790 1270 rillagio
811 1201 846 1253 de
858 1201 984 1264 lierbiez,
998 1199 1115 1252 diocesis
1133 1199 1343 1261 Bisuutinensis,
1358 1210 1420 1265 quac

203 1297 266 1350 dam
285 1299 385 1364 puella,
399 1301 510 1352 nominc
524 1300 680 1360 Petronilla,
694 1298 749 1352 illia
767 1301 838 1352 Petri
855 1297 977 1363 tardani,
991 1310 1064 1350 anuo
1083 1299 1189 1351 bornini
1208 1296 1356 1350 millesimo
1375 1308 1420 1364 qua

203 1398 395 1451 tercentesimo
407 1399 535 1452 vicesimo
548 1412 633 1464 nono,
647 1400 675 1451 in
688 1412 783 1451 mense
793 1398 864 1462 julii,
878 1400 949 1450 cirea
968 1397 1066 1449 iestum
1084 1402 1193 1449 sanemc
1211 1396 1312 1449 itariae
1331 1395 1420 1463 liagtlo

203 1497 293 1560 lenae,
314 1496 381 1550 hora
402 1503 535 1550 nocturna
556 1496 675 1564 quadam
694 1499 722 1549 iu
744 1509 841 1549 somno
859 1497 964 1549 risione
985 1497 1138 1562 perterrita,
1160 1495 1258 1548 aetatis
1280 1494 1420 1561 quindeciu

203 1608 339 1649 annorum
352 1600 417 1648 tune
429 1597 558 1662 existens,
572 1596 623 1648 luit
635 1596 724 1648 taliter
741 1596 770 1647 in
783 1608 898 1661 corpore
917 1607 966 1647 suo
979 1600 1094 1661 repente
1116 1598 1292 1661 praegrauata
1304 1596 1333 1646 et
1345 1591 1420 1645 debili

61 1705 69 1723 ·
82 1702 147 1756 cod,
204 1700 257 1746 tata
270 1696 288 1755 ',
301 1693 376 1761 quod
388 1708 420 1746 ex
434 1700 499 1746 tunc
510 1708 560 1760 per
571 1696 693 1761 quinque
714 1706 802 1746 atinus
822 1698 970 1760 sequentes
991 1691 1025 1745 rle
1045 1693 1115 1745 lecto
1128 1691 1420 1759 aegritudinissurgen

37 1768 166 1827 ΨΜ·
206 1806 262 1845 non
275 1794 371 1858 potuit,
386 1806 651 1859 necquemcumque
669 1793 760 1845 eibum
781 1806 830 1845 seu
852 1798 946 1858 potum
967 1805 1017 1857 per
1038 1792 1156 1857 spatium
1167 1790 1291 1857 quinque
1303 1802 1420 1843 anuomr

204 1890 411 1956 quomodolibet
422 1893 509 1957 potuit
520 1890 675 1958 degustare.
689 1893 799 1943 Praeter
819 1892 870 1943 hoe
890 1895 981 1942 tamen
1002 1903 1057 1943 una
1078 1890 1136 1942 rice
1158 1892 1264 1942 tantum
1284 1890 1313 1941 in
1331 1888 1420 1943 duobu

205 1989 345 2042 mensibus
357 1988 475 2041 comedit
486 2002 572 2041 unum
585 2003 697 2055 pomum
708 2007 716 2057 ;
728 1997 757 2042 et
774 1991 920 2043 novissime
933 1990 962 2041 iu
974 1988 1082 2041 duobus
1095 1988 1237 2040 mensibus
1257 1986 1351 2053 puella
1363 2000 1420 2053 prae

204 2087 276 2141 dicta
288 2088 355 2165 nihil
368 2100 479 2153 prorsus
492 2089 594 2154 recepit
607 2089 729 2154 nihilque
742 2089 841 2155 egessit
853 2088 888 2140 de
901 2100 1025 2153 corpore.
1037 2089 1110 2151 Quae
1120 2087 1204 2138 ctiam
1216 2082 1420 2152 eristens'prius

204 2200 285 2253 quam
298 2192 450 2254 aegrotaret
461 2187 549 2239 bonae
571 2186 658 2239 lamae
679 2199 711 2239 ac
732 2186 876 2239 laudabilis
894 2186 1109 2239 conversationis
1129 2187 1243 2237 eratin
1263 2186 1353 2250 primo
1366 2198 1420 2237 ann

204 2284 359 2351 hujusmodi
372 2285 550 2353 aegritudinis
562 2299 627 2338 suae
640 2286 682 2337 bis
699 2286 823 2339 contessa
836 2289 918 2337 estut
935 2285 1024 2351 potuit
1040 2289 1068 2336 et
1084 2284 1127 2337 bis
1144 2283 1331 2336 Eucharistiae
1350 2295 1420 2335 sacra

58 2393 144 2448 wod,
205 2390 327 2436 mentum
340 2387 348 2404 ·
361 2384 396 2437 de
417 2386 502 2437 curati
523 2384 564 2436 sui
585 2384 712 2437 manibus
731 2384 904 2437 devotissime
925 2385 1054 2449 suscepit.
1073 2383 1139 2435 inde
1161 2396 1226 2436 vcro
1247 2396 1298 2448 pcr
1317 2389 1420 2449 quatuo

25 2459 197 2513 mmmm·
205 2495 294 2536 annos
306 2497 358 2536 nee
369 2483 443 2550 loqui
457 2484 543 2550 potuit
555 2496 607 2536 nec
619 2484 714 2536 oculos
725 2485 848 2549 aperire;
864 2489 955 2537 tamen
968 2484 1019 2536 sibi
1032 2481 1066 2535 de
1080 2480 1190 2537 heudo
1202 2482 1282 2535 beau
1293 2482 1420 2550 Virginea

206 2581 241 2634 de
262 2584 362 2635 sanctis
382 2583 526 2650 loquentes
544 2582 699 2648 aliqualiter
719 2583 882 2648 percipiens,
905 2595 1003 2635 manus
1022 2581 1155 2649 iungebat
1174 2588 1202 2634 et
1223 2581 1351 2633 lacrimas
1373 2594 1420 2634 eun

205 2682 351 2750 gemitibus
369 2694 401 2733 ac
421 2682 545 2746 suspiriis
565 2682 714 2734 emittebat.
727 2684 818 2747 Nuper
837 2694 912 2745 vero,
925 2694 999 2734 anno
1019 2679 1146 2733 videlieet
1165 2679 1312 2733 millesimo
1334 2684 1420 2746 quater

205 2781 356 2832 centesimo
368 2781 505 2832 tricesimo
517 2786 624 2847 quarto,
633 2778 678 2832 die
689 2781 766 2832 tertia
776 2780 891 2847 augusti,
902 2779 1037 2846 quaedam
1051 2778 1151 2832 nobilis
1159 2778 1282 2845 domina,
1293 2780 1420 2832 catherin

36 2886 103 2938 wia
116 2887 181 2940 cod.
205 2878 240 2930 de
260 2876 450 2943 Beaiiremont,
463 2877 575 2930 domina
595 2877 629 2930 de
647 2877 805 2943 Triscbatcl,
818 2877 952 2930 dioecesis
972 2878 1161 2945 lingonensis,
1181 2877 1249 2930 haee
1268 2876 1415 2942 quamdam

207 2989 288 3028 mane
300 2976 452 3029 devotionis
464 2975 565 3044 [causa]
577 2975 717 3029 dominam
730 2976 878 3042 praelatam
890 2977 1022 3044 virginem
1035 2976 1217 3042 personaliter
1228 2977 1355 3040 visitarit,
1366 2977 1420 3028 sicu

34 3090 44 3110 ·
57 3090 102 3142 rm
114 3090 180 3144 cod,
208 3087 267 3127 mos
279 3081 337 3127 erat
348 3073 383 3127 ad
395 3080 449 3127 tam
461 3075 646 3143 singularitate
659 3077 667 3095 ⁶
680 3075 768 3127 dictae
777 3076 889 3143 virginis
898 3075 1082 3141 spectaculum
1096 3087 1296 3141 nonnunquam
1306 3086 1420 3139 persona

207 3172 359 3226 devotionis
376 3173 517 3226 accedere.
531 3175 604 3237 Quae
625 3171 760 3240 siquidem
781 3173 892 3226 domina
913 3172 1013 3226 dietam
1033 3173 1153 3238 puellam
1174 3173 1333 3239 alloquitur,
1347 3176 1374 3224 et
1392 3170 1420 3223 ill

207 3285 258 3324 nec
271 3273 343 3338 loqui
357 3273 444 3337 potuit
462 3285 514 3325 uec
531 3273 626 3325 oculos
644 3273 762 3338 aperire.
777 3273 844 3325 ilinc
864 3271 976 3324 domina
988 3273 1143 3334 catherina,
1155 3284 1228 3338 genu
1248 3270 1363 3323 bectens
1375 3276 1420 3323 ant

205 3370 479 3437 virginisgrabatum.
493 3368 539 3422 diu
552 3369 712 3434 suppliciter
731 3375 791 3422 orat
811 3374 838 3421 ct
859 3372 944 3422 beum
963 3375 991 3422 et
1007 3370 1116 3422 beatam
1134 3369 1268 3436 virginem
1285 3370 1420 3421 tiariame

205 3473 328 3520 sanctum
348 3467 491 3520 claudium
512 3480 561 3533 pro
581 3468 686 3535 virgine
707 3472 864 3535 aegrotante
876 3467 1050 3533 deprecatur.
1064 3466 1186 3520 Tandem
1204 3480 1320 3534 surgens
1332 3466 1367 3518 ab
1379 3479 1420 3519 ora

63 3570 144 3623 'cod¹
205 3567 288 3631 tione,
300 3572 428 3631 [urentes
439 3565 547 3632 puellae
560 3568 684 3619 hortatur
695 3570 704 3588 ·
716 3572 798 3633 atique
816 3567 918 3619 monita
931 3566 1057 3619 iterando
1079 3566 1219 3632 compellit
1230 3570 1261 3618 ut
1273 3563 1330 3617 illia
1343 3577 1420 3617 suaa

30 3635 183 3689 mamm·
205 3668 400 3719 monasterium
413 3667 498 3719 sancti
520 3665 640 3734 bugendi
653 3671 716 3718 ante
728 3679 827 3732 corpus
839 3666 910 3718 beati
923 3665 1027 3718 claudii
1041 3664 1190 3718 deleratur.
1205 3664 1283 3728 Quod
1295 3670 1323 3717 et
1337 3664 1420 3716 iactur

205 3765 256 3817 suit
268 3766 296 3816 in
308 3767 436 3829 crastino,
450 3764 553 3818 scilicet
573 3767 601 3817 in
622 3764 667 3818 die
688 3771 784 3832 quarta
798 3766 900 3817 mensis
917 3765 1023 3832 augusti
1036 3763 1193 3828 supradicti.
1208 3766 1282 3828 Quae
1300 3762 1420 3830 siquiden

204 3862 295 3929 puella
315 3864 405 3917 oblata
425 3865 453 3915 iu
473 3864 584 3931 grabato
604 3877 654 3916 suo
675 3864 751 3931 quasi
773 3865 960 3916 semicxtiucta
980 3862 1160 3926 decumhens,
1182 3868 1279 3914 orante
1305 3862 1420 3927 prolixiu

204 3962 275 4015 dicta
287 3963 398 4015 (lomina
410 3963 563 4027 catherina,
577 3976 631 4015 una
643 3977 706 4015 cum
718 3963 810 4028 priore
828 3967 856 4015 et
874 3962 1008 4029 religiosis
1021 3963 1106 4027 ipsius
1127 3962 1289 4013 monasterii
1302 3966 1331 4014 ct
1344 3961 1420 4014 11111111

206 4060 266 4112 aliis
278 4061 358 4113 simul
371 4060 608 4126 perseverantibus
621 4061 649 4112 in
662 4061 795 4125 oratioue,
808 4067 863 4112 tam
881 4060 1019 4112 nobilibus
1037 4073 1120 4127 quam
1140 4059 1327 4126 burgensibus
1339 4067 1367 4112 et
1379 4059 1420 4112 aiii

39 4163 51 4184 ⁴
62 4161 126 4215 cod.
141 4174 167 4214 a.
201 4160 344 4225 utriusque
356 4172 447 4223 sexus,
460 4160 506 4224 qui
519 4157 553 4210 ad
567 4162 574 4178 '
587 4157 675 4210 dictae
687 4158 799 4225 iirginis
811 4159 935 4211 mirabile
949 4158 1136 4224 spectaculum
1155 4157 1218 4209 ilico
1237 4168 1420 4211 conveneram

206 4259 317 4313 undem
337 4257 428 4323 puella
440 4270 521 4323 supra
533 4270 597 4310 suos
609 4256 722 4323 pollices
739 4258 860 4324 erigitur,
874 4258 968 4310 oculos
985 4258 1082 4323 aperit,
1095 4257 1203 4322 plantas
1220 4256 1325 4321 pedum
1344 4257 1420 4310 beati

206 4359 266 4411 simi
287 4356 392 4411 Claudii
412 4356 530 4421 suspirat
555 4368 618 4408 cum
640 4354 795 4408 devotione.
812 4355 879 4408 inde
905 4357 993 4409 subito
1014 4357 1100 4423 surgit
1123 4361 1225 4416 crecta,
1249 4355 1420 4409 contessorer

239 4559 271 4621 (1)
287 4557 341 4610 cir.
355 4557 420 4611 Aet.
432 4557 489 4624 ssi,
504 4561 569 4609 tom.
582 4556 639 4620 cit,
653 4569 680 4621 p.
692 4555 752 4621 titio,
766 4568 814 4609 nu.
830 4557 871 4619 tt,
888 4559 927 4609 ta.
