3136 5482
286 113 380 162 aran.
400 113 483 163 nur.
502 113 618 163 naurs.
637 133 683 145 -
698 113 851 164 ternuc.
870 114 918 163 ab
934 114 1011 163 con.
1031 111 1106 163 stre.
1247 97 1314 162 439

73 287 219 348 quantum
232 282 314 334 valuit
335 281 526 346 amplificando
547 281 712 347 duplicavit,
733 295 764 335 ac
784 283 868 336 veluti
890 284 1004 336 lucerna
1026 282 1184 336 candelabri
1206 295 1314 336 summo

75 382 168 448 posita
188 382 296 435 cunctis
316 380 429 434 domum
449 380 665 449 ingredientibus
684 382 778 435 lumen
799 383 990 447 amministrat,
1015 383 1051 434 ita
1069 382 1110 433 vir
1123 383 1169 435 bei
1182 383 1312 435 Ronanus

76 479 214 532 virtutum
228 479 333 547 fulgore
349 492 488 545 coruscae,
502 481 559 532 veri
582 480 693 533 luminis
711 481 782 532 viam
801 481 834 533 ad
856 495 885 534 se
903 480 1078 534 venientibus
1095 480 1272 545 ostendebam
1286 456 1329 532 et¹

80 578 156 646 quod
168 577 262 633 verbis
275 579 367 646 lingua
388 578 560 646 loquebatur,
582 580 634 632 boc
654 579 735 632 etiam
757 580 810 633 vita
831 580 916 645 ipsius
938 579 1032 633 sedula
1050 580 1186 632 bonorum
1198 591 1311 645 operum

30 679 64 731 5
79 678 253 732 exhibitione
266 678 411 731 fatebatur.

82 879 246 954 Qualiter
259 880 319 939 vir
329 882 477 940 sanctus
487 880 612 952 patrie
623 881 752 941 relicta
761 895 863 941 mare
873 881 1125 955 transmeavit,
1139 881 1312 942 Leonenei

286 980 425 1052 regioni
438 979 611 1053 applicuit
624 995 667 1041 ec
677 981 759 1041 inde
773 981 987 1041 cornubiam
1000 981 1112 1041 venit.

113 1174 145 1228 a.
158 1177 227 1227 Cum
239 1174 320 1242 igitur
332 1174 520 1226 sanctissimus
532 1175 672 1237 Ronanus,
686 1178 715 1226 ut
728 1173 755 1225 in
768 1173 921 1227 antedictis
934 1173 1048 1226 strictim
1061 1174 1241 1240 praelibatum
1259 1180 1309 1238 est,

81 1274 114 1327 ad
126 1275 172 1327 bei
183 1272 391 1341 justificationes
415 1270 608 1327 custodiendas
628 1273 699 1326 vitae
719 1286 785 1326 suae
807 1286 918 1326 cursum
938 1273 1077 1340 dirigeret,
1098 1279 1125 1326 et
1143 1278 1198 1327 toto
1210 1274 1311 1327 mentis

10 1372 56 1423 0
81 1373 222 1428 molimine
233 1384 325 1426 secum
336 1372 467 1440 sagaciter
478 1373 598 1425 volveret
610 1385 730 1438 quonam
744 1372 825 1426 modo
838 1372 872 1426 ad
887 1373 1031 1425 bominum
1045 1373 1205 1426 familiarius
1216 1385 1308 1439 perve·
1348 1414 1356 1421 .

81 1474 140 1527 nire
151 1478 252 1539 posset,
265 1472 333 1525 illud
345 1472 481 1525 verissimi
494 1473 639 1526 monitoris
651 1472 851 1540 longissimique
863 1473 1079 1525 remuneratoris
1092 1473 1185 1527 animo
1197 1471 1308 1525 tandem

79 1573 130 1625 sibi
142 1572 247 1639 incidit,
257 1585 312 1639 quo
324 1573 495 1639 cupientium
507 1574 613 1626 animos
626 1572 703 1639 sequi
718 1586 748 1625 se
760 1578 786 1627 et
804 1573 932 1625 audiendi
953 1586 1034 1625 aures
1053 1573 1211 1626 habentium
1224 1572 1306 1626 infor·

80 1675 180 1740 mahat,
193 1674 232 1726 sic
244 1668 374 1740 inquietis
394 1671 424 1724 in
445 1673 586 1741 evangelio
600 1688 608 1724 ε
624 1672 683 1732 Qui
702 1673 770 1725 orttt
790 1672 897 1725 venire
908 1674 981 1739 post
994 1684 1050 1740 me,
1064 1671 1190 1738 abateqet
1202 1674 1305 1725 semet-

80 1773 183 1841 ipsum
191 1774 221 1826 et
233 1772 324 1826 tollat
343 1783 467 1825 crucem
487 1784 580 1825 suam
596 1774 626 1824 et
640 1773 792 1838 sequatur
808 1783 875 1836 me‚·
893 1776 937 1824 et:
960 1770 1065 1824 Ouinia
1075 1771 1131 1837 qui
1142 1770 1307 1837 reliquerit

10 1869 49 1921 Β
77 1872 202 1928 mnium
214 1874 271 1924 aut
281 1870 402 1940 fratres
413 1873 471 1924 aut
482 1883 605 1924 sorores
616 1873 674 1924 cut
680 1873 808 1938 putrem
820 1872 878 1923 aut
889 1873 1022 1923 matrem
1034 1872 1092 1923 aut
1103 1883 1236 1923 timorem
1248 1872 1305 1924 aut

79 1972 162 2040 filios
173 1974 231 2026 aut
241 1983 334 2038 agros
340 1973 472 2038 propter
482 1983 594 2023 nomen
604 1983 716 2036 meum,
729 1971 910 2037 centuplum
920 1969 1051 2036 accipiet
1062 1972 1092 2022 et
1102 1970 1200 2022 vitam
1208 1971 1306 2024 oeter-

78 2083 152 2125 nam
157 2068 340 2138 possidebit.
353 2070 400 2122 ilis
411 2082 476 2137 ergo
489 2069 666 2122 sanctissimis
675 2074 757 2136 atque
766 2068 827 2120 aliis
839 2069 1083 2122 ammonitionibus
1094 2074 1204 2123 sanctus
1213 2082 1307 2122 sacrae

76 2172 144 2241 legis
155 2172 245 2226 cultor
260 2174 389 2225 Ronanus
408 2176 499 2224 mente
520 2170 691 2235 sollicitatus,
713 2169 848 2223 Christum
871 2170 947 2236 sequi
972 2169 1145 2223 desiderabat
1165 2171 1305 2235 attentius,

77 2271 164 2338 patria
182 2283 267 2336 reque
288 2274 400 2336 patema
421 2269 529 2322 omissis
550 2273 576 2321 et
596 2267 691 2320 amicis
713 2268 850 2321 omnibus.
873 2268 923 2331 Qui
944 2267 1056 2320 tandem
1077 2268 1147 2321 velle
1166 2268 1308 2336 complens

10 2360 44 2413 ⁰
75 2382 167 2436 opere,
188 2367 342 2422 secundum
365 2368 488 2420 Abrahae
500 2367 592 2429 ritum,
606 2367 649 2419 cui
663 2378 678 2418 a
693 2367 807 2420 bomino
819 2365 923 2419 dictum
942 2371 1002 2419 est:
1016 2367 1078 2419 Eri
1095 2367 1133 2420 de
1151 2369 1239 2420 terra
1252 2370 1307 2421 tua

73 2471 103 2523 et
114 2468 154 2523 de
164 2467 347 2536 cognatione
359 2469 426 2535 tua,
439 2467 478 2519 sic
498 2471 527 2519 et
542 2465 588 2520 ille
606 2471 707 2524 terram
728 2470 754 2519 et
771 2466 960 2534 cognationem
978 2479 1055 2520 suam
1068 2466 1238 2534 relinquens,
1252 2474 1307 2521 eta

74 2568 191 2623 homino
203 2567 255 2620 sibi
266 2567 379 2620 dimissa
400 2564 551 2627 confidens,
573 2577 677 2618 oceano
698 2565 871 2618 transfretato
890 2566 918 2617 in
931 2565 1066 2618 minorem
1078 2563 1184 2618 delatus
1197 2571 1237 2619 est
1249 2568 1306 2619 ilri-

74 2667 209 2731 tanuiam,
222 2671 249 2719 et
260 2665 404 2733 applicitus
415 2665 470 2717 oris
481 2665 678 2728 teanensibus,
693 2665 784 2717 navim
796 2663 936 2717 dimittens
945 2665 974 2717 in
987 2664 1076 2729 litore,
1088 2665 1192 2718 aridam
1203 2666 1305 2733 ingres·

72 2779 123 2820 sus
143 2769 195 2831 est,
209 2765 256 2817 bei
268 2764 463 2830 omnipotentis
480 2764 565 2816 fretus
574 2764 725 2830 juvamine,
739 2764 785 2829 qui
799 2763 871 2816 inter
882 2777 986 2830 perque
997 2768 1037 2817 tot
1048 2763 1195 2832 naufragos
1208 2765 1305 2819 fluctus

10 2850 50 2911 Β
72 2877 240 2933 prosperum
258 2864 395 2931 navigium
415 2864 467 2917 sibi
486 2869 658 2916 concesserat
678 2866 705 2915 et
722 2875 738 2915 a
755 2863 849 2915 mundi
872 2862 1017 2916 incentivis
1033 2863 1171 2917 illecebris
1193 2866 1304 2930 penitus

69 2968 303 3033 sequestraverat,
317 2962 409 3015 multis
428 2962 456 3014 in
477 2960 566 3015 lucem
588 2962 696 3014 futurus
709 2968 736 3013 et
748 2959 781 3014 ad
792 2964 877 3014 beum
889 2962 1021 3028 plurimos
1033 2962 1062 3015 in
1074 2962 1146 3015 viam
1157 2964 1232 3029 pacis
1245 2964 1305 3017 sine

69 3064 182 3120 offensa
192 3064 357 3119 directurus.
370 3067 473 3117 ltoram
485 3069 576 3116 autem
590 3064 706 3116 faciente
718 3062 777 3116 viro
790 3064 873 3116 [teiln
884 3064 1022 3130 praedicto
1035 3064 1152 3125 climate,
1166 3065 1306 3119 miraculis

68 3164 180 3220 crebris
191 3164 294 3231 populo
306 3164 395 3230 coepit
416 3162 599 3228 innotescere,
622 3176 692 3229 quae
712 3177 760 3228 per
780 3177 842 3215 eum
867 3164 998 3216 Dominus
1011 3164 1176 3229 operabatur
1187 3165 1305 3219 assidue.

68 3265 169 3319 faecis
179 3264 254 3318 enim
267 3262 370 3317 orando
383 3264 470 3316 visum
479 3263 647 3326 restituebat,
660 3262 863 3330 aegrotantibus
872 3262 1017 3316 sanitatem
1029 3263 1064 3315 ab
1076 3264 1189 3329 antiquo
1199 3264 1305 3317 dierum

10 3348 49 3407 ω
70 3363 249 3431 impetrabat,
260 3361 408 3416 daemones
419 3375 452 3415 ex
464 3362 582 3415 obsessis
594 3362 755 3428 corporibus
767 3375 816 3427 per
827 3363 916 3415 crucis
931 3363 1090 3427 trophaeum
1104 3363 1132 3415 in
1145 3363 1269 3417 oratione
1278 3369 1306 3417 et

66 3463 180 3531 jejunio
192 3461 288 3515 creber
308 3461 432 3515 eiciebat.
452 3460 528 3516 Unde
550 3460 691 3514 hominum
716 3460 845 3526 frequens
867 3460 1013 3514 multitudo
1026 3461 1123 3515 cotidie
1135 3463 1260 3515 veniebat
1271 3463 1306 3516 ad

70 3578 151 3629 eum,
171 3563 202 3615 in
210 3561 341 3630 angustiis
353 3562 532 3627 deprecatura
542 3560 694 3613 subsidium
706 3574 713 3612 :
725 3561 772 3626 qui
791 3560 885 3613 salutis
897 3566 1006 3628 optatae
1015 3561 1159 3627 adeptione
1173 3562 1261 3628 potiti,
1277 3564 1306 3616 in

72 3675 123 3717 sua
134 3675 200 3716 eum
210 3660 309 3731 gaudio
322 3661 456 3714 redibant.
471 3661 596 3714 sentiens
605 3665 697 3713 autem
715 3674 795 3713 verus
807 3660 912 3713 deicola
924 3663 1055 3714 Ronanus
1067 3663 1118 3726 [se]
1132 3663 1200 3715 inibi
1212 3676 1306 3716 secun·
1380 3641 1383 3649 ¹

72 3762 141 3817 dum
159 3760 276 3828 apostoli
298 3766 471 3828 praeceptum
492 3761 608 3814 orationi
628 3760 687 3812 sine
709 3760 912 3813 intermissione
931 3774 987 3813 nou
1009 3774 1088 3828 posse
1109 3774 1220 3827 operam
1240 3763 1305 3815 dare

15 3844 65 3911 RB
76 3867 190 3931 propter
201 3861 344 3915 bominum
356 3858 560 3913 multitudinem
573 3858 608 3913 ad
622 3873 650 3912 se
662 3860 844 3925 venientium,
858 3865 946 3914 ratum
960 3866 1051 3914 mente
1063 3861 1140 3914 duxit
1158 3862 1314 3916 remotiora-

74 3962 159 4017 rremi
176 3960 237 4015 loca
257 3963 412 4026 penetrare,
441 3966 472 4011 ut
493 3959 593 4012 ibidem
616 3959 841 4025 contemplativae
871 3961 941 4013 vitae
967 3960 1054 4014 officia
1075 3960 1187 4013 liberius
1214 3967 1306 4027 posset

74 4061 264 4117 indesinenter
276 4060 396 4113 actitare.
407 4061 483 4111 Tunc
495 4059 593 4126 angelo
606 4060 652 4112 bei
673 4059 746 4112 bono
768 4071 861 4112 secum
879 4061 1027 4112 comitante
1045 4065 1126 4126 atque
1139 4060 1163 4112 ei
1176 4060 1305 4113 ducatum

73 4162 234 4231 praebente,
247 4159 322 4224 venit
335 4159 363 4211 in
376 4158 541 4212 cornubiam
554 4156 677 4225 adusque
685 4171 809 4226 magnam
822 4159 918 4211 silvam
929 4158 1061 4213 vocabulo
1070 4161 1207 4213 Nemeam.
1221 4162 1306 4222 Quam

68 4265 145 4332 juxta
157 4259 256 4313 silvam
269 4263 328 4311 erat
339 4256 451 4323 quidam
464 4257 506 4309 vir
517 4259 701 4322 venerandus,
720 4256 782 4310 titlei
804 4257 968 4310 christianae
989 4258 1077 4311 cultor
1094 4259 1305 4324 specialissimus

24 4368 56 4423 tt
67 4374 138 4432 prae
155 4358 288 4414 omnibus
300 4357 366 4409 inibi
388 4357 635 4410 commanentibus.
659 4358 697 4410 td
719 4357 798 4424 cujus
809 4357 922 4410 domum
935 4371 997 4410 cum
1011 4359 1052 4410 tir
1064 4363 1175 4412 sauctus
1186 4360 1304 4413 venisset
