3136 5482
275 351 367 401 amu.
387 349 470 400 rtur.
489 349 607 399 rann.
624 367 670 378 -
686 347 840 398 urrann.
860 348 907 398 so
924 347 1002 398 con.
1020 343 1097 398 onst.
1237 334 1304 399 507

72 523 178 576 desem
189 532 239 574 me
250 523 280 574 et
295 520 362 574 noti
372 531 478 573 moras
490 517 605 586 facere.
624 521 700 571 Tunc
718 518 830 571 zabulus
848 531 958 572 raucam
978 531 1073 573 vocem
1096 520 1233 587 emittens,
1246 522 1303 573 ait:

74 619 155 680 Quid
179 619 236 672 tibi
254 618 391 687 Nicoiae,
404 617 490 685 fecit
512 616 592 677 onia
612 616 671 670 tibi
689 615 799 685 faciei
816 616 865 670 Vel
882 629 1000 684 param
1019 618 1128 671 saltem
1141 620 1241 672 tecum
1258 631 1307 671 me
1372 643 1376 650 ·

71 719 232 786 quiescere
238 719 398 786 permitte,
412 720 447 771 nt
461 717 618 770 instruam
629 719 660 770 et
672 716 797 770 doceam
809 719 848 769 te.
862 717 964 769 Servus
977 720 1069 770 autem
1081 718 1187 770 bomini
1205 718 1305 786 iterum

72 818 225 884 increpavit
244 817 322 871 illum
333 822 363 870 nt
375 815 472 871 exiret.
494 819 571 870 Tunc
592 816 728 882 malignus
748 816 871 869 clamans
883 816 948 868 exiit
960 822 987 869 et
1008 817 1075 869 dixit
1088 830 1095 867 ε
1109 817 1151 869 ist
1163 816 1235 870 binc
1246 829 1304 880 me.

35 920 56 973 n
71 916 212 985 Nicotne,
225 916 366 984 capellis.
379 915 449 969 Non
458 918 561 970 tamen
573 915 695 982 tonpins
707 927 728 968 a
742 916 772 968 te
781 915 931 969 recedam.
945 916 978 968 lit
987 915 1121 982 disparuit
1133 900 1227 970 coram
1236 916 1305 972 iacie

71 1029 124 1070 sua
137 1017 255 1069 daemon
274 1015 303 1067 in
315 1015 361 1068 illa
373 1015 450 1068 bora.

104 1115 156 1168 18.
170 1118 229 1168 iton
249 1114 335 1168 multo
357 1117 417 1180 post
435 1113 546 1166 intravit
566 1113 624 1178 ipse
644 1112 771 1167 diabolus
787 1113 817 1165 in
835 1113 983 1179 coquinam
1005 1118 1033 1167 et
1057 1113 1162 1167 invenit
1174 1129 1260 1168 unum
1273 1129 1306 1170 ex

71 1216 208 1269 ministris
219 1216 305 1268 sancti
317 1215 418 1269 Nicolai
430 1215 593 1282 obsequium
606 1219 791 1281 praestantem
804 1214 836 1267 ad
851 1227 882 1268 ea
895 1228 966 1281 quae
978 1215 1135 1268 neccssaria
1153 1221 1241 1269 erant.
1255 1218 1305 1281 Qui

71 1316 166 1369 statim
178 1316 311 1369 introiens
323 1316 352 1367 in
362 1328 434 1383 eum,
451 1315 542 1381 coepit
553 1327 616 1367 eum
629 1315 748 1382 graviter
764 1326 873 1367 vexare.
894 1316 970 1379 Quod
987 1327 1050 1367 cum
1068 1314 1179 1369 Nicolao
1197 1316 1306 1369 nuntia·

10 1417 54 1471 1⁰
71 1421 132 1469 turn
146 1415 252 1474 luisset,
266 1415 346 1467 citius
357 1413 463 1468 orando
475 1414 606 1478 cucurrit,
624 1415 736 1480 jamque
754 1413 947 1466 vociferantem
965 1419 1047 1481 atquc
1058 1414 1190 1468 instinctu
1202 1414 1305 1469 diaboii

69 1520 100 1569 et
111 1529 128 1569 a
138 1513 351 1582 cogitationibus
363 1514 598 1579 blasphemantem
612 1519 638 1566 et
653 1512 743 1565 aliena
755 1513 840 1566 multa
852 1513 1011 1580 loquentem
1023 1514 1136 1566 invenit.
1151 1516 1236 1579 Quem
1248 1527 1305 1568 cer·

69 1628 154 1679 nens,
168 1618 292 1668 coartare
304 1615 394 1680 coepit
407 1620 437 1666 ut
454 1615 539 1666 exiret
554 1620 582 1667 et
599 1615 634 1666 ab
654 1614 695 1665 bis
716 1613 894 1679 blaspbemiis
912 1613 1022 1666 tandem
1034 1615 1216 1681 resipisceret.
1229 1617 1305 1669 Tunc

68 1713 192 1781 amplius
203 1712 387 1766 inflammatus
400 1712 423 1764 is
435 1726 518 1780 quem
539 1712 664 1765 diabolus
673 1712 839 1778 possidebat,
858 1712 921 1765 talia
935 1713 1044 1766 Nicolao
1057 1712 1184 1766 dicebat:
1197 1713 1305 1768 Natta·

70 1815 163 1867 tenus
175 1813 281 1866 vestra
293 1823 372 1877 anae
384 1810 503 1864 bebetis
514 1811 669 1864 consentio
681 1811 801 1877 snaoia,
815 1813 849 1862 ut
862 1824 916 1877 epo
929 1810 1048 1865 labores
1060 1814 1089 1864 et
1101 1811 1305 1879 fatipationes

10 1912 53 1967 {tt
62 1911 241 1980 perpetiar.
256 1912 300 1962 Vir
312 1916 404 1963 autem
417 1910 533 1978 bomini,
547 1922 715 1978 cognoscens
725 1909 798 1976 quod
810 1910 946 1963 diabolico
959 1923 1006 1964 ore
1023 1911 1192 1977 loqueretur,
1210 1919 1306 1976 appro-

71 2010 155 2078 pians
167 2016 195 2063 et
206 2022 304 2063 manus
316 2009 389 2062 illius
403 2016 509 2071 tenens,
531 2010 568 2061 ita
591 2010 628 2062 ait
642 2025 648 2062 :
669 2009 765 2076 Sipna
777 2013 807 2061 tc
817 2009 904 2076 sipno
917 2010 1029 2076 erneis,
1042 2008 1155 2076 frater.
1168 2011 1227 2063 ilos
1238 2022 1304 2075 vcro

69 2117 104 2164 ut
116 2123 148 2163 sc
159 2110 286 2178 signavit,
299 2111 389 2162 statim
399 2110 434 2163 ab
445 2123 479 2164 eo
491 2110 574 2162 exivit
583 2109 710 2163 diabolus
720 2115 792 2163 totus
802 2115 915 2163 exustus
925 2118 1007 2177 atque
1020 2111 1130 2179 ignitus,
1143 2111 1306 2177 cunctisque

70 2210 232 2263 videntibus
244 2222 294 2276 per
305 2209 439 2276 coquinae
448 2209 561 2275 januam
572 2209 675 2274 ciricus,
690 2210 839 2276 bejulando
852 2209 987 2263 clamabat
1000 2224 1007 2262 :
1030 2211 1097 2276 vae,
1115 2209 1301 2277 vnc,‹1niaa

70 2307 205 2364 Nicolao
233 2311 400 2375 superatas
420 2321 498 2376 sam,
520 2320 576 2362 nec
595 2320 741 2375 nmquam
755 2308 914 2376 permittit
926 2321 974 2362 me
985 2310 1113 2377 operari
1132 2310 1306 2363 voluntates

10 2410 56 2465 {a
71 2422 171 2463 meas.
192 2409 320 2462 Famulus
340 2412 432 2461 antem
454 2408 560 2461 bomini
582 2409 697 2476 signavit
717 2422 747 2461 se
767 2415 795 2461 et
815 2410 977 2462 confortavit
997 2410 1095 2463 iratres
1107 2414 1138 2462 ut
1150 2407 1264 2462 viriliter
1276 2410 1305 2462 in

73 2508 183 2563 Domini
195 2508 372 2574 persisterent
392 2506 528 2560 mandatis
553 2512 579 2561 et
591 2509 650 2573 ejus
667 2507 830 2561 oboedirent
851 2509 1004 2574 praeceptis
1024 2515 1051 2561 et
1068 2508 1239 2562 nullomodo
1253 2508 1305 2561 ior·

72 2608 212 2662 midarent
223 2607 325 2661 diaboli
336 2607 480 2661 versutias.
493 2606 649 2660 irradiatus
661 2612 753 2661 autem
766 2609 900 2669 minister,
915 2621 981 2661 sana
994 2612 1085 2661 mente
1098 2621 1220 2676 sanoque
1232 2608 1304 2661 arbi·

72 2709 126 2761 trio
140 2707 174 2760 ad
187 2720 217 2760 se
230 2719 365 2769 reversus,
380 2706 497 2774 pedibus
506 2707 592 2759 sancti
605 2706 706 2760 Nicolai
717 2707 875 2773 provolutus
886 2720 980 2774 puram
991 2707 1192 2761 confessionem
1203 2707 1267 2776 egit,
1277 2712 1305 2760 et

72 2805 192 2861 ulterius
205 2807 309 2860 ineunt
322 2806 446 2860 diabolus
458 2819 515 2860 nou
528 2806 687 2872 praevaluit.

10 2902 57 2960 Β
107 2907 159 2960 14.
173 2904 280 2958 Fratres
292 2906 435 2970 carissimi,
447 2905 537 2959 adbuc
556 2905 618 2959 volo
631 2910 658 2958 ct
669 2905 744 2959 aliud
766 2906 928 2959 miraculum
940 2907 975 2960 ad
988 2905 1208 2960 aedificationem
1224 2919 1304 2960 cnar-

72 3018 145 3058 rare.
164 3003 285 3068 Quadam
306 3018 371 3058 vero
389 3005 434 3059 die
453 3004 572 3058 artifices
592 3005 736 3072 ignorante
757 3011 851 3059 sancto
873 3007 930 3059 viro
952 3007 985 3059 ad
1006 3005 1177 3073 operandum
1202 3007 1231 3058 in
1244 3007 1304 3059 loco

71 3104 186 3157 oratorii
198 3105 240 3158 sui
261 3109 405 3159 venerunt.
419 3108 491 3171 Quos
503 3119 566 3158 cum
587 3104 708 3170 vidisset,
721 3106 829 3173 gavisus
843 3111 893 3173 est,
905 3113 934 3159 et
955 3107 1065 3159 intravit
1076 3107 1109 3159 ad
1131 3105 1305 3159 cellerarium

71 3216 164 3267 snum,
185 3203 281 3256 dicens
302 3203 335 3257 ad
357 3204 544 3258 illumzlicce
564 3203 830 3271 adoperandum,
849 3205 962 3273 frater,
984 3205 1123 3274 artifices
1143 3200 1304 3259 venermm

75 3305 154 3365 Qrtot
160 3317 262 3372 panes
274 3305 317 3359 aet
336 3305 542 3373 reficiendam
554 3303 700 3358 babemus
712 3305 726 3357 t
738 3280 787 3368 Qui
806 3305 891 3356 tristis
904 3306 993 3358 statim
1012 3305 1155 3371 respondit
1168 3321 1175 3356 z
1194 3306 1303 3372 Antea,

10 3396 55 3455 ⁵0
65 3406 173 3473 pater,
184 3405 224 3458 cte
240 3405 396 3472 operariis
408 3404 492 3458 nibil
511 3404 635 3457 dimisti.
652 3403 732 3463 Quid
743 3417 817 3471 erpo
837 3404 944 3472 facere
956 3402 1081 3457 debeam
1101 3403 1214 3472 nescio,
1228 3404 1306 3471 qnia

64 3504 198 3572 praeter
208 3517 308 3557 anam
314 3516 432 3571 panem
443 3505 572 3557 nattam
585 3502 690 3557 babeo.
702 3506 747 3557 vir
758 3510 849 3559 autem
864 3506 969 3559 bomini
979 3518 1078 3558 sereno
1088 3505 1166 3557 vultu
1176 3509 1203 3557 et
1213 3509 1306 3557 mente

70 3605 219 3673 tranquilla
232 3606 269 3657 ait
281 3604 315 3657 ad
327 3618 391 3657 eum
406 3620 413 3656 ε
428 3604 503 3658 Noli
514 3604 708 3671 contristari,
719 3604 832 3673 frater,
843 3605 897 3658 sed
909 3604 987 3671 offer
1000 3604 1170 3658 innomine
1182 3603 1307 3658 Domini

70 3703 302 3771 ipsampanem
314 3704 343 3756 ct
357 3714 563 3770 apponamus,
582 3704 618 3754 at
631 3702 809 3757 laborantes
829 3703 1026 3772 reficiantur.
1040 3707 1097 3767 Quo
1110 3703 1210 3768 oblato,
1223 3716 1305 3756 orans

69 3801 213 3856 benedixit
227 3815 259 3855 ao
271 3802 350 3869 fregit
361 3806 389 3855 et
399 3802 587 3854 laborantibus
600 3802 704 3854 tribuit.
719 3805 767 3865 Qui
781 3802 958 3856 comedentes
970 3802 1083 3856 saturati
1097 3809 1172 3869 sunt,
1187 3816 1305 3856 numero

10 3888 53 3949 Β
71 3901 178 3955 scilieet
197 3903 335 3970 octoginta
347 3901 407 3954 viri.
421 3904 497 3954 Tunc
517 3901 643 3954 videntes
661 3916 690 3955 se
710 3915 766 3955 uno
788 3916 858 3968 pane
880 3915 941 3954 csse
961 3902 1090 3968 repletos,
1104 3914 1202 3955 omnes
1222 3902 1305 3977 simul

67 4000 173 4069 gratias
184 4000 320 4054 dederunt
332 4004 386 4055 lieo
399 4007 426 4054 et
438 4005 532 4053 sancto
546 4001 667 4055 Nicolao.

102 4100 155 4153 15.
170 4103 237 4154 Cum
249 4099 360 4153 sederet
371 4102 468 4154 beatus
480 4100 606 4154 Nicotaus
618 4106 681 4154 ante
694 4101 839 4153 ecclesiam
860 4100 1074 4154 brnivendcnsis
1096 4101 1208 4165 castelli,
1223 4113 1305 4167 popu-

65 4199 125 4253 lum
137 4210 302 4252 ammonens
312 4205 394 4266 atque
405 4199 517 4264 deceno,
529 4199 605 4252 febre
616 4198 728 4265 quidam
738 4204 882 4264 correptus
894 4204 921 4250 ot
931 4197 1048 4264 pedibus
1057 4198 1117 4264 eius
1127 4196 1299 4263 provolutus,

64 4297 253 4353 condiebatur
273 4297 393 4350 clamans
414 4303 441 4350 et
461 4296 555 4350 dicens
570 4297 739 4351 :Miserere
756 4295 964 4364 niatronae
981 4297 1045 4361 Det,
1058 4298 1088 4349 et
1105 4295 1173 4350 noti
1189 4297 1299 4350 contra

10 4376 45 4441 ¹⁰
60 4410 173 4453 meam
184 4395 441 4451 increduiitatem
452 4409 554 4464 apere,
565 4399 600 4449 at
607 4409 739 4464 percant
750 4396 785 4447 in
796 4394 1084 4449 cortturbationibas
1097 4408 1177 4461 quas
1184 4395 1303 4461 patior.

56 4495 765 4563 ambatmimpanctimimepater,miracuta
774 4508 855 4561 qaae
864 4494 946 4561 facis
960 4496 990 4547 et
1001 4494 1201 4548 sanctitatem
1215 4496 1303 4547 taam

52 4612 78 4654 a
83 4594 268 4667 pluriam
279 4596 309 4647 et
320 4594 396 4662 qaia
414 4594 447 4647 id
459 4594 658 4649 merebantur
665 4596 797 4661 peccata
810 4607 889 4661 inea,
902 4592 1072 4647 inauratas
1080 4606 1120 4647 ne
1131 4593 1299 4660 crederem,
