3136 5482
351 352 446 404 aren.
464 353 549 406 aar.
567 354 684 406 rame.
703 376 749 387 —
764 356 916 408 memo.
935 356 984 407 nn
1000 355 1077 406 eoo.
1100 351 1176 405 seso.
1305 335 1373 401 535

139 525 251 575 secreto
262 534 313 576 nos
334 520 470 576 advocans
490 524 547 576 ait:
561 525 689 580 Fratres
709 526 773 579 mci
790 526 959 594 carissimi,
981 525 1054 578 nolo
1073 536 1125 576 vos
1142 523 1289 590 ignorare
1299 521 1373 588 guia

137 619 294 673 Dominus
313 633 401 675 meus
412 622 502 676 lesus
523 622 662 677 Christus
679 626 768 680 vocat
784 637 841 678 me.
854 624 1089 689 Sustioeteergo
1100 635 1149 674 me
1160 623 1210 674 oct
1220 621 1262 672 od
1279 618 1375 673 modi·

137 729 214 772 eum
226 720 348 785 tempus
359 721 509 786 usquead
521 722 622 776 locum
633 723 780 790 sepulcri.
797 723 962 777 calvariae
975 723 1060 775 locus
1069 723 1113 774 est
1123 719 1373 786 dominicaepas·

138 816 243 871 monis
254 823 451 874 sacramento
465 820 684 875 celeberrimus
697 841 706 877 :
718 822 761 876 iot
777 822 871 877 reddo
892 820 1036 876 creatori
1046 821 1187 874 enimam
1196 831 1305 872 mecm
1318 817 1375 870 Sed

138 928 205 979 voe,
229 917 335 985 filioli,
355 917 508 973 tornandi
528 921 667 988 cooperis
680 922 916 990 officiumpctrt
933 923 1043 987 oestro,
1057 919 1188 986 obsecro,
1202 917 1373 985 depeadite.

137 1015 260 1070 &mus
271 1028 343 1084 erpo
354 1017 444 1086 illoc,
457 1018 532 1086 quio
544 1019 588 1073 ibi
600 1021 793 1087 estecclesio,
806 1033 900 1088 quam
909 1019 1012 1087 frater
1020 1018 1176 1074 lebannes
1185 1015 1374 1084 aedificavit,

138 1112 177 1167 iat
189 1125 254 1181 quo
264 1118 295 1169 et
309 1113 390 1168 mibi
400 1117 537 1170 loculum
548 1117 591 1171 ad
604 1118 815 1186 sepetiendum
827 1120 963 1187 depetra
975 1117 1103 1172 cecidit.

175 1213 480 1281 ae.ldquemlocu1n
500 1229 562 1270 mox
582 1223 621 1271 ut·
632 1219 768 1286 venimus,
787 1218 918 1271 dominici
937 1218 1059 1284 corporis
1077 1222 1103 1270 et
1116 1215 1256 1284 sanguinis
1268 1220 1376 1280 sumpto

139 1312 254 1379 viatico,
267 1315 397 1380 expandit
408 1328 506 1369 manus
518 1330 582 1371 suas
595 1318 623 1370 in
635 1317 752 1383 caelum,
766 1323 793 1372 et
806 1319 842 1371 ait
855 1334 862 1370 z
876 1318 915 1371 lat
927 1331 1040 1371 monus
1054 1319 1135 1382 tuos,
1149 1314 1286 1381 Dotttirtc,
1299 1327 1376 1368 cotn-

139 1413 257 1468 mendo
276 1414 424 1482 spiritum
442 1428 554 1470 meum.
578 1419 652 1470 llanc
675 1431 770 1471 vocem
789 1423 882 1471 secuta
904 1423 944 1470 est
961 1421 1035 1470 tanta
1048 1416 1159 1469 luminis
1171 1414 1333 1477 coruscatio,
1346 1417 1377 1465 ut

142 1511 278 1566 cadentes
292 1513 442 1579 interram,
461 1515 532 1569 inira
545 1515 662 1569 duarum
681 1517 811 1570 horarum
823 1516 941 1583 spatium
958 1528 1024 1582 prae
1038 1513 1137 1567 timore
1150 1514 1223 1568 velut
1236 1513 1377 1567 exanimes

138 1612 309 1679 jaceremus.
322 1614 390 1666 ilinc
403 1615 537 1684 erigentes
550 1616 668 1670 vidimus
680 1621 805 1671 sanctum
817 1617 923 1671 bomini
942 1615 1029 1669 oculis
1047 1628 1079 1668 ac
1091 1614 1219 1666 manibus
1231 1614 1260 1665 in
1272 1612 1378 1666 caelum

143 1712 261 1764 intentis
272 1711 308 1765 de
328 1714 466 1781 ergastulo
479 1716 570 1769 carnis
590 1716 756 1784 emigrasse;
770 1718 849 1783 cujus
865 1717 966 1769 exitum
979 1715 1026 1768 illa
1038 1715 1170 1767 nimirum
1183 1713 1211 1765 in
1224 1713 1310 1765 altum
1323 1716 1381 1765 ten·
1451 1740 1456 1749 -

142 1809 216 1866 dens
236 1812 305 1865 lucis
325 1815 477 1868 coruscatio
498 1816 569 1869 bene
588 1817 720 1882 praeibat,
741 1822 772 1869 ut
788 1816 886 1870 sobriis
904 1815 1042 1869 mentibus
1061 1814 1172 1867 daretur
1190 1811 1303 1880 intelligi
1316 1811 1380 1879 quia

142 1923 230 1965 verus
241 1911 365 1964 israelita
389 1913 423 1966 ab
443 1915 554 1982 Aegypti
575 1916 714 1969 aerumnis
730 1914 764 1969 ad
786 1927 923 1981 supernae
940 1913 1093 1967 ierusalem
1106 1910 1268 1978 promissam
1280 1912 1380 1963 sanctis

142 2010 312 2077 properabat
332 2011 522 2078 hereditatem,
536 2014 583 2067 ubi
606 2014 675 2068 lucis
696 2019 724 2067 et
743 2015 843 2082 quictis
864 2018 993 2066 aeternae
1012 2011 1182 2065 beatitudine
1205 2011 1381 2064 aeternaliter

141 2107 295 2162 frueretur.

179 2204 237 2261 20.
250 2211 304 2262 ilos
327 2209 400 2263 diem
423 2211 500 2265 illurn
523 2213 595 2266 inter
615 2226 691 2280 spem
713 2219 740 2266 et
760 2212 884 2267 dolorem
906 2209 1089 2278 transegimus
1104 2225 1110 2262 :
1124 2222 1210 2275 spem,
1234 2208 1297 2275 quia
1309 2206 1382 2275 apud

142 2312 293 2360 aeternum
302 2308 425 2375 iudicem
437 2311 636 2376 praemittimus
653 2311 812 2365 advocatum
824 2330 832 2378 3
844 2310 978 2375 dolorem,
994 2309 1058 2376 quia
1071 2308 1204 2362 carissimi
1217 2307 1303 2374 patris
1314 2308 1382 2360 sola·

145 2406 186 2460 tio
199 2405 384 2462 destituimur.
406 2411 526 2476 sumptis
546 2415 636 2464 tamen
657 2423 734 2463 sacro
756 2411 841 2476 ipsius
860 2410 895 2464 de
916 2421 1031 2475 corpore
1052 2408 1185 2475 reliquiis,
1204 2405 1382 2473 sepelivimus

145 2518 225 2569 eum,
244 2508 396 2561 secundum
408 2507 482 2575 quod
499 2509 592 2562 vivens
613 2508 702 2562 adbuc
721 2510 882 2576 instituerat,
906 2509 934 2560 in
946 2507 1006 2561 loco
1018 2512 1167 2559 memorato
1179 2505 1377 2559 tertiodecimo

145 2604 315 2670 septembris
335 2607 438 2659 mensis
458 2606 514 2673 die,
536 2611 666 2675 regnante
687 2608 800 2661 Domino
823 2613 850 2659 et
861 2607 998 2659 salvatore
1017 2608 1111 2657 nostro
1123 2607 1187 2656 iesu
1199 2604 1317 2666 (ibristo,
1330 2602 1377 2669 qui

146 2716 214 2756 cum
226 2706 305 2757 Patre
316 2709 344 2758 et
363 2706 465 2772 Spiritu
477 2710 571 2760 sancto
590 2707 655 2760 vivit
671 2712 698 2760 et
710 2712 806 2774 regnat
819 2708 890 2759 licus
902 2719 951 2772 per
972 2704 1064 2757 omnia
1076 2703 1184 2756 saecula
1196 2703 1379 2757 saeculorum.

144 2803 248 2857 emen.

147 2997 403 3071 musicales
416 3000 534 3061 sancti
548 2999 762 3060 manerii
775 2998 933 3071 abbatie,
950 3012 1044 3070 quae
1058 2999 1114 3058 est
1129 2995 1237 3058 tertio
1252 2994 1385 3056 decimo

523 3099 738 3173 septembris
754 3097 889 3160 mensis
903 3097 970 3158 die.

343 3315 515 3365 ursacuns
531 3315 561 3365 s.
580 3314 712 3363 mcoum
729 3293 810 3378 (Cir.
830 3313 939 3380 supra,
959 3313 992 3379 p.
1019 3293 1100 3373 524,
1123 3289 1204 3381 11⁰).

180 3502 233 3574 [1.]
243 3504 333 3557 scum
345 3515 426 3567 unus,
440 3500 487 3567 qui
500 3501 588 3554 iuerat
600 3500 628 3551 in
641 3498 825 3565 transalpinae
837 3497 938 3550 Galliae
951 3495 1072 3562 partibus
1081 3495 1224 3561 oriundus,
1238 3508 1286 3561 per
1299 3496 1384 3549 molta

146 3580 280 3671 tempora
292 3602 392 3654 mansit
403 3599 475 3667 apud
492 3599 644 3652 cuminam
665 3598 800 3651 civitatem
820 3595 954 3649 infirmus.
973 3598 1036 3648 Erat
1048 3594 1121 3648 enim
1134 3599 1246 3647 curvato
1258 3607 1382 3661 corpore,

145 3706 222 3760 adeo
234 3708 267 3757 ut
279 3706 387 3756 erectus
408 3700 537 3754 incedere
557 3712 613 3753 non
632 3698 743 3761 valeret,
762 3696 810 3749 sed
823 3697 921 3764 ligneis
933 3694 1076 3762 apodiatus
1089 3694 1246 3747 scabellulis
1258 3695 1384 3747 manibus

145 3803 307 3874 etpedibus
320 3801 464 3855 ambulans
477 3800 635 3855 movebatur
645 3817 652 3866 ;
663 3800 707 3852 cui
719 3801 783 3863 beo,
794 3797 917 3864 ejusdem
930 3795 1045 3849 civitatis
1055 3793 1327 3862 archiepiscopus,de
1337 3808 1386 3847 suo

145 3915 227 3970 penu
239 3901 340 3955 victum
354 3912 463 3967 nmque
475 3898 520 3952 die
531 3911 614 3951 eausa
626 3896 799 3964 elemosynae
811 3895 893 3947 tribui
904 3895 1032 3961 jusserat.
1045 3894 1102 3956 Quo
1116 3893 1258 3959 ignorante
1276 3897 1388 3945 venerat

144 4001 228 4056 idem
241 3997 368 4053 infirmus
380 4003 411 4051 ut
422 3998 504 4051 ceteri
517 3995 681 4049 barum'ad
694 4000 819 4047 sanctum
831 3993 979 4052 Nicolaum,
993 4005 1042 4044 sua
1054 4003 1103 4057 pro
1118 3990 1275 4043 infirmitate
1287 3991 1384 4057 rogita·
1441 4010 1451 4032 ι
1493 4007 1525 4059 ·,

144 4105 221 4158 tum.
235 4099 314 4154 Venit
335 4101 363 4153 et
383 4098 441 4164 ipse
462 4096 682 4162 archiepiscopus
702 4093 795 4147 multis
815 4107 878 4146 cum
896 4092 1030 4158 episcopis
1042 4096 1069 4144 et
1080 4090 1187 4143 clericis
1195 4075 1326 4144 orationis
1338 4103 1389 4156 pro

146 4213 246 4256 eausa.
260 4199 311 4264 Qui
323 4197 448 4251 simulac
461 4209 543 4263 super
555 4195 626 4248 besti
646 4193 747 4247 Nicolai
768 4192 913 4259 capsellam
932 4191 1041 4244 missale
1053 4189 1173 4244 oillcium
1187 4190 1266 4242 nobis
1277 4189 1389 4242 astanti·

146 4298 204 4355 bus
218 4295 381 4366 peregisset,
402 4298 478 4348 extra
498 4292 642 4346 ecclesiam
662 4304 745 4344 senex
768 4290 812 4342 ille
829 4291 887 4356 jam
904 4301 988 4341 sanus
1001 4288 1035 4340 ad
1046 4287 1124 4340 illum
1138 4287 1252 4339 accessit
1265 4286 1388 4339 salutans

147 4411 227 4454 eum.
240 4397 264 4449 Δ
275 4408 331 4463 quo
344 4394 523 4460 interrogatus
536 4403 618 4457 super
630 4402 745 4443 munere
758 4388 889 4455 sanitatis,
904 4387 995 4440 retulit
1013 4399 1042 4438 se
1059 4386 1143 4438 luisse
1161 4385 1264 4437 viribus
1281 4385 1359 4452 quasi
1373 4397 1388 4437 a

148 4496 276 4568 quodam
299 4497 451 4557 extentum,
473 4492 509 4544 ita
530 4494 560 4543 ut
579 4502 640 4543 ossa
659 4489 732 4541 illius
753 4491 779 4540 et
800 4487 877 4540 nervi
897 4484 1036 4551 crepuisse
1049 4489 1218 4550 putarentur.
1232 4486 1288 4536 lloc
1300 4487 1390 4536 autem

151 4598 218 4654 ideo
231 4597 272 4651 sic
284 4593 440 4650 notavimus
449 4597 478 4646 ut
500 4591 568 4645 tanti
589 4590 639 4644 viri
656 4588 811 4642 testimonio
831 4587 906 4652 quod
928 4592 1018 4640 actum
1032 4584 1123 4638 divina
1135 4584 1292 4650 operatione
1304 4584 1392 4637 lucrat
