3136 5482
186 328 248 395 198
523 344 647 396 carun.
668 344 770 396 cono.
789 341 964 395 asemon.
983 340 1064 393 aar.

36 514 122 571 'cod
180 514 336 582 hymnidico
348 521 483 569 concentu
496 518 504 536 ·
517 516 676 585 angelorum
689 515 770 568 turba
791 514 912 580 suscepit
933 516 1016 581 atque
1035 516 1100 566 ante
1121 516 1314 580 conspectant

2 588 162 639 memus·
184 615 267 668 cboro
280 615 375 669 beatam
387 615 433 668 bei
448 613 588 682 genitricis
599 614 719 668 sociavit.
733 614 866 667 Exanime
876 624 941 666 vero
958 624 1058 678 corpus
1069 610 1171 665 virtute
1183 610 1271 665 divina
1288 625 1314 666 er

184 716 300 782 propriis
323 716 450 768 manibus
476 721 557 782 caput
580 729 661 769 suum
685 715 799 782 accepit,
819 720 900 781 atque
923 712 1009 766 tirmis
1031 713 1164 766 incedens
1192 713 1313 782 vestigiis,

185 826 306 868 marmor
318 819 433 868 testatur
445 814 474 868 in
485 829 540 883 quo
548 816 658 883 signum
668 813 747 883 pedis
756 816 816 882 eius
826 814 915 868 adbuc
928 815 1093 880 impressum
1102 813 1233 881 cernitur,
1244 812 1277 866 ad
1288 826 1313 867 sa

185 914 333 967 liartialem
354 915 488 981 pervenit,
510 915 557 969 ubi
578 916 620 967 vir
640 918 731 969 tantus
754 913 873 968 odicium
897 912 1047 966 sanctitatis
1071 912 1228 981 peragebat,
1251 911 1314 981 illice

185 1015 305 1068 suaviter
316 1014 452 1079 deposuit.
466 1014 536 1067 Nulli
556 1015 608 1068 boc
618 1014 779 1067 incredibile
791 1012 938 1075 videbitur,
952 1012 975 1064 si
989 1011 1109 1079 potentia
1121 1011 1313 1081 christinam

187 1113 286 1167 similia
298 1118 325 1167 et
335 1114 378 1166 bis
390 1113 493 1181 maiora
506 1113 580 1176 lecit,
594 1126 650 1167 non
662 1113 795 1167 deiecisse
809 1112 995 1180 perpenderit.

219 1216 306 1267 VIII.
319 1216 441 1280 sponsus
453 1227 518 1267 vero
531 1213 614 1280 illius,
628 1213 725 1267 videns
742 1218 849 1289 tantum
869 1212 1041 1275 miraculum,
1054 1213 1140 1267 nimio
1152 1211 1252 1268 timore
1266 1226 1314 1268 con

188 1327 264 1367 arma
275 1313 386 1383 dejecit,
398 1314 514 1380 pedibus
526 1314 615 1367 sancti
627 1314 756 1367 liartialis
768 1326 798 1367 se
810 1314 966 1381 prostravit,
977 1319 1059 1380 atque
1067 1318 1098 1366 ut
1107 1313 1160 1367 sibi
1169 1314 1309 1368 consilium

188 1416 266 1468 daret
287 1413 451 1467 lacrimabili
470 1418 570 1480 questu
590 1412 737 1480 implorare
761 1414 859 1479 coepit.
879 1413 928 1466 Cui
949 1413 1046 1467 beatus
1066 1413 1198 1467 liartialis
1221 1414 1314 1481 paenit

190 1514 296 1579 indixit,
319 1516 477 1582 mysterium
499 1514 657 1568 salvationis
678 1512 800 1579 tradidit,
823 1517 850 1567 et
870 1526 991 1581 congruo
1012 1518 1137 1581 tempore
1159 1526 1239 1568 sacro
1259 1527 1314 1569 eun

190 1612 371 1683 regeneravit.
384 1616 488 1680 corpus
508 1626 574 1667 vero
595 1614 769 1667 beatissimae
795 1613 909 1680 virginis
930 1612 1051 1667 valeriae
1071 1613 1100 1666 in
1120 1614 1248 1681 sepulcro
1267 1626 1314 1682 qno

191 1721 398 1783 praeparaverat
418 1714 568 1768 bonoriilce
589 1713 722 1781 sepelivit.
747 1714 921 1768 credendum
947 1718 989 1766 est
1011 1712 1085 1767 enim
1115 1712 1190 1781 quod
1213 1726 1314 1769 convers

191 1815 393 1883 bajusluvcnis
414 1815 486 1880 apud
504 1814 720 1868 misericordiam
739 1814 838 1866 christi
860 1814 951 1866 anima
972 1813 1069 1866 beatae
1089 1813 1314 1882 valeriaeimpetr

194 1915 286 1981 caelis,
299 1927 370 1982 quac
382 1914 480 1967 multas
494 1927 542 1979 pro
554 1926 587 1967 eo
600 1925 694 1979 preces
712 1912 886 1967 devotissime
904 1912 1026 1966 interris
1039 1910 1120 1966 ludit.
1133 1914 1201 1966 liam
1213 1913 1263 1967 boc
1278 1925 1314 1966 set

193 2013 361 2079 praedictum
372 2014 502 2079 juvenem
514 2024 546 2065 ac
557 2011 656 2064 ducem
668 2011 733 2064 binc
745 2008 926 2077 perpenditur
941 2010 1015 2077 quod
1027 2011 1120 2064 omnia
1135 2024 1207 2078 quae
1223 2011 1292 2066 dotis
1304 2023 1314 2063 r

196 2114 395 2167 sacratissimae
407 2113 504 2179 virgini
522 2111 716 2179 spoponderat,
735 2111 805 2164 iacta
820 2109 946 2163 sollemni
959 2098 1118 2177 donatione,
1131 2116 1225 2167 sancto
1237 2111 1314 2165 {artie

193 2227 254 2268 eam
275 2217 446 2267 converterat
467 2217 548 2279 atquc
572 2226 634 2266 cum
659 2223 767 2264 summo
791 2210 895 2264 bonore
918 2211 1107 2277 tumulaverat,
1130 2224 1165 2265 ex
1188 2211 1291 2281 integro
1310 2214 1314 2262 1

193 2314 314 2378 Quorum
327 2324 359 2366 ea
371 2324 441 2378 quac
454 2310 561 2379 longius
573 2310 674 2363 durare
692 2312 830 2376 poterant,
842 2308 970 2362 videlicet
981 2308 1061 2362 villae
1072 2315 1099 2363 et
1109 2310 1231 2376 praedia,
1243 2311 1314 2363 retlm

194 2411 324 2465 iratribus
337 2410 497 2464 monasterii
509 2410 582 2463 beati
594 2407 735 2471 liartialis,
756 2422 828 2476 quae
844 2407 891 2463 tali
904 2407 1015 2463 datione
1028 2408 1118 2463 eidem
1135 2407 1314 2463 venerabilivi

195 2512 304 2566 venisse
315 2510 429 2565 firmiter
441 2510 598 2580 interrogati
612 2509 684 2565 soliti
696 2515 761 2564 sunt
774 2522 896 2563 narrare.

360 2738 532 2788 ulricum
557 2738 585 2786 s.
612 2736 793 2786 uanrmtrs
810 2717 893 2807 (dir.
913 2737 1025 2804 supra,
1043 2737 1076 2803 p.
1107 2718 1185 2799 194,
1204 2717 1266 2802 5⁰).

378 2905 496 2971 Incipit
507 2908 602 2971 geste
613 2904 840 2959 meoniorum
852 2903 1050 2958 manticulari
1060 2903 1238 2958 Merthlls

232 3010 257 3059 1.
270 3008 297 3059 Si
309 3019 418 3072 semper
429 3011 584 3058 sanctorum
605 3008 680 3072 gesta
700 3004 857 3069 recolimus,
871 3017 979 3069 semper
991 3004 1112 3070 prolecto
1133 3004 1288 3058 invenimus
1303 3016 1314 3068 p

199 3107 296 3160 merito
318 3106 426 3159 adicere
446 3103 480 3156 ad
502 3109 676 3171 posterorum
698 3104 858 3155 memoriam
878 3102 1141 3169 debeamuslteque
1154 3102 1231 3156 enim
1243 3100 1314 3169 patilo

199 3206 324 3259 clanculo
334 3205 386 3273 tegi
398 3217 494 3257 corum
508 3203 587 3256 busta
599 3203 646 3269 qui
659 3204 727 3270 ejus,
741 3202 805 3255 (lum
819 3201 987 3267 adviverent,
1007 3202 1197 3255 inservierunt
1208 3203 1312 3256 volunta

198 3305 271 3372 iguod
283 3305 413 3370 scriptum
424 3300 738 3369 estratpcountjueti
745 3300 827 3355 sicut
836 3302 883 3354 sol
892 3299 926 3353 itt
935 3313 1028 3367 remeo
1037 3300 1146 3354 Putria
1159 3301 1222 3369 etti,
1230 3302 1314 3368 tricia

198 3403 337 3468 ratur,ubi
346 3399 591 3455 cotidiemiraculis
599 3400 706 3453 radiare
713 3399 929 3466 videntur,quae
938 3405 1047 3465 torpore
1053 3405 1136 3466 atque
1145 3400 1270 3455 socordia
1277 3399 1314 3453 vid

198 3502 386 3564 obliterantur,
400 3501 551 3553 secundum
564 3498 632 3552 illud
645 3499 779 3564 poeticum
794 3514 800 3550 :
813 3497 958 3551 Probitas
972 3497 1127 3551 medetur
1142 3502 1173 3552 et
1192 3500 1284 3568 alget.
1299 3500 1314 3551 il

198 3594 422 3668 quisumus,t1ui
436 3612 548 3652 uranum
560 3598 664 3651 ferulae
683 3611 738 3651 non
752 3597 933 3650 subduximus
946 3601 973 3649 et
993 3598 1113 3650 scribere
1124 3597 1230 3666 aliquid
1244 3603 1314 3664 temp

199 3698 251 3753 Sed
265 3697 393 3752 subvenit
405 3697 485 3751 nobis
503 3698 532 3749 in
545 3697 701 3763 huiusmodi
715 3702 843 3750 conatum
856 3695 902 3749 illa
916 3709 971 3749 non
991 3696 1121 3749 excidens
1133 3699 1245 3764 caritas,
1258 3710 1309 3766 qua

200 3813 292 3852 mmus
304 3797 407 3866 aliquid
421 3797 598 3851 emolumenti
612 3802 749 3863 praestare
762 3796 914 3863 legentibus
923 3798 992 3849 etad
1002 3809 1124 3849 amorem
1134 3798 1256 3852 excitare
1264 3810 1313 3851 san

200 3899 265 3953 dum
278 3913 328 3965 per
339 3898 471 3951 benelicia
484 3898 609 3951 miranda
621 3911 767 3964 corporum
780 3900 885 3964 possint
897 3898 1072 3951 considerare
1083 3898 1150 3965 quid
1159 3901 1191 3953 in
1200 3912 1314 3968 conspec

201 3998 238 4050 ml
253 3999 298 4051 bei
311 4006 406 4051 eorum
420 4010 514 4063 preces
526 3997 634 4050 valeant
646 3996 693 4064 qui
707 4002 781 4050 tanto
793 3998 837 4050 bic
855 3997 1021 4051 decorantur
1037 3998 1199 4052 meritorum
1212 3998 1314 4066 privileq

201 4099 281 4166 igitur
294 4098 383 4162 nobis,
397 4099 450 4150 lieo
463 4096 624 4164 opitulante,
637 4109 727 4150 sermo
740 4097 773 4150 de
792 4097 824 4149 iis
837 4110 907 4163 quae
928 4111 975 4164 per
987 4097 1097 4150 beatum
1110 4099 1264 4153 Martialem
1276 4102 1312 4153 be

201 4197 274 4250 sedis
286 4197 445 4256 antistitem,
460 4203 602 4263 postquam
615 4196 648 4249 ad
660 4195 760 4249 solium
772 4200 882 4249 cvetttus
893 4202 935 4249 cst
947 4195 1015 4251 illud
1028 4198 1217 4252 inenarrabile
1229 4199 1314 4252 servit

201 4297 255 4349 dua
267 4294 426 4362 angelorum
437 4297 464 4347 et
475 4294 615 4361 maiestate
629 4295 675 4347 bei
688 4295 869 4361 praesidentis
882 4296 1070 4362 conspicuum,
1084 4296 1114 4348 in
1126 4295 1188 4351 loco
1201 4296 1314 4351 tumuli<

203 4396 271 4448 iacta
284 4398 349 4447 sunt
361 4392 501 4446 liartialis.
