3136 5482
205 329 272 393 346
551 344 673 395 caran.
693 344 794 396 oeno.
814 346 987 396 nnoroon.
1005 346 1088 396 nar.

204 516 350 580 pervenire
365 517 417 568 nisi
434 521 507 569 totus
520 517 548 568 in
569 529 651 584 opere
664 518 812 586 agonizans
832 516 958 571 desudet.
972 519 1044 572 itura
1064 517 1199 573 delicatus
1218 517 1314 571 animus
1330 514 1386 569 nesdt
1428 506 1430 525 '

205 615 343 681 adpetere.
363 622 389 668 et
410 618 496 682 prima
518 622 560 670 est
580 618 669 684 palma
688 618 817 671 victoriae
837 620 959 685 seipsum
979 617 1132 686 subigendo
1152 632 1287 686 superare.
1302 617 1387 683 benun

204 729 265 767 cum
278 728 294 768 a
307 717 426 782 profanis
444 718 613 785 genitoribus
634 724 792 771 nasceretur
804 724 831 772 et
842 724 969 785 parentes
981 720 1042 784 ejus
1060 716 1151 771 arlhne
1166 720 1194 770 in
1212 717 1387 772 idolorumtete

204 814 268 866 bras
279 815 460 871 ambularent.
474 816 530 869 sola
543 817 620 869 beata
634 816 734 870 indolis
746 817 810 871 fidei
825 818 916 870 lumen
929 816 996 869 vidit
1013 820 1041 869 et
1053 816 1081 869 in
1092 816 1177 870 eorde
1188 817 1245 883 ejus
1256 815 1293 869 sol
1303 812 1388 868 renuis

204 912 344 978 splenduit
355 920 381 967 et
394 915 508 968 refulsit.
523 917 648 969 libiciens
660 922 733 970 retro
754 917 828 984 quod
842 917 936 970 babuit
947 930 979 969 ex
1000 921 1108 982 natura,
1120 915 1220 982 adepta
1230 921 1270 969 est
1279 912 1339 983 quod
1346 908 1408 965 oeni

205 1013 316 1065 sebatur
328 1027 360 1067 ex
372 1017 467 1081 gratia,
481 1022 508 1067 rt
525 1024 619 1070 renata
633 1021 686 1071 beo
700 1031 748 1083 per
760 1018 935 1083 baptismum
950 1016 1054 1083 respuit
1073 1016 1142 1069 illud
1155 1015 1228 1083 quod
1240 1014 1388 1083 originisntc

205 1111 368 1177 importabat
379 1114 508 1182 elogium,
521 1123 550 1168 ut
562 1118 683 1169 moriens
696 1117 805 1170 saeculo
818 1117 919 1169 viveret
930 1117 1006 1170 eaelo
1018 1121 1046 1168 et
1057 1116 1181 1169 uinceret
1193 1115 1221 1169 in
1233 1114 1335 1167 Christo.
1343 1113 1385 1163 ian

203 1210 238 1263 tle
250 1215 373 1276 corporis
384 1214 443 1282 eius
456 1216 542 1268 torma
556 1218 659 1270 interea
674 1218 741 1269 nihil
754 1216 814 1270 dico
829 1231 835 1268 ε
854 1229 924 1283 quae
943 1217 993 1268 etsi
1006 1215 1067 1277 luit,
1081 1219 1113 1268 ut
1126 1215 1294 1281 perhibetur,
1303 1208 1386 1279 egreein

205 1316 297 1377 utpote
309 1325 379 1378 quae
393 1313 481 1367 iuerat
495 1317 691 1370 sanctimoniae
703 1321 873 1380 consecrata,
887 1320 998 1368 nonest
1018 1313 1087 1368 adeo
1099 1315 1128 1366 in
1142 1314 1194 1367 boc
1206 1314 1389 1377 dumnmtpnr·

204 1406 340 1463 dicatione
360 1411 516 1479 laudanda,
531 1416 559 1466 in
580 1417 625 1468 itei
638 1416 712 1467 enim
734 1415 817 1468 rebus
830 1426 887 1467 non
910 1412 1097 1466 membrorum
1117 1416 1245 1465 venustas
1264 1406 1387 1466 adteollttb
1400 1396 1419 1449 ¹¹

205 1506 254 1559 sed
266 1521 373 1562 morum
386 1512 560 1577 pulchritudo
573 1514 708 1567 laudatur.
855 1489 861 1499 ⁰

240 1606 272 1659 8.
286 1610 349 1662 Erat
361 1611 497 1679 siquidem
510 1614 563 1667 illis
576 1615 743 1681 temporibus
756 1614 845 1668 adbuc
857 1613 954 1682 uigens
965 1615 992 1666 in
1011 1615 1068 1667 suis
1081 1611 1247 1666 sanitatibus
1257 1600 1390 1677 supersilit'

208 1709 234 1757 et
245 1718 307 1760 rara
319 1705 387 1762 ildes
400 1725 406 1762 :
421 1726 491 1779 quae
511 1713 573 1767 ideo
586 1728 683 1784 magna
705 1716 769 1782 quia
781 1728 842 1768 rara
866 1716 925 1769 init.
940 1716 1014 1767 lnter
1026 1714 1158 1781 caligines
1175 1712 1249 1767 enim
1266 1706 1392 1767 nebuloni

208 1802 338 1870 perfidiae
351 1816 464 1864 autnon
477 1813 590 1880 parebat
600 1828 730 1881 oppressa
743 1817 830 1869 autin
844 1817 936 1883 paneis
945 1815 1034 1869 latens
1047 1813 1188 1867 relucebat
1200 1792 1392 1863 inuentaltitlu

207 1909 266 1956 erat
277 1905 381 1960 electus
393 1910 539 1965 admodum
558 1913 644 1979 locus,
658 1927 713 1981 quo
725 1915 802 1968 collis
814 1914 939 1968 cautibus
958 1914 1169 1980 supereminens
1181 1910 1290 1965 lundata
1305 1897 1392 1959 miti&
1404 1884 1423 1937 ¹⁵

208 2003 343 2059 soliditate
356 2020 482 2062 saxorum
497 2012 524 2063 in
537 2014 667 2066 umbilico
689 2013 808 2081 quodam
821 2016 942 2082 ejusdem
965 2015 1088 2082 erigitur,
1103 2014 1243 2079 utrimque
1263 1991 1392 2062 tenendi

209 2117 279 2156 nens
298 2106 410 2175 civitati,
423 2116 450 2163 et
470 2115 597 2178 aequoris
616 2115 750 2183 gurgitem
772 2117 800 2167 in
822 2128 938 2181 pronum
960 2113 1128 2169 decumbens
1148 2112 1239 2167 medio
1259 2108 1297 2163 sui
1314 2100 1392 2171 gagen

208 2202 411 2275 disterminans,
433 2210 560 2266 ssirctibus
580 2214 701 2269 adversis
723 2217 871 2282 oppositus.
892 2216 1037 2284 aspergine
1061 2215 1165 2269 levium
1187 2220 1334 2280 spumarum
1350 2198 1392 2253 W

210 2303 273 2357 inde
287 2308 468 2375 pertunditur,
481 2317 508 2364 el
527 2327 625 2381 magno
638 2316 720 2369 inlisu
742 2316 873 2369 fluctuum
894 2317 961 2383 ripis
973 2315 1076 2381 mugitu
1098 2312 1289 2367 reuocantibus
1304 2315 1326 2363 et
1339 2302 1394 2359 tltee

11 2414 20 2432 ⁴
33 2414 98 2467 0001,
110 2414 193 2466 pens,
206 2407 389 2470 strepentibus
401 2409 429 2462 in
442 2412 597 2479 abruptum,
611 2415 673 2467 freti
687 2420 696 2435 '
709 2416 828 2470 elamore
840 2416 1003 2479 celebratur,
1018 2415 1143 2481 scrupeis
1154 2414 1191 2479 (l)
1205 2382 1424 2481 mualemtffl’

65 2517 152 2572 «θρα,
208 2512 330 2559 secretus
345 2517 372 2561 et
385 2512 519 2579 publicus,
531 2514 647 2569 frontem
661 2520 669 2536 ·
683 2517 717 2569 ab
727 2516 781 2570 alto
794 2516 876 2569 undis
885 2516 1008 2569 obiciens
1016 2522 1042 2569 et
1051 2515 1296 2570 obverberantibus
1304 2494 1395 2579 prottllis

60 2584 157 2638 “⁰⁰12
210 2609 244 2661 arl
257 2622 352 2664 omnes
366 2619 508 2666 uentorum
530 2614 609 2668 tlatus
622 2616 790 2669 immobilem
813 2616 933 2669 retinens
954 2616 1074 2681 scopulis
1086 2616 1284 2669 resultantibus
1293 2614 1317 2664 ln
1332 2600 1394 2661 gete

211 2722 283 2761 nem.
298 2711 346 2764 liic
359 2713 450 2779 itaque
473 2714 548 2767 locus
568 2714 682 2768 oriendo
703 2719 784 2781 atque
806 2715 912 2780 abipso
933 2713 1060 2767 conditae
1080 2713 1198 2768 civitatis
1217 2690 1392 2779 suspiciendi

206 2808 342 2862 idolorum
364 2812 451 2865 cultus
473 2813 608 2880 indigenis
628 2814 768 2883 regnabat,
789 2813 958 2881 Templensis
981 2826 1082 2868 nornen
1103 2814 1220 2880 accepit,
1233 2826 1265 2867 eo
1282 2808 1343 2879 qnod
1356 2796 1391 2854 fflli

205 2916 302 2963 cuncta
314 2911 357 2963 rel
370 2923 385 2963 a
397 2911 504 2976 publica
517 2914 722 2965 conversatione
736 2914 917 2967 remotissima
929 2918 1028 2967 statuta
1041 2914 1132 2967 terent
1144 2912 1245 2967 sacella
1257 2908 1388 2976 temptent·
1401 2880 1424 2938 ι

204 3013 277 3063 lnter
288 3016 378 3063 cetera
392 3025 455 3064 rere
468 3012 566 3064 cubilia
583 3012 748 3065 daemonum
761 3018 788 3066 et
800 3013 952 3066 habitacula
970 3014 1115 3080 spirituum
1128 3006 1387 3074 immundorumque

206 3111 332 3176 paulatim
345 3112 564 3164 exolescentibus
575 3114 648 3164 aeris
660 3126 737 3165 versa
751 3115 860 3166 inerant
880 3116 908 3166 in
921 3115 1030 3166 ruinam
1042 3119 1069 3165 et
1089 3113 1118 3166 in
1131 3114 1270 3167 semirutis
1284 3106 1388 3175 imagin&

204 3211 366 3263 videlrantur
378 3212 529 3277 priscorum
543 3213 661 3264 retinere
676 3218 818 3279 tectorum,
832 3214 906 3266 solus
919 3215 947 3265 in
964 3214 1082 3280 quodam
1096 3213 1249 3268 diversorio
1260 3204 1386 3264 ‹1me

206 3324 268 3364 aere
279 3317 305 3364 et
315 3317 426 3364 auratus
438 3311 534 3377 capite,
545 3312 632 3363 oculis
645 3326 692 3378 per
701 3325 838 3365 ceraunon
850 3313 1035 3378 rutilantibus,
1046 3313 1197 3367 resederat.
1209 3312 1260 3367 Sed
1272 3313 1296 3364 in
1306 3304 1387 3359 ΜΝ

207 3412 252 3465 illo
273 3411 398 3463 diabolus
419 3410 578 3464 colebatur:
601 3411 663 3464 liuic
685 3412 824 3477 libamina,
838 3413 900 3465 huic
921 3419 983 3466 tota
1002 3417 1028 3465 et
1048 3410 1185 3466 sacrificia
1207 3412 1292 3465 miseri
1309 3376 1420 3460 tobi*

205 3511 389 3564 celebrabant.
403 3511 512 3564 Gaudeo
535 3525 601 3563 sane
613 3510 800 3564 conditionem
815 3512 866 3564 loci
880 3512 953 3565 illins
975 3513 1089 3566 feliciori
1102 3520 1242 3579 prouentu
1253 3513 1324 3565 nise
1333 3502 1387 3557 matt·

207 3617 271 3662 tarn.
285 3612 333 3664 Ubi
354 3612 427 3663 enirn
449 3610 552 3663 cllidum
574 3611 672 3676 templa
694 3612 802 3663 fuerant
824 3612 946 3664 instituta
967 3612 1122 3679 gentilium.
1136 3613 1303 3679 postmodum
1321 3598 1387 3657 tttlen

205 3712 330 3764 diabolus
350 3724 511 3779 synagogam
532 3712 669 3764 constituit
682 3711 847 3764 ludaeorum
860 3730 867 3778 ;
881 3713 929 3765 sed
948 3726 1023 3766 nunc
1042 3715 1159 3767 meliore
1179 3714 1239 3767 vice
1259 3692 1390 3777 nrigratili

207 3814 351 3869 Christum,
364 3813 433 3864 utin
448 3812 506 3863 loco
527 3813 554 3862 in
568 3824 622 3877 qno
642 3812 751 3877 gentina
774 3812 924 3879 regnabant
936 3818 1000 3866 ante
1022 3812 1176 3880 sacrilegia,
1194 3824 1269 3866 nune
1287 3806 1393 3862 iubentit

207 3912 331 3978 martyris
343 3911 491 3974 triumphet
503 3910 629 3962 Ecclesia.
1405 3874 1425 3939 5

236 4013 267 4062 4.
282 4014 361 4063 l'orte
374 4010 432 4062 dies
446 4010 591 4075 inluxerat,
606 4024 659 4077 qna
671 4013 751 4078 buius
764 4011 937 4064 venerandae
950 4012 1076 4078 martyris
1093 4020 1226 4078 parentes
1237 3998 1398 4066 adelonem

206 4111 346 4176 sacrilegia
360 4124 421 4161 curn
435 4110 533 4161 celeris
546 4112 733 4163 convenirent.
747 4114 821 4163 llane
834 4124 927 4164 ¹secum
940 4115 1029 4163 aetate
1047 4113 1193 4177 parvulam
1207 4113 1256 4167 sed
1268 4110 1327 4165 lidei
1338 4104 1408 4161 menti

207 4211 263 4276 jam
277 4214 429 4275 protectam
444 4208 554 4259 infausti
568 4214 695 4273 parentes
708 4208 892 4261 adtraxerunt.
908 4210 965 4261 lbat
977 4209 1066 4276 aegris
1086 4208 1229 4276 poplitum
1245 4211 1346 4264 succisa
1356 4214 1413 4260 sets

209 4310 281 4361 tibus
290 4307 482 4372 debilibusque
492 4310 630 4375 gressibus
641 4309 818 4375 lugubrisque
828 4309 947 4376 vestigiis
960 4322 1014 4375 quo
1025 4308 1123 4375 nollet,
1131 4311 1232 4371 inrita,
1242 4306 1421 4379 trepidatum

208 4415 235 4461 et
248 4411 301 4458 loto
314 4406 398 4458 animi
419 4405 533 4458 horrore
548 4407 737 4470 tremebunda,
751 4407 773 4458 si
787 4406 858 4459 sorte
870 4407 959 4459 adlrnc
978 4406 1012 4459 de
1032 4407 1164 4471 passione
1186 4409 1320 4475 sollicita,
1332 4404 1425 4463 namtlt

240 4605 275 4668 (Ι)
293 4602 322 4656 ld
334 4607 376 4656 est
388 4602 548 4656 scrobibus?
