3156 5452
269 314 362 364 amr..
381 314 463 392 nar.
482 315 598 366 eurus
617 334 663 346 -
677 315 833 366 urrann.
851 317 899 366 nn
915 315 993 366 con.
1011 314 1071 368 avc.
1161 286 1166 292 ’
1243 303 1285 368 51

82 484 222 539 mutetur.
244 484 390 550 Postquam
410 485 477 539 haec
495 485 615 551 fecisset,
636 488 728 539 custos
747 485 806 551 eius
827 484 927 541 cotidie
946 486 1031 539 semel
1048 485 1158 540 videbat
1175 487 1287 542 beatum

85 575 218 636 nothonem
229 583 259 637 in
271 596 334 638 aere
346 589 374 638 et
384 585 493 640 videbat
505 587 649 639 maximam
662 585 812 640 claritatem
824 585 897 640 circa
907 585 994 649 illum,
1008 592 1036 639 et
1047 587 1188 641 amittebat
1200 588 1288 642 visum

89 681 177 743 propter
186 681 259 736 illam
273 683 435 738 claritatem.

114 776 206 835 betto
218 782 330 836 ter-tiu.
343 811 376 824 -
389 787 487 838 Beatus
495 785 588 838 ltoclro
599 798 665 839 vero
678 797 733 839 non
746 783 906 839 comedebat
915 785 1007 839 cibum
1018 784 1199 850 corporalem.
1212 783 1288 848 Quod

58 870 73 921 ⁵
83 882 203 946 iuquam
221 881 333 935 vidisset
352 887 453 949 custos,
467 885 534 936 haec
547 883 659 938 domino
673 896 722 938 suo
740 884 884 937 nuntiavit.
897 886 929 936 lit
948 888 1014 938 tunc
1026 883 1116 936 dictus
1133 897 1181 936 rex
1200 884 1288 949 ipsum

77 971 132 1029 tecit
140 981 217 1044 proici
230 981 259 1033 in
272 983 349 1035 mari.
363 984 449 1047 Quem
460 983 495 1036 de
508 984 577 1036 mari
588 984 636 1036 liei
653 983 786 1037 miraculo
801 982 836 1036 ad
848 988 956 1049 portum
969 981 1146 1036 deduxerunt
1158 982 1206 1036 tali
1219 983 1288 1035 hora

74 1076 325 1146 oueiuitprolectns
343 1081 372 1134 in
389 1082 469 1147 mari,
484 1085 584 1135 etcum
604 1082 686 1134 exivit
697 1094 713 1135 a
726 1083 805 1148 mari,
817 1083 896 1135 beata
914 1082 989 1150 virgo
1007 1083 1091 1136 llaria
1109 1083 1234 1150 apparuit
1251 1082 1287 1146 ei,

68 1174 217 1231 ooniortans
234 1191 309 1232 eunv.
322 1183 398 1233 lunc
410 1181 506 1235 beatus
523 1181 615 1235 ltoclro
633 1180 687 1234 tale
703 1181 807 1234 donum
820 1181 961 1248 requisivit
977 1195 994 1235 a
1010 1183 1134 1247 liomino,
1147 1187 1178 1234 ut
1189 1193 1286 1234 omnes

63 1272 179 1331 colentes
193 1283 220 1330 et
236 1284 400 1332 venerantes
416 1292 493 1333 suam
505 1278 680 1334 testivitatem
692 1294 741 1333 seu
754 1282 814 1347 ejus
826 1280 987 1333 memoriam
1001 1286 1122 1348 agentes,
1136 1292 1287 1347 numquam

18 1371 47 1423 it
60 1376 249 1442 tempestatem
261 1382 421 1444 paterentur
432 1391 484 1433 neo
495 1383 628 1446 potestate
638 1379 742 1433 inimici
754 1379 955 1433 detinerentur.
964 1381 1012 1432 cui
1025 1380 1104 1433 beata
1113 1377 1196 1433 llaria
1208 1376 1286 1444 virgo

57 1474 127 1528 dixit
142 1492 149 1530 :
164 1477 249 1537 Quod
252 1479 426 1546 postutasti
438 1480 546 1534 datum
559 1482 606 1534 eet
618 1479 674 1533 tibi
685 1479 828 1548 desuper.

83 1574 201 1628 Lectio
218 1580 351 1641 quartu.
363 1606 393 1616 -
414 1581 476 1631 Post
496 1579 564 1632 haee
581 1578 610 1631 in
622 1577 737 1632 diversis
750 1579 870 1646 partious
887 1577 983 1631 mundi
996 1577 1085 1647 legem
1096 1579 1202 1634 ltomini
1216 1590 1291 1644 prae

52 1672 166 1727 dioevit.
177 1673 357 1729 aeditimum
369 1675 450 1730 rediit
462 1675 497 1729 ad
515 1680 615 1730 terram
627 1681 655 1729 et
673 1690 751 1730 suam
771 1677 917 1743 civitatem,
934 1674 1040 1730 scilicet
1058 1677 1241 1744 aeduensem,
1259 1684 1287 1731 et

51 1769 87 1825 ilvi
100 1770 234 1825 decessit.
246 1772 350 1827 decidit
361 1779 452 1828 autem
469 1775 543 1842 quod
561 1774 606 1827 die
617 1774 660 1828 sui
678 1774 769 1828 obitus
786 1776 815 1829 in
832 1775 934 1829 dictam
946 1775 1082 1830 civitatem
1105 1775 1205 1829 cecidit
1216 1782 1283 1829 tem·

10 1877 38 1932 15
52 1876 149 1941 postas
167 1872 273 1940 valida3
287 1878 315 1927 et
335 1874 396 1929 ideo
419 1879 608 1943 cognoverunt
625 1879 723 1943 gentes
740 1888 771 1928 se
791 1853 948 1942 deliquisse,
966 1875 1030 1942 quia
1052 1876 1112 1941 ejus
1132 1875 1289 1941 sepulturae

55 1982 113 2025 non
125 1970 315 2026 interiuemnt
326 1979 353 2027 et
371 1973 445 2028 diem
458 1973 500 2027 sui
516 1974 608 2029 obitus
620 1986 676 2027 non
693 1973 960 2028 solemnizaverunt.
973 1976 1089 2028 sanctus
1105 1988 1170 2029 vero
1184 1975 1287 2039 nocivo,

57 2068 172 2134 impleto
191 2072 261 2124 vitae
280 2085 346 2126 suae
366 2079 489 2141 ternpore
509 2073 610 2140 inipso
630 2073 737 2126 itineris
757 2073 889 2128 miraculo
908 2073 1034 2142 migravit
1054 2074 1088 2126 ad
1103 2075 1240 2127 christum
1258 2080 1286 2127 et

61 2168 183 2234 sepultus
196 2177 237 2225 est
249 2173 278 2226 in
289 2173 359 2227 urlre
378 2187 437 2228 sua.
451 2177 482 2227 lit
493 2174 617 2241 forsitan,
631 2179 662 2227 ut
672 2173 833 2240 plerumque
849 2174 975 2228 homines
992 2187 1165 2228 murmurare
1177 2174 1286 2228 solliciti

66 2273 129 2323 sunt
148 2272 209 2337 quid
221 2276 564 2342 praegratulanturdicens
584 2289 640 2330 non
662 2280 751 2343 potest
772 2276 817 2329 hic
837 2276 930 2329 haberi
950 2275 1022 2329 inter
1039 2282 1147 2330 sanctos
1169 2288 1218 2342 pro
1231 2288 1288 2329 uno

21 2375 57 2431 qt)
69 2370 170 2422 tantum
179 2373 329 2438 aperitione
340 2375 506 2429 mirandum.
518 2379 585 2430 Nam
597 2377 620 2428 si
633 2375 763 2442 pependit
775 2376 842 2429 illud
850 2375 923 2444 quod
936 2377 965 2428 in
979 2376 1119 2444 evangelio
1133 2375 1186 2429 ait:
1199 2376 1288 2429 ltulti

74 2462 167 2520 ‹tiomc
185 2469 217 2523 in
235 2470 294 2525 illu
311 2471 382 2528 die:
401 2474 540 2542 Domine,
563 2474 700 2541 Domine,
722 2487 824 2528 nonne
845 2474 880 2527 in
900 2476 953 2528 tuo
977 2473 1101 2527 nomine
1121 2473 1289 2527 daemonia

79 2562 204 2630 ejecimus
223 2571 415 2642 virtutesque
423 2575 533 2629 multia
540 2574 671 2645 fecimus
681 2576 732 2631 tet
744 2579 817 2630 tunc
829 2575 1018 2644 respondens
1031 2574 1076 2628 eia
1087 2574 1169 2628 dicet
1186 2591 1195 2628 .·
1212 2574 1289 2641 quie

83 2672 135 2714 not
143 2670 208 2722 ueni
225 2685 288 2739 roe,
303 2674 426 2739 proiecto
438 2674 598 2743 intelligitur
609 2674 684 2742 quod
694 2674 779 2743 magis
791 2673 898 2741 proiicit
908 2674 942 2727 ad
955 2672 1064 2726 laudem
1076 2673 1161 2726 virtus
1182 2683 1290 2739 egressa

85 2761 213 2824 detumulo
224 2785 308 2840 quam
319 2786 352 2827 ea
363 2787 488 2842 quaeque
500 2775 589 2828 dicam
599 2775 665 2841 jecit
675 2776 771 2828 vivens
780 2773 810 2827 in
823 2774 943 2828 mundo:
962 2772 1027 2841 quia
1039 2773 1086 2826 illa
1103 2786 1166 2827 vere
1178 2773 1215 2825 ita
1229 2770 1287 2824 iieri

39 2862 73 2918 fl
84 2863 191 2927 wirunt
204 2885 253 2937 per
266 2871 377 2925 assidua
389 2873 540 2927 munditiae
552 2875 738 2940 occupationis
751 2873 949 2940 impedimenti,
964 2871 1033 2928 liaeo
1044 2886 1109 2926 vere
1121 2885 1218 2926 omnes
1228 2871 1290 2925 lece

83 2964 239 3034 adlimioum
253 2976 404 3026 merentur.

106 3069 203 3127 Lccflo
214 3073 374 3140 quintu-
385 3077 454 3144 llrgo
467 3076 513 3129 illa
526 3081 556 3129 nt
566 3075 706 3131 credimus
718 3089 789 3142 quae
801 3080 911 3129 sanctus
923 3077 1025 3141 nocivo,
1039 3088 1103 3128 narn
1115 3075 1167 3128 lroo
1178 3073 1292 3140 spiritus

75 3176 191 3236 operatus
202 3177 243 3225 est
255 3173 386 3227 oblivioni
398 3172 461 3227 data
474 3180 547 3240 sunt,
561 3187 636 3251 nunc
648 3174 682 3228 ad
700 3181 823 3227 nostram
836 3175 961 3228 notitiam
973 3177 1159 3240 pervenerunt
1171 3185 1203 3225 ea
1215 3183 1287 3238 quae

69 3268 112 3322 iic
123 3269 151 3323 in
162 3269 264 3324 mundo
285 3271 439 3337 aspeximus
460 3272 546 3325 oculis
563 3274 736 3339 expertisque
753 3273 838 3326 simus
858 3273 901 3326 vel
920 3285 991 3339 quae
1008 3285 1024 3325 a
1044 3270 1171 3325 ildelilrus
1183 3270 1291 3337 cognita

18 3374 50 3428 n
64 3370 235 3439 eognovimus
254 3368 435 3423 declaramus.
456 3373 590 3438 Tempore
613 3385 667 3438 quo
696 3377 807 3425 sanctus
829 3373 921 3426 ltoclro
944 3371 1087 3437 episcopus
1114 3368 1288 3422 aeduensem

61 3469 209 3527 ecclesiam
220 3468 454 3536 regebat,quidam
463 3471 578 3538 scriptor
587 3471 616 3524 in
628 3471 812 3525 adolescentia
822 3471 951 3539 detegens
961 3471 1079 3539 graviter
1090 3468 1291 3536 aegmtabatur,

60 3573 97 3627 an
112 3582 148 3623 eo
168 3569 330 3636 plerumque
349 3567 496 3624 dilectione
516 3571 600 3624 nimia
621 3570 802 3636 beatificatur,
816 3576 843 3624 et
861 3584 915 3637 quo
929 3571 1050 3637 paternis
1065 3570 1124 3636 ejus
1137 3572 1218 3621 esset.
1231 3569 1295 3620 Erat

57 3672 137 3727 enim
155 3667 275 3721 valitudo
296 3681 359 3721 cum
377 3669 462 3722 nimia
481 3669 613 3724 stomachi
632 3671 777 3738 putredine
799 3669 927 3723 acteone
949 3673 1100 3735 correptus.
1123 3667 1192 3719 ltixit
1213 3665 1293 3718 matri

56 3782 151 3824 suae:
179 3766 273 3821 credo
293 3767 470 3835 impetrante
501 3768 705 3837 omnipotenti
722 3771 782 3822 Deo
810 3769 900 3836 quod,
914 3768 944 3821 ci
968 3769 1011 3821 ad
1028 3765 1191 3820 basilicam
1212 3763 1297 3818 beati

10 3874 40 3925 tn
57 3865 217 3925 rochonis
228 3866 468 3935 deportarentn
485 3881 543 3936 me,
555 3868 743 3936 recuperabo
759 3868 938 3921 sanitatem.
952 3867 1102 3932 illatusque
1123 3864 1234 3918 morbus
1261 3862 1295 3916 ad

56 3963 213 4029 tumulum,
224 3962 282 4017 tusa
294 3965 418 4018 oratione
430 3979 492 4018 oum
509 3967 637 4033 lacrimis,
650 3966 785 4018 leniorem
799 3978 830 4018 ac
840 3967 977 4019 saniorem
992 3979 1022 4017 se
1034 3964 1127 4016 sentiit
1139 3975 1219 4029 quam
1233 3974 1297 4015 curn

56 4068 187 4120 venerat.
200 4064 389 4130 Reversusque
400 4062 435 4116 ad
446 4064 558 4118 domum
571 4078 625 4133 que
641 4064 717 4118 febre
730 4065 886 4132 corripitur.

99 4161 222 4231 [Lectio
242 4167 349 4216 sexte.
369 4190 401 4203 -·
421 4164 553 4229 mundam
567 4178 630 4219 vero
647 4166 692 4219 die
704 4164 788 4233 [oum]
807 4164 916 4232 gravius
932 4176 1012 4231 agere
1025 4163 1158 4228 coepisset
1178 4173 1297 4226 eumque

59 4263 153 4316 febris
166 4261 286 4326 asperior
300 4261 381 4316 solito
398 4270 563 4331 aggravaret,
578 4269 605 4318 et
627 4270 720 4317 utrum
740 4263 856 4317 evadere
877 4270 903 4315 et
918 4262 1018 4315 dubius
1038 4262 1088 4313 sun
1107 4261 1176 4313 forte
1185 4261 1298 4324 jaceret.

10 4367 42 4417 tt)
61 4359 206 4415 accedens
215 4361 274 4427 ejus
282 4361 400 4429 genitrix
409 4363 446 4415 ait
452 4362 487 4415 ad
496 4377 559 4416 eum
571 4381 577 4416 :
591 4364 740 4417 Maestum
751 4361 849 4429 hodie,
860 4361 963 4414 dulces
974 4363 1057 4425 note,
1065 4373 1133 4411 aum
1145 4358 1298 4411 nimirum

60 4457 219 4512 habitura
230 4459 324 4524 diem,
337 4471 408 4512 eum
420 4463 450 4514 te
461 4461 536 4516 tatia
548 4463 686 4515 detineat
698 4460 805 4529 febris.
819 4463 851 4513 lit
863 4461 910 4513 ille
923 4476 930 4511 ε
948 4457 1047 4525 Nihil,
1060 4458 1157 4523 inquit,
1167 4468 1299 4523 prorsus

60 4556 240 4612 obcecrone
251 4557 408 4624 tamenim
419 4559 472 4612 ced
485 4559 528 4613 ad
538 4560 719 4627 sepulerum
737 4558 819 4612 beati
837 4557 987 4613 Rocltonia
1001 4555 1165 4624 pontilicis
1186 4555 1300 4608 iterum
