3136 5482
278 322 344 388 430
622 340 747 392 curat.
768 341 869 391 cono.
888 339 1062 391 nacione.
1081 339 1161 391 nar.

276 507 410 573 apparuit,
423 506 518 560 dicens
531 522 538 558 :
550 507 634 561 Haec
652 506 740 563 nobis
749 509 919 577 praecepta
937 510 1043 577 prata,
1056 508 1197 564 omnebus
1216 508 1498 573 observandmccri·
1564 564 1567 573 .

276 603 345 658 berc
355 617 394 658 oe
405 604 545 671 differas.
558 604 660 659 Scribe
671 618 753 672 pocae
763 606 901 675 coepere,
913 607 1087 675 comptem
1106 608 1228 662 scelera
1243 619 1421 676 pravorum
1437 605 1493 661 boa·

275 703 377 770 pitulo
388 703 584 756 manentiam
596 703 630 756 ita
642 703 755 757 itinere
766 704 903 772 apostoli
913 705 984 759 mei.
997 707 1031 758 lit
1042 705 1142 761 iccirco
1162 718 1245 760 nemo
1258 710 1337 774 putet
1348 719 1392 760 me
1402 705 1488 773 alqui

276 815 308 854 ex
321 803 430 868 proprio
442 815 526 855 sensu
546 802 697 868 scripsisse,
714 803 768 855 nisi
780 816 811 857 ea
823 808 928 857 tantum
950 817 1020 872 quae
1033 805 1150 872 propriis
1161 805 1250 860 oculis
1259 804 1318 859 vidi
1330 810 1377 861 aut
1386 819 1416 859 er
1429 805 1485 858 reia·

275 902 350 954 tione
362 901 555 955 catholicorum
568 903 688 955 uirorum
700 902 802 955 audivi.
816 905 899 957 uerno
912 903 993 972 igitur
1006 917 1080 958 nunc
1092 905 1225 972 despiciat
1237 904 1340 958 librum
1351 918 1411 959 cnm
1421 903 1445 958 iu
1455 916 1481 957 eo
1491 905 1505 956 t

276 1000 362 1053 levem
375 1001 510 1054 invenerit
521 1000 662 1054 dictatum.
675 1002 775 1054 iccirco
788 1003 862 1054 enirn
875 1003 928 1056 levi
941 1002 1043 1057 dictatu
1057 1010 1167 1058 nostros
1178 1016 1322 1058 sermones
1333 1003 1362 1057 iu
1373 1016 1402 1057 co
1412 1003 1477 1069 scrip

277 1100 372 1166 simus,
386 1105 481 1152 uttam
503 1099 634 1164 imperitis
654 1112 736 1166 quam
759 1101 853 1165 peritis
873 1102 1056 1167 aperirentur.
1069 1103 1143 1156 llulti
1165 1100 1241 1170 quod
1254 1115 1312 1157 non
1332 1102 1474 1169 intellegmt

277 1197 447 1265 despiciunt;
461 1200 555 1252 Franci
576 1199 759 1252 Theutonicos
771 1205 798 1252 et
810 1201 924 1254 Romani
938 1203 1054 1256 Graecos
1071 1201 1237 1269 despiciunt,
1250 1214 1283 1257 co
1298 1201 1369 1270 quod
1380 1201 1473 1268 logum

278 1310 373 1350 eorum
385 1297 498 1349 minime
510 1296 680 1364 intellegunt.
694 1298 720 1348 si
733 1296 832 1350 cotidie
849 1298 932 1352 audio
945 1300 1146 1364 praedicantem
1158 1302 1292 1355 Graecum
1304 1304 1351 1354 aut
1360 1298 1474 1353 tbeutmi·
1561 1340 1566 1347 .

278 1410 350 1462 cum,
364 1409 434 1463 quae
446 1395 546 1448 utilitas
559 1395 625 1446 mibi
646 1396 707 1447 esti
718 1396 888 1461 Quapropter
909 1409 992 1463 super
1011 1403 1129 1465 quatuor
1149 1398 1292 1467 evangelia
1312 1403 1339 1452 et
1349 1410 1422 1465 super
1430 1407 1473 1462 pro
1485 1392 1504 1445 il

277 1496 372 1561 phetas
384 1494 568 1561 expositiones
580 1492 685 1545 dudum
697 1493 785 1546 sancti
803 1496 1010 1562 protenderunt,
1023 1496 1087 1562 quia
1101 1496 1216 1550 minime
1228 1491 1477 1565 intellegebamus

278 1594 343 1646 milii
356 1606 455 1659 panem
467 1606 522 1646 non
535 1592 651 1643 incisum
664 1591 698 1644 ad
717 1604 839 1644 mensam
860 1591 979 1660 dederis,
992 1594 1079 1647 laetus
1091 1595 1223 1662 accipiam
1234 1612 1244 1661 ;
1257 1592 1479 1659 simsebinus

277 1694 330 1747 tior
342 1693 471 1757 suscipio.
485 1694 582 1743 Parum
598 1690 703 1757 prolicit
713 1697 813 1761 crusta,
826 1692 914 1746 donec
926 1697 1055 1761 appareat
1066 1693 1146 1747 mica.
1160 1693 1295 1747 Sincerus
1306 1698 1388 1761 potus
1398 1689 1484 1760 ouidii

277 1805 306 1844 se
318 1793 398 1844 lateat
409 1790 509 1843 clarius
520 1788 650 1844 ostendit.
662 1790 792 1844 sinceros
804 1797 830 1844 et
841 1797 951 1858 apertus
964 1792 1061 1846 oculus
1072 1792 1175 1847 clarius
1191 1792 1269 1847 sidet
1280 1806 1367 1860 quam
1378 1793 1489 1847 obscurus

276 1895 304 1943 et
315 1891 431 1943 clausus.
446 1888 564 1942 candela
576 1888 649 1941 clara
661 1903 731 1955 quae
751 1891 856 1943 cunctis
868 1891 1108 1945 circumstantibus
1128 1890 1175 1945 dat
1186 1890 1296 1959 lumen,
1310 1892 1399 1960 magis
1408 1887 1496 1958 proiicit
1506 1886 1526 1940 ll

277 2001 358 2055 quam
371 2000 403 2040 ea
414 2000 484 2053 quae
496 1987 556 2039 aliis
569 1987 691 2052 praebet,
704 1987 765 2039 aliis
777 1993 867 2055 negat.
881 1990 925 2042 sic
937 1989 1048 2056 igitur...
1059 1987 1304 2056 (boeetpbrccic
1328 1990 1405 2045 idem
1414 1990 1447 2044 dc
1456 1989 1500 2041 liis

277 2089 346 2141 toria
359 2085 501 2152 Caroli...).

356 2294 493 2342 Pnouocr
518 2295 561 2342 nn
585 2295 835 2343 resuscitatoris
859 2287 976 2343 simcrt
999 2296 1112 2344 ticoni
1135 2296 1222 2345 rans
1248 2297 1444 2348 Posromon

739 2391 819 2476 (Cir.
839 2412 950 2479 supra,
976 2392 1038 2482 2⁰).

363 2607 453 2656 llxstat
473 2605 605 2672 optimum
627 2604 790 2658 miraculum
813 2618 901 2671 usque
921 2603 1003 2658 hodie
1024 2604 1053 2657 in
1076 2604 1236 2657 testimonio
1259 2607 1409 2672 pretiosae
1431 2606 1564 2660 moruzio

143 2715 152 2733 ·
189 2712 220 2764 ¹.
279 2717 382 2757 eorum.
397 2707 472 2770 Nam,
485 2709 524 2769 ut,
542 2704 658 2770 inquit·,
672 2705 700 2757 in
721 2696 842 2769 praefata
860 2703 1041 2757 sollemnitate
1062 2716 1167 2763 corum.
1186 2701 1286 2771 vigilia
1310 2705 1434 2771 scilicet,
1454 2704 1524 2774 apud

279 2803 417 2856 Acitanam
429 2803 525 2855 urbem
537 2801 571 2854 ad
583 2803 737 2868 sepulcrum
751 2803 837 2855 sancti
851 2802 979 2870 Torquati
1005 2807 1078 2856 retro
1098 2800 1257 2869 ecclesiam,
1270 2806 1427 2859 annuatim
1447 2806 1526 2859 arbor

277 2902 363 2955 olivae
375 2902 504 2955 diuinitus
517 2902 626 2966 florens,
641 2903 753 2954 maturis
767 2903 899 2955 fructibus
912 2906 1066 2966 onustatur,
1080 2901 1209 2967 equibus
1223 2900 1323 2956 oleum
1338 2905 1407 2959 ilico
1420 2905 1525 2958 elicitur

277 3001 351 3054 unde
363 3002 501 3067 lampades
515 3007 578 3055 ante
590 3002 674 3054 altare
687 3002 745 3068 ejus
757 3001 943 3054 uenerandum
956 3000 1152 3054 accenduntur.
1163 3000 1217 3052 atii
1231 3015 1302 3055 vero
1316 3003 1380 3057 duo
1389 3004 1522 3071 discipuli,

277 3101 439 3153 Athanasius
451 3101 554 3154 scilieet
566 3106 592 3153 ct
612 3099 779 3167 Theodorus,
794 3107 823 3152 ut
836 3101 864 3152 iu
877 3101 936 3166 ipsa
948 3100 1020 3153 beati
1036 3097 1136 3153 Leonis
1154 3099 1276 3166 epistola
1288 3103 1440 3169 scribitur,
1451 3106 1522 3169 juxta
1537 3102 1564 3153 Ξ

277 3201 454 3266 apostolicum
467 3215 565 3265 corpus
587 3214 659 3252 unus
679 3198 713 3251 ad
734 3199 875 3251 dexteram
896 3206 923 3251 et
944 3200 1013 3251 alius
1026 3198 1060 3251 ad
1081 3199 1185 3251 laevam
1198 3199 1396 3266 sepeliuntur.
1410 3203 1525 3255 Neccui·

278 3313 359 3365 quam
372 3297 452 3351 debet
473 3299 572 3350 mirum
592 3298 677 3349 videri
700 3298 773 3363 quod
795 3299 957 3350 Athanasius
979 3299 1014 3349 sit
1036 3297 1142 3360 Esitius.
1156 3310 1221 3349 cum
1245 3298 1323 3352 alter
1342 3303 1379 3353 sit
1392 3303 1526 3354 Esitiusct

278 3398 346 3450 alter
368 3399 538 3450 Athanasius.
551 3396 604 3449 Sed
627 3397 692 3462 quid
712 3396 747 3448 de
760 3397 852 3450 libello
873 3398 954 3464 liujus
976 3396 1160 3449 translationis
1183 3396 1262 3450 circa
1282 3401 1433 3464 quendam
1455 3401 1523 3453 beati

278 3498 370 3551 iacobi
383 3498 556 3564 peregrinum
578 3497 678 3548 nostris
699 3497 866 3561 temporibus
888 3497 985 3548 accidit
997 3494 1076 3549 nobis
1089 3499 1130 3548 est
1140 3495 1309 3551 dicendum.
1324 3499 1452 3553 Clericus
1466 3499 1522 3566 qui·

278 3598 340 3649 dam
352 3597 417 3649 mihi
431 3601 522 3660 notus,
533 3597 619 3647 sancti
630 3596 722 3648 iacobi
735 3601 840 3648 amator
852 3600 879 3647 ct
891 3596 1058 3662 peregrinus,
1068 3596 1137 3647 lianc
1150 3597 1375 3652 translationem
1388 3613 1453 3653 curn
1465 3599 1520 3666 qui·
1533 3597 1560 3647 st

278 3695 392 3749 bustiam
406 3695 466 3748 aliis
478 3694 590 3761 apostoli
614 3694 751 3746 miraculis
771 3694 866 3746 volens
878 3707 971 3746 secum
992 3692 1026 3745 ad
1039 3694 1155 3760 patriam
1166 3706 1249 3746 suam
1271 3694 1402 3767 deferre,
1416 3697 1519 3751 cuidam

278 3796 414 3847 ferrando
426 3794 550 3859 scriptori
564 3793 592 3844 in
604 3793 672 3845 urbc
693 3791 817 3858 ejusdem
840 3791 954 3857 apostoli
974 3792 1093 3844 scribere
1104 3791 1167 3844 iecit
1187 3798 1217 3844 et
1228 3793 1334 3860 viginti
1348 3810 1478 3850 nummos
1495 3797 1520 3847 in

276 3893 394 3960 pretium
416 3893 500 3945 dedit.
514 3893 562 3955 Qui
584 3906 645 3944 cum
667 3891 789 3944 libellum
810 3890 872 3944 (lato
886 3891 972 3957 pretio
993 3891 1127 3957 acciperet
1139 3895 1168 3942 et
1190 3891 1222 3943 in
1242 3895 1403 3959 apostolica
1416 3896 1520 3949 basilica

277 3995 376 4062 angtrlo
389 3993 506 4060 quodam
528 3999 632 4044 secreto
647 3992 720 4043 selus
741 3991 851 4058 legeret,
873 4003 954 4056 super
973 3990 1108 4057 gremium
1129 4003 1214 4042 suum
1237 4005 1380 4047 nummos
1400 4001 1440 4048 tot
1460 4000 1520 4062 quot

276 4095 400 4160 scriptori
413 4092 524 4145 dederat
537 4092 664 4156 repperit,
678 4102 746 4155 quos
759 4103 773 4141 a
795 4090 871 4141 nullo
883 4089 1038 4142 mortalium
1059 4088 1108 4142 scd
1120 4089 1156 4141 ab
1167 4090 1300 4156 apostolo
1323 4092 1461 4148 divinitus
1473 4095 1517 4146 im·
1531 4093 1558 4143 3

278 4193 378 4257 positos
390 4189 514 4243 credidit.
528 4193 695 4256 Qutipropter
708 4188 804 4240 beatus
816 4187 953 4252 apostolus
965 4186 1134 4256 largissimus
1146 4196 1354 4244 remunerator
1367 4207 1430 4247 esse
1441 4192 1521 4246 credi·

278 4297 322 4343 tur
334 4290 413 4344 donis
425 4288 597 4351 caelestibus,
605 4288 652 4353 qui
665 4292 720 4340 tam
733 4288 785 4340 cito
795 4300 904 4339 servum
916 4301 996 4340 suum
1010 4286 1125 4340 terrenis
1137 4290 1338 4344 remuneravit
1352 4293 1519 4346 muneribus.
