3136 5482
368 384 458 434 aran.
478 383 564 432 nir.
583 383 699 433 esais.
718 404 763 413 —
779 383 933 433 urrann.
952 383 1000 431 nn
1016 381 1093 431 coo.
1112 377 1187 430 sata.
1327 364 1391 429 497

162 563 226 632 rens
239 564 324 618 quem
336 550 457 618 devoret,
472 553 593 620 pervigili
606 552 688 607 corde
701 564 732 605 ac
745 551 855 604 instanti
869 550 954 603 tulela
974 549 1169 616 omnipotentis
1182 550 1229 602 bei
1250 549 1394 605 clementia

162 653 294 718 sagaciter
315 652 458 719 eripuitac
481 653 622 706 famulatui
642 653 740 705 christi
762 651 907 705 elllcaciter
927 651 1101 717 mancipavit,
1125 650 1261 704 flexuosos
1281 647 1395 715 insuper

161 751 267 818 antiqui
289 752 374 805 hostis
395 753 514 819 spiculos
535 753 675 806 evidenter
694 750 813 820 effugere
830 765 878 818 per
891 765 966 804 arma
985 751 1106 818 justitiae
1117 749 1219 804 docuit.
1232 748 1282 812 Qui
1297 749 1394 802 beatus

160 852 306 905 possessor
319 852 467 905 mullorum
480 866 615 906 annorum
628 852 773 905 curriculis
785 853 898 905 bomine
912 851 1043 916 militans,
1056 850 1167 903 tandem
1178 850 1234 916 jam
1246 853 1392 915 provectus

138 950 145 1001 i
159 954 256 1016 aetate,
271 956 363 1004 certus
375 951 411 1004 de
424 951 655 1015 remuneratione,
668 951 831 1004 adveniente
844 952 935 1004 exitus
947 951 988 1004 sui
1001 950 1057 1016 die,
1070 958 1158 1002 rrxx¹¹¹⁰
1169 952 1207 1002 v¹⁰
1220 947 1393 1014 episcopatus

160 1050 203 1102 sui
216 1063 292 1104 anno
305 1056 419 1105 mortem
434 1051 517 1105 subiit
528 1050 707 1118 temporalem
720 1056 747 1105 et
758 1057 921 1118 perpetuam
934 1050 1040 1104 invenit
1051 1050 1181 1117 quietem.

193 1147 226 1200 8.
240 1149 272 1200 ln
285 1150 363 1215 cujus
380 1150 556 1203 sacratissimi
569 1150 692 1216 corporis
706 1149 873 1203 resolutione
884 1149 974 1202 omnis
985 1150 1075 1202 clerus
1093 1153 1263 1214 cunctusque
1276 1147 1394 1213 populus

158 1247 305 1314 utriusque
325 1261 416 1314 sexus,
432 1249 555 1303 virorum
577 1263 608 1301 ac
630 1250 788 1311 mulierum,
806 1249 980 1302 constantiae
999 1249 1076 1301 urbis
1097 1246 1193 1311 adluit,
1215 1246 1250 1300 de
1269 1246 1394 1300 absentia

159 1345 228 1398 tanti
243 1347 327 1412 patris
340 1353 452 1414 maesta,
466 1348 495 1400 in
508 1348 632 1414 exequiis
644 1354 736 1401 autem
750 1347 874 1414 ejusdem
886 1349 972 1401 sancti
986 1347 1110 1401 sollicita.
1123 1347 1172 1411 Qui
1185 1360 1282 1400 omnes
1295 1345 1393 1399 unani·

138 1455 141 1492 l
158 1446 241 1498 miter
253 1449 339 1499 totam
357 1451 464 1500 noctem
487 1447 645 1515 pervigilem
666 1446 809 1512 ducentes,
823 1447 944 1513 psalmis,
959 1448 1076 1514 hymnis,
1089 1447 1202 1501 canticis
1223 1447 1392 1512 spiritalibus

159 1543 277 1598 Domino
297 1545 447 1611 psallentes
467 1547 646 1613 exequiarum
667 1560 744 1600 more
761 1560 869 1600 sacrum
890 1546 1081 1600 custodiebant
1102 1546 1303 1613 corpusculum.
1323 1549 1392 1598 bum

156 1650 251 1698 autem
265 1646 317 1698 boc
329 1659 425 1699 omnes
436 1647 524 1700 sative
537 1652 565 1699 et
583 1647 728 1700 sinceriter
739 1651 912 1715 peragerent,
926 1644 999 1699 etde
1021 1651 1130 1712 pastore
1142 1647 1170 1699 in
1191 1650 1328 1711 posterum
1341 1646 1394 1699 sol·

155 1737 226 1794 liciti
239 1749 342 1808 essent,
356 1742 411 1797 duo
423 1743 534 1796 tandem
546 1728 706 1811 presbyteri,
717 1744 819 1803 divina.
832 1749 863 1797 ul
875 1745 967 1810 credo,
977 1745 1078 1811 pietate
1088 1745 1173 1808 ducti,
1184 1745 1212 1796 in
1225 1744 1316 1798 somni
1329 1746 1393 1796 sunt

155 1840 232 1895 mole
243 1841 377 1908 depressi.
390 1846 513 1910 cumque
524 1845 747 1911 opprimerentur
759 1856 774 1896 a
787 1857 894 1908 somno,
907 1844 936 1895 in
949 1843 1007 1910 ipso
1020 1845 1062 1896 sui
1083 1843 1175 1910 operis
1188 1843 1305 1896 articulo
1319 1841 1395 1894 vide·

153 1946 220 1994 runt
233 1942 323 1997 subito
335 1944 423 1996 virum
437 1945 512 1997 omni
526 1946 669 1999 honestate
680 1945 841 2012 pollentem,
851 1920 1114 1995 venerabili'canitie
1133 1942 1296 2008 praeditum,
1309 1940 1395 1992 niveis

160 2037 197 2092 ad
209 2039 298 2092 instar
310 2041 430 2094 vestibus
442 2047 559 2108 septum,
573 2043 620 2110 qul
633 2044 700 2096 baec
711 2043 766 2095 illis
779 2041 870 2095 intulit
882 2041 978 2095 dicens
994 2054 1002 2092 ε
1019 2042 1132 2110 Nolite,
1148 2039 1277 2109 fratres,
1296 2040 1396 2094 notite

157 2137 285 2192 diutius
305 2139 418 2193 mentis
438 2142 601 2195 anxietate
616 2155 679 2209 pro
694 2144 825 2209 pastore
844 2143 961 2196 amisso
982 2142 1115 2210 turbari,
1138 2141 1286 2210 quoniam
1306 2140 1393 2193 misit

157 2237 246 2292 vobis
265 2239 418 2293 Dominus
430 2244 593 2308 pastorem
605 2241 747 2308 juveniti
767 2244 870 2295 aetate
883 2244 1063 2310 potientem,
1085 2254 1185 2309 quem,
1200 2239 1391 2308 priusquam

155 2339 354 2405 cosmetur,
362 2339 475 2392 matris
488 2340 522 2391 iu
533 2339 703 2394 visceribus
715 2338 872 2394 bertediait
881 2354 919 2396 ac
930 2343 1109 2396 columnam
1119 2339 1276 2396 Ecclesiae
1282 2341 1388 2406 pasto·

138 2447 287 2503 ¹reasque
306 2435 390 2490 vobis
409 2436 557 2505 futurum
566 2440 750 2507 praeetepr't,
764 2441 819 2507 qui
839 2441 958 2495 tribuat
978 2440 1013 2493 iu
1034 2443 1169 2508 tempore
1187 2439 1271 2493 vobis
1290 2437 1390 2492 tritici

155 2546 361 2589 mensuram.-
367 2538 575 2603 praeclarum
586 2538 706 2593 scilieet
717 2540 870 2605 Lautum,
881 2539 991 2593 merito
1000 2541 1030 2592 et
1038 2539 1163 2594 nomiae
1174 2536 1385 2602 laudabilem,⁸

155 2632 484 2700 ipsumquebabebitis
498 2637 690 2705 pontificem.
705 2640 828 2705 cumque
845 2637 992 2704 supradicti
1012 2638 1164 2704 presbyteri
1189 2643 1262 2690 tanta
1283 2637 1388 2690 visione

156 2733 242 2785 simul
260 2739 287 2785 et
298 2735 487 2788 ammiratione
509 2743 602 2789 essent
614 2737 806 2806 expergefacti,
820 2738 895 2790 omni
916 2737 991 2790 clero
1008 2741 1036 2789 et
1052 2738 1127 2790 omni
1150 2735 1250 2803 populo
1271 2735 1384 2788 visionis

155 2843 224 2885 suae
238 2832 399 2886 intimarunt
419 2848 554 2887 summam
567 2835 640 2889 etde
661 2838 776 2902 pastoris
797 2835 931 2889 electione
953 2835 1134 2889 reddiderunt
1154 2836 1297 2888 animatos.
1311 2838 1387 2887 'lunc

151 2944 254 2986 omnes
265 2934 367 2998 pariter
383 2936 527 2988 bominum
549 2935 755 3000 benedicentes,
769 2937 926 3003 sepulturae
942 2936 1115 2989 tradiderunt
1136 2935 1208 2988 beati
1222 2933 1387 2989 possessoris

154 3031 361 3096 corpusculum,
375 3037 402 3084 et
414 3033 476 3086 licet
488 3039 653 3088 renuentem
665 3040 692 3088 et
704 3035 751 3087 tali
764 3036 914 3102 negotiose
932 3035 989 3088 lore
1002 3033 1147 3102 indignum
1160 3034 1385 3100 proclamantem,

154 3129 268 3182 andem
288 3132 378 3183 omnis
398 3145 514 3186 concors
526 3135 609 3187 totius
630 3135 695 3187 cleri
718 3147 750 3188 ac
763 3135 856 3201 populi
874 3131 988 3187 affectus
1008 3133 1113 3202 eligunt
1134 3134 1269 3201 insignem
1282 3133 1387 3186 meritis

155 3228 268 3280 beatum
280 3228 413 3294 Laudum,
423 3232 626 3300 [protestantes]
639 3246 668 3286 se
682 3234 823 3300 proprium
836 3233 976 3286 habituros
990 3238 1125 3298 pastorem
1139 3246 1170 3286 ac
1183 3239 1326 3291 rectorem,
1339 3232 1386 3298 qui

154 3327 257 3392 prioris
268 3328 352 3393 patris
371 3328 405 3381 ad
426 3331 512 3383 instar
523 3331 578 3383 illis
600 3331 761 3384 meritorum
776 3332 938 3384 executione
959 3329 1037 3383 fleret
1055 3331 1191 3396 praevius,
1204 3338 1231 3384 et
1250 3331 1285 3383 de
1305 3343 1387 3398 grege

153 3425 207 3478 sibi
220 3427 367 3481 commisso
380 3428 443 3481 binc
455 3429 519 3482 inde
531 3429 673 3494 sollicitus,
687 3444 736 3496 per
749 3431 875 3483 semitam
888 3428 1079 3483 mandatorum
1094 3429 1139 3482 bei
1152 3429 1300 3483 deduceret
1313 3430 1384 3496 pius.

187 3525 221 3577 4.
240 3525 310 3579 lnito
331 3534 471 3591 praeterea
492 3530 616 3593 consilio,
640 3544 690 3596 pro
711 3531 794 3598 regali
816 3530 967 3582 assertione
988 3542 1019 3581 ac
1041 3542 1186 3595 procerum
1207 3529 1385 3595 opitulamine

153 3622 362 3678 childebertum
382 3626 506 3679 inclitum
528 3640 619 3695 regem
640 3631 806 3681 Francorum
829 3633 924 3693 petunt
944 3608 1111 3680 unanimiter
1135 3628 1334 3693 proclamantes
1357 3627 1385 3679 in

154 3723 205 3776 bac
220 3736 305 3776 voce:
325 3725 432 3792 litam,
445 3725 554 3780 iuclite
564 3739 632 3795 rem,
641 3727 780 3795 petimus
787 3727 939 3793 pietatem
951 3725 1072 3794 obuiae,
1085 3739 1145 3793 quo
1166 3725 1253 3779 uobis
1265 3726 1385 3779 dudum

149 3823 281 3887 pastore
295 3820 414 3875 orbatis
427 3825 514 3877 tuam
526 3837 566 3878 ue
576 3824 709 3891 differas
721 3824 929 3879 cumentiam.
947 3824 1080 3877 Oramus
1091 3824 1184 3892 euim,
1196 3823 1354 3879 eiecimus
1365 3837 1387 3877 a

138 3919 141 3964 t
153 3919 215 3974 Deo
228 3919 316 3974 nobis
333 3920 529 3990 detumesce,
542 3925 579 3977 ut
593 3924 740 3977 cauatam
751 3923 936 3977 meritorum
948 3923 1038 3989 copia
1050 3923 1237 3977 rutilantem
1251 3926 1306 3977 tua
1313 3936 1387 3991 pro·

154 4030 323 4086 ceramque
334 4023 460 4075 tuorum
471 4022 619 4076 electione
631 4035 809 4076 mereamur
816 4024 978 4090 pastorem
991 4021 1112 4076 babere.
1126 4023 1214 4075 isdem
1233 4028 1324 4076 autem
1339 4036 1385 4075 rex

153 4118 209 4185 jam
222 4119 329 4184 pridem
340 4120 519 4186 intempestae
531 4125 540 4142 ·
554 4123 642 4175 noctis
655 4122 764 4175 silentio
775 4135 824 4187 pro
834 4124 884 4174 bac
895 4121 992 4174 eadem
1006 4135 1035 4174 re
1047 4122 1171 4190 angelica
1183 4123 1272 4175 luerat
1282 4134 1386 4175 aruino·
1416 4119 1502 4173 'cod
1517 4119 1559 4172 in·

156 4219 262 4271 nitione
274 4219 407 4285 pulsatus.
417 4221 523 4285 scilicet
535 4227 565 4275 ut
576 4223 751 4275 constantiae
761 4223 838 4275 urbis
850 4222 949 4289 populo
959 4222 1129 4274 satisfaceret
1138 4222 1235 4287 eisque
1246 4226 1386 4286 pastorem
1415 4190 1556 4252 tempesta·

155 4318 267 4372 beatum
279 4320 400 4373 bandum
414 4322 555 4375 tribueret
569 4326 646 4376 Tune
666 4336 713 4375 rex
734 4322 854 4388 inclitus,
867 4322 989 4389 angelica
1007 4322 1133 4375 visione·
1146 4327 1284 4388 expertus,
1303 4322 1384 4373 simul
1448 4317 1524 4371 ‘sia

153 4418 287 4484 petitione
307 4418 429 4484 pulsatus
447 4433 591 4486 procerum
613 4423 861 4488 episcoporumque
881 4420 1005 4473 unanimi
1027 4420 1178 4483 voluntate,
1198 4419 1271 4486 quod
1292 4428 1389 4486 petunt

149 4516 233 4583 iubet
245 4515 353 4582 impleri
366 4517 547 4571 ecclesiastica
561 4519 713 4572 sanctione.

182 4614 218 4667 5.
232 4613 375 4680 Siquidem
387 4628 420 4667 eo
433 4621 555 4682 tempore
565 4617 679 4671 antistes
691 4617 849 4684 praeclarus
870 4626 897 4670 et
910 4617 1012 4670 meritis
1028 4629 1153 4684 magnus,
1167 4617 1264 4670 beatus
1284 4619 1387 4673 scilicet

182 4724 287 4768 mssa.
299 4723 387 4767 snam.
403 4725 428 4766 r.
445 4725 464 4767 1.
1321 4721 1354 4772 32
