3136 5482
261 325 355 378 amn.
373 325 457 377 aar.
475 325 592 377 rums.
610 345 655 357 -
671 325 826 377 serena.
845 326 892 378 an
908 326 986 378 con.
1004 325 1080 379 saco.
1219 313 1280 380 531

90 496 142 549 10.
157 496 223 549 inde
237 495 361 550 salutatis
381 473 510 549 iratribus
522 500 604 562 atque
616 495 745 549 osculatis
757 501 899 562 exeuntes,
920 498 1094 562 pervenimus
1106 498 1135 551 in
1149 497 1286 551 calvariae

55 595 158 650 locum.
173 596 298 649 Nondum
309 609 325 648 o
338 596 417 649 nobis
430 595 594 648 discesserat
605 595 701 649 beatae
719 596 868 654 memoriae
890 596 973 650 abbas
984 597 1091 650 sirinus
1112 602 1139 651 et
1148 598 1287 651 lohannes

56 692 212 762 discipulus
233 697 302 762 ejus,
315 696 361 762 qui
384 707 419 748 ne
440 695 473 748 ad
491 699 661 747 momentum
674 695 786 762 quidem
807 696 985 750 homeunius
1007 697 1182 763 patiebantur
1204 699 1288 764 patris

57 793 210 848 uenerandi
223 793 318 847 abesse
330 794 493 859 praesentia.
506 793 546 846 ihi
565 792 618 846 ioci
631 793 806 858 habitatores,
820 793 968 848 adventum
989 800 1114 849 nostrum
1133 795 1287 862 audientes,

28 896 43 948 1
58 892 161 960 oppido
170 893 430 961 congratulabantur
444 892 596 958 nobis3scd
608 892 833 958 quodaltiusillis
845 878 985 946 formidini
995 898 1053 946 erat
1069 892 1195 946 dolentes
1208 894 1289 946 nobis

57 991 232 1058 intimabant,
247 991 364 1058 qualiter
383 991 534 1058 imperator
546 1004 577 1044 ex
598 991 714 1044 consilio
728 990 926 1045 baereticomm
948 991 983 1046 ad
1002 992 1183 1060 requirendos
1195 1005 1243 1046 eos
1255 993 1289 1045 ad
1376 1036 1378 1041 .

57 1090 286 1159 proscriptionem
298 1091 434 1145 bonorum
448 1103 561 1143 suorum
573 1091 688 1144 hiarium
699 1103 762 1143 cum
780 1091 837 1143 suis
849 1091 1028 1157 complicibus
1043 1092 1171 1144 misisset.
1186 1092 1289 1155 Quibus

57 1194 136 1259 pater
156 1190 316 1245 mitissimus
338 1189 500 1256 respondit:
522 1190 561 1243 El
580 1203 636 1243 nos
655 1189 772 1256 eadem,
795 1188 924 1257 fratres,
944 1190 1133 1244 audicimus.
1156 1190 1213 1244 Sed
1236 1204 1289 1244 nos

56 1291 315 1343 nsemoresestote
328 1287 475 1354 quodsub
495 1289 562 1356 ipso
583 1287 776 1342 imminentis
791 1288 949 1355 passionis
970 1289 1108 1343 articulo
1128 1289 1291 1356 discipulis

10 1389 43 1443 il
57 1388 124 1443 suis
132 1389 208 1456 pius
228 1389 480 1455 mapisterjussit
501 1391 532 1442 et
550 1388 701 1443 Dominus
714 1407 723 1443 .·
736 1409 750 1436 ιι
781 1388 922 1457 Vigilate,
935 1389 1087 1458 inquiens,
1101 1393 1131 1444 et
1143 1393 1240 1458 orate,
1253 1402 1293 1444 ne

37 1478 187 1543 *intretis
208 1487 241 1541 in
261 1487 493 1555 temptationem
513 1505 535 1539 ι.
560 1487 775 1541 Verumtamen
795 1501 836 1541 ca
854 1501 888 1541 eo
910 1488 991 1554 parad
1010 1487 1097 1542 nobas
1109 1488 1239 1557 refertis
1251 1502 1290 1543 ne

58 1597 276 1653 usquequaque
299 1585 495 1653 remeamini,
507 1598 564 1639 nec
580 1599 632 1639 vos
650 1599 672 1638 a
691 1586 750 1639 Dec
767 1585 895 1653 penitus
916 1585 1078 1640 destitutos
1098 1586 1292 1643 arbitrantes

58 1683 97 1738 de
109 1683 197 1738 illius
217 1682 436 1738 misericordia
456 1683 634 1751 desperetis.
651 1683 722 1737 Dico
735 1683 818 1736 enim
840 1683 923 1737 cobis
935 1685 1016 1751 quod
1035 1686 1065 1738 et
1083 1685 1232 1740 Dominus
1249 1686 1293 1740 ad

53 1794 167 1849 pacem
179 1780 336 1837 Ecclesiae
356 1783 386 1835 et
404 1794 566 1835 servorum
582 1795 710 1835 suorum
731 1781 812 1835 mibi
829 1783 981 1837 revelavit
998 1783 1074 1851 quia
1092 1785 1215 1839 Marius
1236 1786 1290 1840 ille

10 1883 46 1939 lli
59 1881 270 1948 nequissimus
284 1880 351 1934 duca
371 1883 400 1935 et
408 1881 559 1949 princeps
579 1879 686 1949 fiaerat
697 1894 814 1949 eorum,
827 1882 883 1949 pai
895 1895 936 1936 esc
954 1882 1110 1938 sententia
1122 1881 1289 1939 baeretico-

60 1993 136 2034 rum
147 1979 243 2045 jussu
262 1979 465 2046 imperatoris
484 1983 577 2034 erant
597 1980 688 2035 missi
699 1981 742 2034 ad
761 1980 988 2034 eaterminium
1007 1979 1201 2049 famulorum
1218 1983 1274 2039 Dei
1283 1999 1292 2051 ‚·

62 2079 129 2145 ille,
142 2079 280 2146 inquam,
302 2079 431 2146 Marius,
447 2078 553 2132 divino
569 2081 762 2147 praesentas
775 2079 909 2148 judicio,
922 2079 960 2134 ab
980 2081 1162 2135 executione
1178 2068 1293 2148 'feralis

59 2179 319 2248 praeceptivam
332 2179 420 2246 nolit,
431 2179 541 2232 amodo
554 2179 779 2247 aesiderabam
793 2179 1023 2235 irremediabili
1029 2182 1119 2246 peste
1131 2181 1293 2247 languoris

62 2280 188 2333 teretia
199 2275 354 2346 afflatus,-
366 2279 401 2332 ut
418 2278 473 2344 qui
493 2281 614 2332 sanctos
630 2279 685 2331 Dei
700 2278 819 2346 punire
838 2277 1018 2346 festinabat,
1033 2279 1098 2346 ipse
1110 2280 1293 2347 poenalibus

10 2379 46 2433 Ι)
58 2377 217 2445 perfidiae
227 2389 303 2430 suae
314 2375 448 2431 vinculis
459 2377 620 2432 cruciatus
636 2377 669 2429 in
681 2377 858 2444 exemplum
874 2379 1007 2431 terroris
1019 2379 1061 2430 sit
1074 2379 1158 2458 male
1167 2378 1290 2434 seducto

61 2476 260 2544 imperatori.
282 2475 376 2529 Nobis
396 2488 479 2543 erpo,
500 2489 688 2544 quamquam
708 2477 809 2530 multa
828 2476 896 2530 alia
917 2475 1078 2531 instabant
1100 2477 1233 2546 apenda,
1254 2492 1291 2533 ea

58 2573 231 2644 praeapte
242 2587 336 2629 causa
343 2575 505 2641 palatium
517 2588 572 2629 nos
583 2575 717 2642 appredi
727 2578 838 2642 monet,
852 2577 887 2627 ut
902 2574 1041 2641 propitio
1053 2575 1113 2628 Deo
1125 2575 1292 2642 imperato·

63 2685 133 2727 rein
156 2685 178 2725 a
207 2675 272 2727 tam
298 2684 410 2726 vesano
433 2685 543 2726 errore
572 2673 614 2726 ad
636 2672 729 2741 fidem
752 2671 938 2726 catholicam
963 2675 1187 2739 convertamus,
1211 2675 1241 2728 et
1259 2677 1295 2727 ut

63 2773 217 2840 repressis
229 2773 385 2826 malcrum
394 2773 610 2839 inprucntium
622 2773 806 2840 turbinibus,
817 2772 953 2827 Ecclesia
963 2774 1018 2826 Dei
1030 2773 1207 2839 tranquilla
1214 2787 1294 2840 pace

12 2875 49 2929 ¹5
65 2872 211 2928 ueram.

98 2971 144 3023 11.
159 2971 197 3022 lta
209 2970 289 3037 tatus,
302 2970 450 3035 assumpsit
462 2982 555 3023 secum
567 2970 712 3037 Georgium
731 2970 964 3035 archidiaconum,
978 2970 1158 3037 Theophilum
1180 2976 1209 3023 et
1225 2972 1293 3024 Gon·

62 3067 225 3131 stautinum,
238 3072 265 3119 et
278 3079 310 3120 ex
328 3068 470 3120 monachis
487 3068 565 3132 duos,
579 3068 749 3122 Theotistum
761 3072 788 3120 et
799 3067 994 3122 Theodosium.
1007 3068 1055 3121 ilis
1075 3069 1294 3122 commeantibus

61 3167 249 3223 Andochenae
261 3168 338 3222 urbis
350 3174 441 3235 partes
460 3168 665 3235 praetendebat.
676 3169 728 3223 Sed
741 3168 879 3237 aggressio
889 3169 963 3221 illius
976 3168 1046 3220 clam
1056 3181 1118 3220 esse
1128 3181 1185 3221 non
1197 3170 1295 3234 potuit,

62 3267 129 3335 quia
149 3280 337 3335 quascumque
356 3269 441 3321 urbes
458 3272 505 3321 aut
525 3280 604 3336 agros
626 3268 797 3335 peragrabat,
810 3268 884 3321 velut
899 3266 1014 3333 quidam
1034 3265 1133 3321 lucifer
1152 3267 1294 3335 signomm

11 3370 47 3423 bb
63 3366 187 3434 potentia
200 3372 226 3421 et
236 3367 367 3421 uirtutum
378 3367 526 3433 splendore
539 3367 700 3420 illustrabat.
711 3370 777 3420 Nam
786 3366 821 3420 de
835 3366 1094 3433 circumjacentibus
1107 3366 1177 3419 arvis
1189 3367 1295 3420 incolae

63 3466 213 3520 adventum
230 3466 315 3531 ipsius
335 3471 485 3532 captantes,
499 3467 654 3520 catervatim
677 3465 800 3519 infirmos
812 3479 877 3519 suos
894 3443 1060 3518 advehentes
1072 3466 1212 3530 ponebant
1231 3470 1296 3518 ante

63 3579 139 3621 eum.
153 3567 273 3628 Quorum
287 3566 397 3621 intuens
408 3564 500 3629 fldem,
514 3565 707 3634 languentibus
719 3568 839 3631 optatam
852 3564 1008 3630 [incestabat
1021 3564 1147 3629 salutem,
1162 3569 1189 3616 et
1201 3563 1230 3616 in
1243 3564 1297 3616 illis

65 3662 247 3719 confirmabat
266 3665 401 3730 potiorem
422 3666 468 3718 bei
489 3665 673 3721 devotionem.
698 3666 725 3717 Si
746 3665 808 3732 quis
829 3665 864 3718 de
886 3676 1001 3718 numero
1022 3668 1163 3724 movetur,
1188 3663 1296 3730 triginta

64 3776 165 3819 novem
177 3762 285 3819 diuerso
306 3764 467 3819 morborum
478 3777 581 3832 genere
594 3765 754 3832 languentes
767 3763 923 3817 intrantem
940 3763 1056 3817 curavit.
1071 3762 1120 3817 Ubi
1132 3763 1226 3829 paucis
1238 3761 1296 3814 die·

11 3864 47 3920 85
64 3863 119 3917 bus
130 3862 239 3926 morati,
252 3862 447 3917 descendimus
457 3864 627 3917 Antiochiam
640 3865 669 3916 in
681 3864 774 3917 villam
786 3876 856 3930 quae
869 3862 969 3916 dicitur
980 3862 1120 3928 Galassia;
1136 3863 1165 3915 in
1178 3874 1232 3928 qua
1246 3874 1297 3915 uos

63 3961 186 4030 benigne
197 3963 317 4027 suscepit
329 3962 425 4018 beatae
437 3963 635 4017 recordationis
646 3964 809 4016 Athanasius
822 3962 975 4029 episcopus.

100 4059 151 4113 12.
164 4061 221 4113 iioc
233 4060 263 4113 in
275 4060 335 4114 loco
347 4061 413 4128 quid
426 4067 475 4128 pro
490 4062 591 4116 ramulo
609 4076 659 4116 suo
671 4063 802 4116 hominus
821 4066 948 4129 operatus
960 4064 1010 4126 est,
1025 4058 1223 4114 animadvertat
1238 4061 1297 4127 qui·

64 4171 186 4226 eumque
198 4158 320 4215 modicae
333 4158 396 4214 fidei
417 4160 544 4227 desperat
554 4161 590 4215 de
611 4162 711 4215 divitiis
723 4162 854 4215 bonitatis
867 4162 962 4228 ipsius.
976 4164 1059 4219 Porro
1082 4160 1201 4228 regionis
1221 4159 1305 4213 illius·

64 4257 173 4312 incolas
192 4258 290 4312 eodem
306 4272 380 4313 anno
401 4259 588 4314 iamesvalida
600 4266 792 4327 oppresserat3
806 4273 876 4325 auae
898 4274 941 4314 res
961 4260 1113 4326 praefatum
1136 4258 1295 4325 episcopum

10 4361 46 4415 ic
64 4357 185 4413 maxime
200 4358 388 4424 contristabat,
402 4360 476 4425 quod
488 4360 606 4425 primum
620 4373 731 4413 mensae
749 4359 920 4426 alimentum,
933 4373 1031 4426 panem
1045 4357 1180 4422 videlicet,
1194 4370 1296 4423 nequa-

65 4469 151 4523 quam
163 4456 289 4510 habehat.
303 4458 371 4522 Quid
391 4462 483 4513 tamen
502 4461 617 4527 ageret?
633 4460 715 4512 Nobis
736 4458 981 4524 discumbentibus,
997 4458 1121 4511 minister
1141 4462 1246 4509 mnium
1265 4469 1298 4510 ea

65 4568 141 4624 quas
152 4555 279 4623 habebat,
292 4555 459 4613 idestolera
471 4558 752 4626 separaremini,
765 4559 901 4625 apposuit.
917 4558 965 4612 iiic
977 4558 1018 4611 vir
1037 4556 1165 4622 copiosae
1177 4555 1298 4610 caritatis
