3156 5452
396 343 488 392 amc.
508 324 591 393 acar.
611 344 728 394 rems.
745 362 791 373 -
807 343 963 392 sereno.
981 344 1028 392 ar>
1044 344 1121 394 coo.
1140 345 1200 392 ers.
1372 327 1417 392 33

217 506 271 559 inihi
286 516 465 577 praesentem,
486 511 645 564 recordatus
665 517 706 564 est
726 517 753 563 et
771 511 806 564 ad
824 513 984 564 memoriam
1004 512 1061 576 ipse
1079 513 1217 564 lohannes
1238 513 1365 565 redactus
1384 513 1418 565 de

220 605 333 663 miraculis
343 624 392 677 per
404 624 497 664 rerum
515 616 677 676 creatorem,
692 611 794 663 nedum
807 612 835 662 in
854 611 1006 672 animabus,
1020 610 1163 663 sedetiam
1176 612 1336 677 carptoribus
1348 625 1421 664 crea·

140 712 142 719 ·
220 710 320 762 turamm
338 710 529 775 humanamm,
543 711 572 761 in
593 715 648 762 tam
666 711 777 775 copioso
796 723 912 762 numero
933 710 1059 776 precihus
1077 710 1150 762 beati
1171 710 1275 763 claudii
1288 711 1375 771 factis,
1388 725 1419 764 se

222 801 292 859 sideru
301 808 374 863 beato
386 815 415 862 et
426 808 530 861 dictum
542 823 658 874 puerum
671 809 845 862 devotissime
856 811 939 872 roric,
951 823 1070 863 exorans
1086 816 1117 862 ut
1129 824 1161 863 ex
1179 812 1284 863 meritis
1296 816 1324 863 et
1336 813 1419 864 inter·

192 904 367 961 amasionibus
377 907 501 974 ejusdem
522 908 614 960 infans
633 908 668 960 ad
680 908 844 974 baptismum
858 909 941 961 fontis
960 911 1072 962 euenire
1087 915 1188 974 posset.
1202 913 1323 977 natoque
1344 918 1417 975 coto,

218 1003 292 1058 infans
302 1007 363 1072 ipse,
376 1008 423 1074 qui
433 1006 584 1059 deferendo
594 1011 662 1073 erat,
673 1008 750 1075 quasi
761 1008 789 1060 in
799 1008 890 1060 medio
900 1008 1023 1075 ejusdcm
1034 1009 1167 1062 ecclesiae
1174 1011 1282 1062 urinam
1293 1013 1418 1063 emittere

213 1104 318 1173 exordii,
330 1108 461 1177 plangere
474 1111 503 1159 et
514 1107 667 1159 successive
679 1107 787 1173 vagiare
800 1123 807 1158 ε
821 1106 890 1159 adeo
902 1107 977 1173 qrrod
990 1108 1142 1173 baptizatus
1154 1120 1205 1174 per
1215 1108 1318 1160 dictum
1332 1110 1418 1162 eccle-

208 1203 261 1256 siae
271 1213 397 1259 rectorem
409 1206 518 1272 publice
531 1219 593 1258 eum
606 1207 651 1259 [tei
665 1205 800 1273 adjutorio
814 1206 909 1258 extitit.
923 1207 1038 1273 Fuitque
1055 1211 1110 1259 tota
1122 1220 1190 1274 gens
1202 1209 1289 1273 ipsius
1301 1209 1420 1261 civitatis

202 1302 266 1355 inibi
278 1310 386 1370 propter
399 1305 504 1357 dietum
517 1309 643 1357 eventum
663 1305 824 1356 miraculum
843 1309 992 1356 convocata
1005 1310 1032 1357 et
1052 1317 1201 1370 campanae
1218 1306 1350 1371 pulsatae.
1364 1291 1419 1360 ileo

153 1404 184 1455 ro
200 1404 312 1457 eruente
332 1405 443 1457 Claudio
456 1418 518 1456 cum
538 1403 637 1471 gaudio
658 1403 839 1470 regratiando.
854 1404 902 1467 Qui
916 1416 985 1469 puer
1005 1404 1069 1456 inde
1083 1405 1153 1456 viam
1170 1406 1315 1458 universae
1329 1408 1420 1459 earnis

193 1503 308 1568 sumpsit
319 1520 326 1567 ;
338 1508 365 1554 et
377 1502 436 1568 ipse
446 1502 585 1554 lohannes
597 1505 674 1566 pater
687 1500 778 1552 nudus
790 1501 935 1553 confestim
952 1505 980 1552 et
991 1502 1051 1553 sine
1063 1501 1117 1553 alia
1134 1516 1211 1555 mora
1223 1515 1322 1569 corpus
1335 1504 1420 1570 ipsius

190 1601 378 1669 gloriosissimi
392 1600 463 1653 beati
477 1599 581 1652 claudii
594 1600 705 1652 uisitare
717 1600 858 1665 applicuit.
870 1600 1087 1665 llaeepraedicta
1099 1602 1180 1653 ctiam
1190 1615 1253 1654 cum
1263 1604 1419 1667 juramento

188 1713 270 1753 sacro
283 1712 388 1752 canone
401 1703 473 1751 tacto
486 1703 626 1751 attestatus
635 1703 677 1750 cst
689 1699 747 1764 ipse
758 1699 906 1760 lohannes,
917 1699 944 1751 in
958 1712 1011 1764 qua
1022 1700 1111 1765 ipsum
1120 1700 1309 1752 uenerandum
1320 1714 1419 1768 corpus

184 1801 263 1855 beati
276 1799 381 1852 claudii
394 1799 538 1866 reponitur
549 1799 577 1849 ln
590 1798 715 1863 ecclesia,
729 1799 787 1852 fore
804 1812 877 1865 uera,
892 1799 972 1851 lrodie
987 1800 1069 1852 lunae
1082 1799 1210 1853 uicesima
1220 1803 1307 1866 prima
1317 1805 1421 1855 mensis

140 1907 167 1957 15
183 1899 286 1967 aprilis
297 1902 358 1964 post
370 1898 481 1962 pascha,
494 1908 568 1950 anno
579 1896 685 1949 ilomini
699 1896 845 1948 millesimo
857 1898 1010 1963 cccc⁰lxri⁰,
1020 1900 1049 1948 in
1061 1899 1214 1962 praesentia
1227 1901 1310 1953 unius
1322 1903 1420 1953 notarii

182 1997 345 2062 subscripti,
359 1995 600 2049 necnonuiromm
620 1995 820 2048 uenerabilium
839 1994 953 2048 fratrum
972 1996 1095 2048 varnerii
1114 1995 1148 2047 de
1166 1999 1270 2064 lluppe,
1290 2001 1421 2053 sacristae

184 2097 319 2166 ejusdem
331 2096 421 2148 sancti
434 2092 568 2161 sugendi,
577 2094 696 2147 custodis
708 2093 773 2145 dieti
786 2096 855 2146 sacri
868 2096 999 2160 corporis,
1013 2094 1117 2147 Claudii
1129 2094 1164 2147 de
1178 2099 1265 2159 Prata,
1275 2098 1372 2163 prioris
1385 2097 1420 2150 de

184 2198 314 2261 cultura,
328 2195 436 2247 ilenrici
449 2193 484 2246 de
498 2194 645 2261 liugniaco,
659 2193 730 2244 Petri
742 2192 777 2245 cle
789 2195 933 2256 llortaneo,
948 2193 1140 2260 religiosorum
1160 2193 1225 2246 dicti
1247 2198 1417 2262 monasterii,

182 2297 373 2350 discretorum
391 2295 514 2346 uiromm
533 2292 627 2345 domni
641 2292 752 2344 liuberti
774 2291 808 2344 de
829 2292 919 2357 lticiis,
933 2293 1019 2344 curati
1040 2292 1200 2357 delicians,
1214 2296 1416 2361 PetriPitolati,

140 2401 165 2453 lo
183 2398 412 2467 presbyterorum
424 2394 458 2446 de
467 2396 566 2447 Sancto
575 2392 725 2460 Eugendio,
734 2394 836 2457 Poneii,
846 2393 977 2446 (luidonis
988 2392 1022 2445 de
1035 2394 1150 2455 viviaco,
1160 2394 1296 2447 llichaelis
1306 2396 1418 2462 diceris,

183 2496 310 2552 duciasii
323 2493 357 2546 de
369 2493 511 2556 Ferreriis,
521 2493 603 2544 etiam
615 2492 834 2557 presbyterorum
847 2492 1020 2557 episcopatus
1032 2492 1204 2554 vivariensis,
1215 2493 1287 2545 Petri
1300 2496 1418 2548 llasserii

183 2596 223 2651 (le
235 2597 393 2648 loureoort
404 2592 434 2643 ln
444 2590 550 2643 Bressia
560 2594 588 2643 et
596 2590 737 2643 Guillermi
749 2591 850 2651 valete,
860 2590 1095 2656 plurimorumque
1106 2592 1227 2643 testium.
1239 2594 1267 2644 Ρ.
1279 2593 1417 2646 Gaillardi.

279 2689 474 2743 lile-aculon
485 2689 591 2751 [cmi
602 2689 648 2739 De
658 2686 790 2739 muliere
801 2686 900 2752 gravi
909 2685 1098 2740 infirmitate
1108 2686 1194 2750 visu,
1205 2688 1330 2752 auditu,

183 2791 318 2855 loquele
329 2787 466 2854 privatas
478 2790 512 2840 et
523 2785 606 2838 fecie
615 2789 812 2853 retroversa,
830 2788 906 2837 voto
921 2787 966 2839 ab
979 2785 1093 2838 amicis
1108 2786 1223 2840 emisso
1239 2792 1360 2842 senata
1372 2791 1418 2855 (1).

140 2895 172 2948 ι’)
225 2891 302 2943 licet
322 2901 404 2955 opera
425 2887 473 2940 liei
493 2892 520 2940 et
540 2892 697 2940 sanctorum
717 2888 777 2951 ejns
798 2884 904 2937 infinita
924 2892 1105 2948 censeantur,
1127 2891 1247 2940 attamen
1268 2889 1302 2941 ad
1323 2903 1419 2943 eorum

189 2989 286 3044 laudis
301 2993 477 3056 augmentum
490 2993 518 3039 et
538 2985 657 3038 fidelium
680 2986 890 3038 christianorum
909 2985 1060 3038 devotionis
1081 2988 1282 3051 promotionem
1303 3002 1423 3056 eaquae

190 3086 442 3154 supernaturaliter
453 3085 583 3138 eveniunt
595 3085 754 3150 saepissime
770 3084 884 3150 contigit
901 3096 1030 3135 enarrare
1043 3088 1070 3135 et
1082 3084 1110 3135 in
1129 3085 1237 3150 scriptis
1254 3086 1378 3154 redigere
1395 3094 1422 3140 et

190 3185 264 3238 tides
277 3183 390 3237 indubia
403 3184 450 3236 illa
470 3182 638 3248 experientia
649 3194 714 3234 vera
726 3182 851 3234 obtinere
868 3180 1064 3247 aclhiliendum,
1078 3195 1140 3234 cum
1153 3197 1201 3249 per
1213 3183 1259 3235 lici
1272 3186 1420 3250 potentiam

188 3291 219 3339 et
232 3283 362 3350 precibus
371 3287 528 3335 sanctorum
540 3282 703 3335 miraculose
715 3284 865 3347 appareant
873 3281 994 3333 evenire.
1004 3281 1100 3332 Evenit
1108 3281 1190 3348 igitur
1198 3283 1227 3333 in
1236 3281 1300 3334 villa
1310 3284 1422 3337 llicione

140 3386 173 3441 ω
191 3382 271 3451 quod
284 3395 382 3448 nuper,
394 3381 522 3434 videlicet
533 3381 578 3433 die
590 3382 684 3433 martis
693 3384 756 3432 ante
768 3380 868 3432 festum
880 3379 1080 3445 assumptionis
1092 3380 1189 3432 beatae
1201 3382 1300 3434 mariae
1311 3383 1423 3450 uirginis

187 3481 283 3541 tluxis,
296 3480 397 3532 nobilis
408 3482 521 3546 (lup-ota,
535 3492 604 3531 uxor
615 3477 716 3545 egregii
728 3478 778 3529 ciri
799 3476 888 3544 magni
900 3476 1032 3530 iohannis
1049 3478 1153 3544 Guyon,
1167 3479 1339 3531 consiliarius
1351 3480 1423 3532 illus

187 3580 306 3634 trissimi
318 3579 450 3644 principis
461 3577 555 3631 domni
569 3578 654 3630 nostri
669 3576 840 3644 Burgundiae
852 3575 941 3641 ducis,
954 3577 982 3627 in
1001 3574 1072 3627 dicta
1086 3576 1198 3628 cirione
1216 3579 1421 3645 commorantis,

186 3682 265 3734 cim
278 3682 288 3699 ·
300 3678 396 3731 lteram
416 3677 541 3730 meridiei
554 3677 644 3730 subito
656 3676 731 3743 gravi
743 3675 901 3728 infirmitate
913 3675 1025 3728 detema
1038 3676 1134 3740 extitit,
1148 3675 1218 3730 adeo
1235 3677 1310 3744 quod
1321 3679 1421 3742 risum,
1476 3675 1563 3753 '‘coci.

185 3778 316 3833 auditum
336 3777 514 3844 etloquelam
535 3777 597 3830 ilico
609 3775 737 3842 perdidit,
751 3775 833 3828 farcies
854 3775 913 3840 eius
926 3775 1084 3826 retrocessit
1104 3781 1133 3827 et
1153 3774 1187 3827 de
1208 3777 1333 3842 clusvita
1347 3777 1422 3829 nullo
1467 3754 1577 3795 mmm·

140 3881 172 3934 Β
188 3877 347 3931 habebatur
357 3875 535 3941 experientia,
549 3876 701 3942 quinimmo
714 3873 776 3941 plus
793 3873 927 3926 democle
949 3873 1111 3939 sperabatur
1131 3887 1213 3941 quam
1227 3874 1262 3926 de
1280 3876 1344 3928 uita.
1357 3878 1424 3928 Tan·

187 3975 256 4030 dem
269 3975 382 4041 spiritus
393 3974 496 4042 gratiae
508 3974 608 4026 intuitu
620 3972 755 4039 quaedam
768 3974 922 4038 symoneta,
936 3970 1001 4022 dicti
1014 3971 1076 4035 loci,
1088 3972 1179 4024 vicina
1197 3973 1257 4038 ojus
1269 3977 1297 4024 et
1309 3986 1424 4025 comma·

186 4080 246 4138 ter,
258 4079 287 4125 et
300 4073 428 4125 eerrinus
440 4072 578 4138 Altadertl,
591 4073 651 4138 ejus
663 4071 804 4123 familiaris
816 4074 843 4122 et
854 4071 979 4133 servitor,
992 4069 1117 4121 ridentes
1133 4069 1233 4122 dictam
1245 4073 1376 4137 Guyotam
1389 4070 1424 4123 de

186 4171 323 4240 eJ‘usvila
343 4172 449 4224 nullam
461 4185 537 4237 spem
557 4171 658 4223 habere
679 4171 739 4222 sine
760 4171 806 4221 liei
820 4168 1006 4221 misericordia
1025 4175 1052 4220 et
1070 4172 1227 4220 sanctorum
1239 4170 1423 4233 inuocatione,

186 4271 343 4325 devotione
356 4271 433 4337 moll,
447 4271 563 4324 eandem
582 4274 712 4335 cuyotam
731 4272 786 4321 lico
798 4276 826 4322 ct
846 4268 925 4320 beato
945 4273 1027 4335 atque
1039 4268 1157 4335 glorioso
1170 4268 1282 4321 claudio
1295 4268 1423 4321 reddide-

140 4376 171 4429 ιο
187 4375 269 4435 runt,
284 4373 313 4421 et
324 4373 459 4423 voverunt
471 4368 544 4434 quod
557 4370 579 4420 si
591 4369 677 4434 ipsius
690 4368 760 4420 beati
770 4367 873 4419 Claudii
887 4367 1015 4432 precihus
1024 4367 1057 4419 ad
1068 4367 1150 4419 citam
1160 4366 1292 4419 reducere
1303 4368 1311 4386 ·
1321 4374 1422 4433 posset,
1443 4363 1578 4496 aeganem

220 4620 259 4685 (r)
279 4617 336 4671 cn.
350 4616 428 4680 ratu,
441 4618 538 4683 pecc,
552 4631 580 4669 n.
593 4616 709 4668 estnec.

217 4729 320 4773 Clm.
339 4727 428 4770 Pstis.
446 4727 472 4768 Τ.
490 4727 509 4767 1.
