3136 5482
287 327 380 376 arec.
399 328 482 379 nar.
501 328 619 379 rums.
637 347 683 358 --
699 329 853 380 arruuu.
872 331 920 380 an
937 331 1014 382 con.
1033 328 1113 380 saue*
1250 317 1312 382 541

180 495 246 574 er
258 495 343 574 vie
356 496 478 574 saum
492 495 637 575 iuliani
651 498 825 601 episcopi
837 481 1176 599 denoma'nnensis,
1190 501 1310 580 vuar.

232 617 417 697 februarii
436 619 517 712 (for.
540 621 757 722 recursat.

138 756 232 805 actore
246 751 385 820 bethaldo,
400 753 445 805 ed.
459 752 538 818 ibid,
551 752 586 807 ad
598 753 627 805 d.
641 755 674 807 ti
685 755 757 821 Jan,
771 770 799 821 p.
813 756 916 809 itii-bi.

180 849 244 926 ab
273 850 357 929 Vita
385 858 539 929 sanctae
568 848 723 942 Paulae,
753 854 947 955 descripta
978 878 1000 932 a
1030 854 1145 934 beato
1176 855 1310 934 Hiero-

228 997 361 1075 nymo,
374 998 475 1076 quae
490 984 548 1054 est
558 975 697 1076 quinto
707 974 892 1055 kalendas
904 975 1089 1055 februarii
1103 976 1179 1078 (fol.
1198 978 1310 1081 liiii).

138 1111 309 1174 regmentum
328 1108 404 1161 Vitae
426 1106 471 1160 ed.
485 1106 563 1172 ibid,
577 1123 605 1174 p.
624 1109 673 1160 'tii
690 1121 770 1176 sqq.;
784 1108 888 1163 scilicet
907 1110 1038 1177 praefatio
1057 1112 1196 1178 usquead
1217 1111 1311 1178 quusi

138 1207 206 1260 νέω
222 1204 283 1259 sici
293 1207 380 1271 (num.
396 1206 471 1260 tsub
485 1205 554 1273 fin).
1276 1220 1278 1223 ·

541 1379 854 1397 -——

425 1607 633 1723 Appendix
650 1610 700 1699 od
720 1612 802 1704 cod.
828 1611 949 1703 5291.

331 1847 411 1895 ura
426 1849 455 1896 s.
474 1827 694 1916 runss1(0fr.
713 1849 823 1914 supra,
842 1850 875 1914 p.
893 1829 973 1909 538,
996 1828 1076 1917 19⁰).

138 2035 210 2109 ipit
230 2035 311 2096 vita
326 2034 528 2096 beatissimi
538 2037 649 2108 atque
670 2033 921 2128 gloriosissimi
942 2035 1072 2096 Pursel
1086 2036 1312 2098 confessoris.

152 2211 311 2266 Laudabilis
324 2213 370 2264 bei
389 2212 473 2265 nostri
486 2212 572 2265 virtus
584 2216 611 2265 et
622 2212 764 2278 sapientia,
778 2225 849 2279 quae
863 2211 1005 2279 multiplici
1017 2212 1213 2267 benedictione
1226 2214 1311 2266 nouo·

138 2310 259 2365 ideiium
270 2311 362 2376 corda,
376 2315 406 2365 ut
426 2311 455 2364 in
472 2312 588 2365 excelsis
608 2311 760 2366 indefessae
782 2312 931 2378 majestatis
949 2325 1014 2366 suae
1032 2311 1182 2378 potentiam
1195 2326 1211 2366 a
1222 2312 1313 2366 beato·

138 2454 139 2459 ,
151 2410 296 2477 spiritibus
308 2411 414 2464 laudari
425 2411 519 2478 voluit,
532 2412 571 2464 sic
583 2416 708 2465 terrenae
720 2411 809 2465 adhuc
828 2411 979 2478 fragilitatis
990 2412 1115 2465 astrictos
1130 2424 1245 2479 corpore
1257 2411 1312 2466 lau·

138 2509 178 2564 mi
186 2509 336 2565 conditoris
345 2523 465 2576 suaeque
474 2510 670 2577 redemptionis
679 2511 798 2565 salutare
804 2511 962 2564 donatiuum
972 2509 1045 2564 fideli
1055 2516 1147 2564 mente
1154 2512 1313 2578 praecinere

138 2611 199 2663 ruit.
212 2611 294 2676 cujus
306 2610 461 2663 salutiferae
474 2611 633 2664 monitionis
644 2611 791 2678 imperium
803 2610 850 2664 ille
863 2611 986 2679 egregius
996 2611 1123 2664 vitiorum
1133 2611 1314 2678 triumphator

138 2709 170 2760 ds
182 2720 284 2761 arcano
297 2709 428 2774 retinens,
437 2709 581 2762 laudabilis
591 2709 758 2775 operationis
770 2708 855 2777 digito
864 2709 1003 2762 citharizat
1015 2709 1143 2776 inquiens
1156 2725 1163 2761 ι
1177 2709 1315 2763 Laudem

138 2804 207 2858 ciui
219 2806 362 2872 loquetur
381 2818 415 2860 os
434 2819 538 2860 meum
558 2809 588 2861 et
608 2806 768 2862 benedicat
788 2807 889 2861 omnis
901 2819 975 2861 caro
986 2807 1109 2861 numiui
1118 2810 1227 2862 saucio
1238 2808 1313 2873 eirca

138 2905 290 2959 efereudas
302 2906 383 2975 igitur
394 2906 534 2960 conditori
552 2908 652 2974 gratias
672 2912 830 2961 sanctorum
842 2906 1028 2974 quorumlibet
1046 2908 1161 2974 repetita
1180 2907 1311 2960 memoria

138 3008 232 3057 torum
243 3003 411 3057 desiderium
423 3002 541 3070 adjuvat,
555 3006 619 3071 quia
631 3004 697 3058 dum
709 3019 806 3058 eorum
821 3004 903 3059 vitam
915 3004 949 3057 ad
963 3005 1103 3071 exemplar
1115 3018 1180 3058 suae
1190 3004 1313 3058 meliora·

138 3105 163 3157 is
177 3104 309 3170 retinent,
322 3105 351 3158 in
363 3105 489 3159 tirocinio
510 3106 610 3158 christi
631 3106 737 3159 bomini
753 3105 897 3159 assuefacti
916 3119 1063 3159 numerum
1081 3105 1229 3160 electorum
1242 3105 1314 3159 felici

138 3200 316 3270 eadaugent.
329 3205 449 3268 Quorum
472 3202 502 3256 in
523 3208 619 3256 senatu
638 3204 763 3256 caelestis
783 3202 953 3269 prouidentia
975 3203 1162 3257 beatissimum
1184 3207 1313 3257 furseum

138 3307 153 3355 t
165 3301 366 3355 lucidissimum
379 3303 447 3356 caeli
467 3302 543 3356 sidus
554 3302 667 3372 dignum
680 3303 781 3369 delegit
793 3302 942 3356 clarescere
957 3318 963 3355 :
983 3303 1031 3370 qui
1044 3302 1213 3355 nobilitatem
1225 3304 1314 3356 carnis

138 3400 226 3454 itibus
250 3400 398 3467 adornans,
417 3413 532 3467 corpore
553 3403 766 3455 conversabatur
789 3400 908 3468 saeculo,
931 3399 980 3454 sed
996 3405 1091 3467 mente
1105 3401 1162 3466 jam
1184 3401 1314 3469 regnabat

138 3512 167 3553 o.
181 3499 232 3552 iiie
244 3503 353 3553 teneros
365 3513 453 3554 annos
468 3500 599 3554 infantiae
612 3500 768 3554 maturioris
779 3499 864 3552 animi
882 3498 1048 3553 confirmans
1058 3499 1215 3565 stabilitate,
1228 3499 1313 3552 verbo

148 3609 262 3663 semper
277 3602 305 3650 et
323 3611 407 3664 opere
423 3603 455 3651 ut
471 3599 531 3652 laus
554 3599 653 3651 Christi
673 3597 788 3651 inomni
803 3602 939 3651 terrarum
951 3596 1136 3665 divulgaretur
1148 3595 1213 3664 linc,
1225 3597 1272 3663 qui
1284 3609 1314 3650 se

138 3695 280 3750 ideantem
301 3698 429 3764 ampliata
447 3697 574 3751 mercede
594 3697 718 3751 incaelis
730 3695 870 3764 clarificat,
892 3703 919 3748 et
939 3696 968 3748 in
990 3697 1049 3762 ejus
1068 3696 1216 3750 memoriae
1224 3696 1312 3762 jubilo

138 3797 216 3848 lerna
228 3793 273 3848 die
286 3794 421 3848 muudum
432 3795 575 3849 exhilarat.
588 3796 737 3863 ampliatae
750 3795 832 3863 igitur
844 3794 994 3848 sanctitatis
1011 3795 1056 3847 nic
1068 3793 1195 3848 donativo
1207 3793 1312 3861 praedi·

143 3891 261 3947 tandem
273 3894 439 3960 pontificalis
451 3895 590 3962 dignitatis
602 3898 656 3949 beo
670 3894 778 3948 favente
795 3893 956 3960 adipiseitur
973 3893 1068 3959 decus,
1081 3898 1111 3946 ut
1122 3893 1253 3960 populum
1266 3896 1312 3949 bei

138 3993 193 4046 lfer
204 3993 330 4061 egregius
342 3994 370 4047 in
384 3995 520 4061 praesenti
533 4000 649 4062 reperet,
664 4008 747 4061 quem
760 3999 914 4047 consortem
928 3993 970 4046 sui
987 3992 1153 4060 quandoque
1169 3993 1201 4046 in
1214 3996 1314 4049 caeles

138 4092 221 4147 alarii
234 4094 393 4159 receptione
405 4094 545 4163 gauderet.

138 4191 209 4255 ‚Qui
222 4191 331 4257 quantis
347 4191 469 4246 floruerit
487 4193 682 4246 miraculorum
704 4192 791 4245 titulis
812 4191 881 4244 dnes
903 4192 1023 4258 regendo
1041 4196 1170 4257 paternae
1183 4191 1311 4259 regionis,

138 4295 195 4343 rtur
207 4289 254 4342 illa
267 4290 453 4344 biberniensis
463 4291 617 4357 spectabilis
630 4291 719 4343 insula
729 4304 809 4358 quae,
823 4296 853 4344 ut
865 4303 880 4344 a
892 4295 1043 4343 ceterarum
1057 4290 1214 4342 incursione
1227 4289 1312 4357 regio

138 4407 144 4443 ι
159 4394 275 4456 remota,
296 4389 457 4444 delectabile
476 4390 606 4459 gaudium
627 4392 684 4444 suis
702 4389 933 4443 cohabitatoribus
946 4389 1065 4442 exbibet.
1078 4389 1121 4440 sie
1134 4400 1215 4455 quam
1229 4389 1311 4455 pluri·

149 4489 253 4542 cbristi
265 4491 328 4542 iesu
340 4490 468 4543 exercitio
481 4490 642 4542 informatos
654 4490 683 4542 in
696 4496 768 4543 terra
785 4489 934 4543 viventium
947 4500 976 4541 se
988 4488 1180 4555 praeposuisse
1193 4500 1311 4555 conpau-

146 4589 306 4658 interquos
325 4587 360 4642 ad
372 4594 549 4656 augmentum
569 4589 611 4641 sui
623 4588 731 4642 decoris
754 4590 828 4642 hunc
847 4588 1034 4642 beatissimum
1056 4594 1161 4654 patrem
1180 4589 1312 4640 furscum
