<?xml version="1.0" encoding="UTF-8"?>
<!DOCTYPE html PUBLIC "-//W3C//DTD XHTML 1.0 Transitional//EN"
    "http://www.w3.org/TR/xhtml1/DTD/xhtml1-transitional.dtd">
<html xmlns="http://www.w3.org/1999/xhtml" xml:lang="en" lang="en">
 <head>
  <title>
</title>
<meta http-equiv="Content-Type" content="text/html;charset=utf-8" />
  <meta name='ocr-system' content='tesseract 3.04.00' />
  <meta name='ocr-capabilities' content='ocr_page ocr_carea ocr_par ocr_line ocrx_word'/>
</head>
<body>
  <div class='ocr_page' id='page_1' title='image "./cataloguscodicu01manugoog_0224.png"; bbox 0 0 3136 5482; ppageno 0'>
   <div class='ocr_carea' id='block_1_1' title="bbox 401 304 1321 376">
    <p class='ocr_par' dir='ltr' id='par_1_1' title="bbox 401 304 1321 376">
     <span class='ocr_line' id='line_1_1' title="bbox 401 304 1321 376; baseline -0.001 -4"><span class='ocrx_word' id='word_1_1' title='bbox 401 323 494 374; x_wconf 80' lang='lat' dir='ltr'><strong>eren.</strong></span> <span class='ocrx_word' id='word_1_2' title='bbox 514 324 596 375; x_wconf 81' lang='lat' dir='ltr'><strong>nun.</strong></span> <span class='ocrx_word' id='word_1_3' title='bbox 617 325 733 376; x_wconf 77' lang='lat' dir='ltr'><strong>rums.</strong></span> <span class='ocrx_word' id='word_1_4' title='bbox 753 344 799 356; x_wconf 92' lang='lat'><em>-</em></span> <span class='ocrx_word' id='word_1_5' title='bbox 814 325 893 375; x_wconf 89' lang='lat' dir='ltr'><strong>con.</strong></span> <span class='ocrx_word' id='word_1_6' title='bbox 913 323 988 376; x_wconf 78' lang='lat' dir='ltr'><strong>urea.</strong></span> <span class='ocrx_word' id='word_1_7' title='bbox 1254 304 1321 372; x_wconf 83' lang='lat'><strong>209</strong></span> 
     </span>
    </p>
   </div>
   <div class='ocr_carea' id='block_1_2' title="bbox 135 489 1401 1456">
    <p class='ocr_par' dir='ltr' id='par_1_2' title="bbox 135 489 1316 560">
     <span class='ocr_line' id='line_1_2' title="bbox 135 489 1316 560; baseline -0.003 -15"><span class='ocrx_word' id='word_1_8' title='bbox 135 491 186 545; x_wconf 89' lang='lat' dir='ltr'><strong>rdes</strong></span> <span class='ocrx_word' id='word_1_9' title='bbox 203 494 258 545; x_wconf 85' lang='lat' dir='ltr'><strong>beo</strong></span> <span class='ocrx_word' id='word_1_10' title='bbox 278 490 412 546; x_wconf 81' lang='lat' dir='ltr'><strong>extollere</strong></span> <span class='ocrx_word' id='word_1_11' title='bbox 428 496 608 559; x_wconf 86' lang='lat' dir='ltr'><strong>sanctumque</strong></span> <span class='ocrx_word' id='word_1_12' title='bbox 619 492 769 546; x_wconf 82' lang='lat' dir='ltr'><strong>blartialem</strong></span> <span class='ocrx_word' id='word_1_13' title='bbox 782 505 830 560; x_wconf 92' lang='lat' dir='ltr'><strong>pro</strong></span> <span class='ocrx_word' id='word_1_14' title='bbox 851 500 883 546; x_wconf 88' lang='lat' dir='ltr'><strong>eo</strong></span> <span class='ocrx_word' id='word_1_15' title='bbox 901 493 1049 559; x_wconf 90' lang='lat' dir='ltr'><strong>deposcere</strong></span> <span class='ocrx_word' id='word_1_16' title='bbox 1071 496 1229 558; x_wconf 87' lang='lat' dir='ltr'><strong>coeperunt.</strong></span> <span class='ocrx_word' id='word_1_17' title='bbox 1242 489 1316 542; x_wconf 76' lang='lat' dir='ltr'><strong>cele</strong></span> 
     </span>
    </p>

    <p class='ocr_par' dir='ltr' id='par_1_3' title="bbox 136 587 1319 659">
     <span class='ocr_line' id='line_1_3' title="bbox 136 587 1319 659; baseline -0.003 -17"><span class='ocrx_word' id='word_1_18' title='bbox 136 602 159 642; x_wconf 84' lang='lat' dir='ltr'><strong>er</strong></span> <span class='ocrx_word' id='word_1_19' title='bbox 176 587 257 657; x_wconf 72' lang='lat' dir='ltr'><strong>igitur</strong></span> <span class='ocrx_word' id='word_1_20' title='bbox 277 590 454 659; x_wconf 77' lang='lat' dir='ltr'><strong>integerrime</strong></span> <span class='ocrx_word' id='word_1_21' title='bbox 472 589 501 642; x_wconf 94' lang='lat' dir='ltr'><strong>in</strong></span> <span class='ocrx_word' id='word_1_22' title='bbox 521 589 614 644; x_wconf 86' lang='lat' dir='ltr'><strong>omnia</strong></span> <span class='ocrx_word' id='word_1_23' title='bbox 635 588 723 645; x_wconf 80' lang='lat' dir='ltr'><strong>officia</strong></span> <span class='ocrx_word' id='word_1_24' title='bbox 744 591 866 657; x_wconf 88' lang='lat' dir='ltr'><strong>eorporis</strong></span> <span class='ocrx_word' id='word_1_25' title='bbox 879 594 1029 656; x_wconf 88' lang='lat' dir='ltr'><strong>reparatus,</strong></span> <span class='ocrx_word' id='word_1_26' title='bbox 1042 590 1197 657; x_wconf 76' lang='lat' dir='ltr'><strong>gratiasque</strong></span> <span class='ocrx_word' id='word_1_27' title='bbox 1216 590 1271 640; x_wconf 87' lang='lat' dir='ltr'><strong>beo</strong></span> <span class='ocrx_word' id='word_1_28' title='bbox 1291 590 1319 639; x_wconf 87' lang='lat' dir='ltr'><strong>et</strong></span> 
     </span>
    </p>

    <p class='ocr_par' dir='ltr' id='par_1_4' title="bbox 136 687 1401 1255">
     <span class='ocr_line' id='line_1_4' title="bbox 136 687 1379 759; baseline -0.005 -17"><span class='ocrx_word' id='word_1_29' title='bbox 136 695 184 743; x_wconf 88' lang='lat' dir='ltr'><strong>nete</strong></span> <span class='ocrx_word' id='word_1_30' title='bbox 195 688 368 758; x_wconf 81' lang='lat' dir='ltr'><strong>[consessori]</strong></span> <span class='ocrx_word' id='word_1_31' title='bbox 386 693 395 710; x_wconf 85' lang='lat'><strong>·</strong></span> <span class='ocrx_word' id='word_1_32' title='bbox 413 689 532 745; x_wconf 89' lang='lat' dir='ltr'><strong>reddens</strong></span> <span class='ocrx_word' id='word_1_33' title='bbox 550 691 743 759; x_wconf 79' lang='lat' dir='ltr'><strong>spondensque</strong></span> <span class='ocrx_word' id='word_1_34' title='bbox 761 688 980 743; x_wconf 84' lang='lat' dir='ltr'><strong>emendationem</strong></span> <span class='ocrx_word' id='word_1_35' title='bbox 1002 689 1036 743; x_wconf 93' lang='lat' dir='ltr'><strong>ad</strong></span> <span class='ocrx_word' id='word_1_36' title='bbox 1051 688 1161 755; x_wconf 88' lang='lat' dir='ltr'><strong>propria</strong></span> <span class='ocrx_word' id='word_1_37' title='bbox 1179 688 1317 741; x_wconf 85' lang='lat' dir='ltr'><strong>remeavit.</strong></span> <span class='ocrx_word' id='word_1_38' title='bbox 1371 687 1379 704; x_wconf 90' lang='grc'><em>·</em></span> 
     </span>
     <span class='ocr_line' id='line_1_5' title="bbox 138 781 1401 860; baseline -0.004 -18"><span class='ocrx_word' id='word_1_39' title='bbox 138 791 175 844; x_wconf 81' lang='lat' dir='ltr'><strong>ib.</strong></span> <span class='ocrx_word' id='word_1_40' title='bbox 186 787 252 856; x_wconf 72' lang='lat' dir='ltr'><strong>Quid</strong></span> <span class='ocrx_word' id='word_1_41' title='bbox 265 790 380 845; x_wconf 88' lang='lat' dir='ltr'><strong>ulterius</strong></span> <span class='ocrx_word' id='word_1_42' title='bbox 391 790 426 844; x_wconf 90' lang='lat' dir='ltr'><strong>de</strong></span> <span class='ocrx_word' id='word_1_43' title='bbox 438 791 512 846; x_wconf 87' lang='lat' dir='ltr'><strong>beati</strong></span> <span class='ocrx_word' id='word_1_44' title='bbox 524 790 713 860; x_wconf 87' lang='lat' dir='ltr'><strong>[contessoris]</strong></span> <span class='ocrx_word' id='word_1_45' title='bbox 726 791 842 843; x_wconf 80' lang='lat' dir='ltr'><strong>&#39;Christi</strong></span> <span class='ocrx_word' id='word_1_46' title='bbox 852 790 992 843; x_wconf 82' lang='lat' dir='ltr'><strong>miraculis</strong></span> <span class='ocrx_word' id='word_1_47' title='bbox 1002 800 1161 856; x_wconf 85' lang='lat' dir='ltr'><strong>prosequar,</strong></span> <span class='ocrx_word' id='word_1_48' title='bbox 1170 800 1233 841; x_wconf 91' lang='lat' dir='ltr'><strong>cum</strong></span> <span class='ocrx_word' id='word_1_49' title='bbox 1242 790 1316 839; x_wconf 83' lang='lat' dir='ltr'><strong>tanta</strong></span> <span class='ocrx_word' id='word_1_50' title='bbox 1368 785 1376 801; x_wconf 84' lang='lat'><strong>·</strong></span> <span class='ocrx_word' id='word_1_51' title='bbox 1396 781 1401 794; x_wconf 88' lang='lat'>&#39;</span> 
     </span>
     <span class='ocr_line' id='line_1_6' title="bbox 136 884 1319 957; baseline -0.005 -16"><span class='ocrx_word' id='word_1_52' title='bbox 136 895 164 941; x_wconf 85' lang='lat' dir='ltr'><strong>rut</strong></span> <span class='ocrx_word' id='word_1_53' title='bbox 172 888 268 942; x_wconf 87' lang='lat' dir='ltr'><strong>cotidie</strong></span> <span class='ocrx_word' id='word_1_54' title='bbox 279 893 310 942; x_wconf 88' lang='lat' dir='ltr'><strong>ut</strong></span> <span class='ocrx_word' id='word_1_55' title='bbox 325 887 440 944; x_wconf 91' lang='lat' dir='ltr'><strong>adsiduo</strong></span> <span class='ocrx_word' id='word_1_56' title='bbox 453 896 550 957; x_wconf 74' lang='lat' dir='ltr'><strong>egeant</strong></span> <span class='ocrx_word' id='word_1_57' title='bbox 562 890 694 957; x_wconf 84' lang='lat' dir='ltr'><strong>scriptore</strong></span> <span class='ocrx_word' id='word_1_58' title='bbox 705 890 717 941; x_wconf 85' lang='lat' dir='ltr'><strong>l</strong></span> <span class='ocrx_word' id='word_1_59' title='bbox 729 886 848 942; x_wconf 82' lang='lat' dir='ltr'><strong>Proinde</strong></span> <span class='ocrx_word' id='word_1_60' title='bbox 861 885 1102 955; x_wconf 89' lang='lat' dir='ltr'><strong>praetermittenda</strong></span> <span class='ocrx_word' id='word_1_61' title='bbox 1114 890 1179 939; x_wconf 88' lang='lat' dir='ltr'><strong>sunt</strong></span> <span class='ocrx_word' id='word_1_62' title='bbox 1190 884 1319 952; x_wconf 89' lang='lat' dir='ltr'><strong>plurima,</strong></span> 
     </span>
     <span class='ocr_line' id='line_1_7' title="bbox 136 984 1323 1056; baseline -0.003 -17"><span class='ocrx_word' id='word_1_63' title='bbox 136 990 312 1042; x_wconf 81' lang='lat' dir='ltr'><strong>‚eminemiora</strong></span> <span class='ocrx_word' id='word_1_64' title='bbox 325 989 354 1042; x_wconf 94' lang='lat' dir='ltr'><strong>in</strong></span> <span class='ocrx_word' id='word_1_65' title='bbox 366 990 526 1045; x_wconf 85' lang='lat' dir='ltr'><strong>memoriam</strong></span> <span class='ocrx_word' id='word_1_66' title='bbox 539 997 711 1056; x_wconf 84' lang='lat' dir='ltr'><strong>posterorum</strong></span> <span class='ocrx_word' id='word_1_67' title='bbox 720 987 857 1042; x_wconf 88' lang='lat' dir='ltr'><strong>dicantur.</strong></span> <span class='ocrx_word' id='word_1_68' title='bbox 869 989 1020 1040; x_wconf 78' lang='lat' dir='ltr'><strong>dstantem</strong></span> <span class='ocrx_word' id='word_1_69' title='bbox 1032 999 1120 1039; x_wconf 88' lang='lat' dir='ltr'><strong>unum</strong></span> <span class='ocrx_word' id='word_1_70' title='bbox 1130 998 1186 1038; x_wconf 93' lang='lat' dir='ltr'><strong>non</strong></span> <span class='ocrx_word' id='word_1_71' title='bbox 1194 998 1226 1037; x_wconf 84' lang='lat' dir='ltr'><strong>ex</strong></span> <span class='ocrx_word' id='word_1_72' title='bbox 1238 984 1323 1037; x_wconf 83' lang='lat' dir='ltr'><strong>multo</strong></span> 
     </span>
     <span class='ocr_line' id='line_1_8' title="bbox 136 1084 1323 1157; baseline -0.004 -18"><span class='ocrx_word' id='word_1_73' title='bbox 136 1101 211 1153; x_wconf 90' lang='lat' dir='ltr'><strong>npore</strong></span> <span class='ocrx_word' id='word_1_74' title='bbox 222 1094 324 1149; x_wconf 87' lang='lat' dir='ltr'><strong>actum,</strong></span> <span class='ocrx_word' id='word_1_75' title='bbox 347 1090 421 1156; x_wconf 91' lang='lat' dir='ltr'><strong>quud</strong></span> <span class='ocrx_word' id='word_1_76' title='bbox 441 1090 570 1143; x_wconf 90' lang='lat' dir='ltr'><strong>nonnulli</strong></span> <span class='ocrx_word' id='word_1_77' title='bbox 589 1091 637 1157; x_wconf 89' lang='lat' dir='ltr'><strong>qui</strong></span> <span class='ocrx_word' id='word_1_78' title='bbox 649 1090 738 1143; x_wconf 88' lang='lat' dir='ltr'><strong>adbuc</strong></span> <span class='ocrx_word' id='word_1_79' title='bbox 751 1093 900 1156; x_wconf 81' lang='lat' dir='ltr'><strong>supersunt</strong></span> <span class='ocrx_word' id='word_1_80' title='bbox 912 1093 939 1142; x_wconf 89' lang='lat' dir='ltr'><strong>et</strong></span> <span class='ocrx_word' id='word_1_81' title='bbox 954 1087 1081 1141; x_wconf 85' lang='lat' dir='ltr'><strong>viderunt</strong></span> <span class='ocrx_word' id='word_1_82' title='bbox 1094 1093 1122 1140; x_wconf 89' lang='lat' dir='ltr'><strong>et</strong></span> <span class='ocrx_word' id='word_1_83' title='bbox 1133 1086 1222 1139; x_wconf 91' lang='lat' dir='ltr'><strong>relatu</strong></span> <span class='ocrx_word' id='word_1_84' title='bbox 1233 1084 1323 1138; x_wconf 76' lang='lat' dir='ltr'><strong>ueraci</strong></span> 
     </span>
     <span class='ocr_line' id='line_1_9' title="bbox 137 1183 1323 1255; baseline -0.003 -18"><span class='ocrx_word' id='word_1_85' title='bbox 137 1185 352 1240; x_wconf 73' lang='lat' dir='ltr'><strong>nuumrerunt.</strong></span> <span class='ocrx_word' id='word_1_86' title='bbox 375 1189 495 1242; x_wconf 87' lang='lat' dir='ltr'><strong>instante</strong></span> <span class='ocrx_word' id='word_1_87' title='bbox 506 1188 553 1241; x_wconf 88' lang='lat' dir='ltr'><strong>die</strong></span> <span class='ocrx_word' id='word_1_88' title='bbox 570 1192 753 1255; x_wconf 88' lang='lat' dir='ltr'><strong>pentecostes,</strong></span> <span class='ocrx_word' id='word_1_89' title='bbox 771 1187 836 1240; x_wconf 94' lang='lat' dir='ltr'><strong>dum</strong></span> <span class='ocrx_word' id='word_1_90' title='bbox 851 1186 1004 1240; x_wconf 91' lang='lat' dir='ltr'><strong>secundum</strong></span> <span class='ocrx_word' id='word_1_91' title='bbox 1016 1183 1256 1248; x_wconf 88' lang='lat' dir='ltr'><strong>consuetudinem,</strong></span> <span class='ocrx_word' id='word_1_92' title='bbox 1268 1195 1323 1249; x_wconf 90' lang='lat' dir='ltr'><strong>qua</strong></span> 
     </span>
    </p>

    <p class='ocr_par' dir='ltr' id='par_1_5' title="bbox 136 1283 1323 1456">
     <span class='ocr_line' id='line_1_10' title="bbox 136 1283 1323 1355; baseline -0.001 -19"><span class='ocrx_word' id='word_1_93' title='bbox 136 1296 164 1336; x_wconf 89' lang='lat' dir='ltr'><strong>m</strong></span> <span class='ocrx_word' id='word_1_94' title='bbox 180 1285 281 1340; x_wconf 90' lang='lat' dir='ltr'><strong>letaniis</strong></span> <span class='ocrx_word' id='word_1_95' title='bbox 302 1286 518 1355; x_wconf 82' lang='lat' dir='ltr'><strong>circumquaque</strong></span> <span class='ocrx_word' id='word_1_96' title='bbox 538 1292 744 1343; x_wconf 88' lang='lat' dir='ltr'><strong>commanentes</strong></span> <span class='ocrx_word' id='word_1_97' title='bbox 765 1293 792 1340; x_wconf 90' lang='lat' dir='ltr'><strong>et</strong></span> <span class='ocrx_word' id='word_1_98' title='bbox 816 1301 879 1340; x_wconf 87' lang='lat' dir='ltr'><strong>curn</strong></span> <span class='ocrx_word' id='word_1_99' title='bbox 900 1286 1028 1341; x_wconf 82' lang='lat' dir='ltr'><strong>crucibus</strong></span> <span class='ocrx_word' id='word_1_100' title='bbox 1048 1284 1082 1338; x_wconf 92' lang='lat' dir='ltr'><strong>ad</strong></span> <span class='ocrx_word' id='word_1_101' title='bbox 1095 1285 1252 1351; x_wconf 90' lang='lat' dir='ltr'><strong>sepulcrum</strong></span> <span class='ocrx_word' id='word_1_102' title='bbox 1264 1283 1323 1350; x_wconf 83' lang='lat' dir='ltr'><strong>ejus</strong></span> 
     </span>
     <span class='ocr_line' id='line_1_11' title="bbox 136 1386 986 1456; baseline 0.004 -20"><span class='ocrx_word' id='word_1_103' title='bbox 136 1386 237 1440; x_wconf 78' lang='lat' dir='ltr'><strong>mredre</strong></span> <span class='ocrx_word' id='word_1_104' title='bbox 250 1393 479 1441; x_wconf 75' lang='lat' dir='ltr'><strong>consuescunt...</strong></span> <span class='ocrx_word' id='word_1_105' title='bbox 491 1388 635 1456; x_wconf 82' lang='lat' dir='ltr'><strong>(Reliqua</strong></span> <span class='ocrx_word' id='word_1_106' title='bbox 647 1387 890 1451; x_wconf 77' lang='lat' dir='ltr'><strong>desiderantur).</strong></span> <span class='ocrx_word' id='word_1_107' title='bbox 983 1419 986 1425; x_wconf 89' lang='lat'><em>-</em></span> 
     </span>
    </p>
   </div>
   <div class='ocr_carea' id='block_1_3' title="bbox 270 1826 1140 1944">
    <p class='ocr_par' dir='ltr' id='par_1_6' title="bbox 270 1826 1140 1944">
     <span class='ocr_line' id='line_1_12' title="bbox 270 1826 1140 1944; baseline -0.001 -25"><span class='ocrx_word' id='word_1_108' title='bbox 270 1830 496 1923; x_wconf 75' lang='lat' dir='ltr'>CXXXVII.</span> <span class='ocrx_word' id='word_1_109' title='bbox 520 1832 645 1920; x_wconf 81' lang='lat' dir='ltr'><strong>dodun</strong></span> <span class='ocrx_word' id='word_1_110' title='bbox 665 1833 855 1944; x_wconf 81' lang='lat' dir='ltr'><strong>signatus</strong></span> <span class='ocrx_word' id='word_1_111' title='bbox 876 1855 990 1919; x_wconf 82' lang='lat' dir='ltr'><strong>uum·</strong></span> <span class='ocrx_word' id='word_1_112' title='bbox 1015 1826 1140 1918; x_wconf 79' lang='lat'><strong>2769.</strong></span> 
     </span>
    </p>
   </div>
   <div class='ocr_carea' id='block_1_4' title="bbox 137 2049 1489 2427">
    <p class='ocr_par' dir='ltr' id='par_1_7' title="bbox 137 2049 1487 2427">
     <span class='ocr_line' id='line_1_13' title="bbox 146 2049 1469 2129; baseline 0.002 -21"><span class='ocrx_word' id='word_1_113' title='bbox 146 2049 271 2112; x_wconf 74' lang='lat' dir='ltr'><strong>ululent</strong></span> <span class='ocrx_word' id='word_1_114' title='bbox 284 2062 399 2129; x_wconf 82' lang='lat' dir='ltr'><strong>Pitheci,</strong></span> <span class='ocrx_word' id='word_1_115' title='bbox 411 2062 512 2116; x_wconf 88' lang='lat' dir='ltr'><strong>derude</strong></span> <span class='ocrx_word' id='word_1_116' title='bbox 521 2063 694 2117; x_wconf 79' lang='lat' dir='ltr'><strong>colbertinus</strong></span> <span class='ocrx_word' id='word_1_117' title='bbox 705 2064 781 2126; x_wconf 72' lang='lat'><strong>³655</strong></span> <span class='ocrx_word' id='word_1_118' title='bbox 795 2068 889 2128; x_wconf 90' lang='lat' dir='ltr'><strong>postea</strong></span> <span class='ocrx_word' id='word_1_119' title='bbox 900 2061 1039 2129; x_wconf 78' lang='lat' dir='ltr'><strong>llegrusd</strong></span> <span class='ocrx_word' id='word_1_120' title='bbox 1052 2061 1150 2114; x_wconf 40' lang='lat' dir='ltr'><strong>taliub</strong></span> <span class='ocrx_word' id='word_1_121' title='bbox 1361 2068 1469 2119; x_wconf 41' lang='lat' dir='ltr'><strong>Quum</strong></span> 
     </span>
     <span class='ocr_line' id='line_1_14' title="bbox 144 2144 1481 2229; baseline 0.001 -21"><span class='ocrx_word' id='word_1_122' title='bbox 144 2149 282 2222; x_wconf 71' lang='lat' dir='ltr'><strong>lenpautus</strong></span> <span class='ocrx_word' id='word_1_123' title='bbox 294 2171 330 2212; x_wconf 86' lang='lat' dir='ltr'><strong>ex</strong></span> <span class='ocrx_word' id='word_1_124' title='bbox 344 2160 469 2226; x_wconf 90' lang='lat' dir='ltr'><strong>plurimis</strong></span> <span class='ocrx_word' id='word_1_125' title='bbox 481 2160 630 2229; x_wconf 80' lang='lat' dir='ltr'><strong>codicibus,</strong></span> <span class='ocrx_word' id='word_1_126' title='bbox 653 2161 847 2225; x_wconf 82' lang='lat' dir='ltr'><strong>membraneis,</strong></span> <span class='ocrx_word' id='word_1_127' title='bbox 861 2165 969 2226; x_wconf 89' lang='lat' dir='ltr'><strong>praeter</strong></span> <span class='ocrx_word' id='word_1_128' title='bbox 980 2158 1051 2213; x_wconf 91' lang='lat' dir='ltr'><strong>duos</strong></span> <span class='ocrx_word' id='word_1_129' title='bbox 1063 2157 1174 2211; x_wconf 81' lang='lat' dir='ltr'><strong>ultimos</strong></span> <span class='ocrx_word' id='word_1_130' title='bbox 1185 2154 1242 2220; x_wconf 89' lang='lat' dir='ltr'><strong>(iol</strong></span> <span class='ocrx_word' id='word_1_131' title='bbox 1257 2157 1314 2209; x_wconf 82' lang='lat' dir='ltr'><strong>ldi-</strong></span> <span class='ocrx_word' id='word_1_132' title='bbox 1350 2144 1481 2210; x_wconf 59' lang='lat' dir='ltr'><strong>“eim‘&#39;</strong></span> 
     </span>
     <span class='ocr_line' id='line_1_15' title="bbox 137 2245 1489 2326; baseline -0.005 -12"><span class='ocrx_word' id='word_1_133' title='bbox 137 2245 450 2326; x_wconf 68' lang='lat' dir='ltr'><strong>’boulenartaceisuuq</strong></span> <span class='ocrx_word' id='word_1_134' title='bbox 470 2260 598 2313; x_wconf 88' lang='lat' dir='ltr'><strong>omuibus</strong></span> <span class='ocrx_word' id='word_1_135' title='bbox 618 2251 723 2314; x_wconf 84' lang='lat' dir='ltr'><strong>termae</strong></span> <span class='ocrx_word' id='word_1_136' title='bbox 736 2257 862 2324; x_wconf 88' lang='lat' dir='ltr'><strong>minoris,</strong></span> <span class='ocrx_word' id='word_1_137' title='bbox 876 2271 931 2313; x_wconf 91' lang='lat' dir='ltr'><strong>non</strong></span> <span class='ocrx_word' id='word_1_138' title='bbox 944 2263 1035 2311; x_wconf 87' lang='lat' dir='ltr'><strong>tamen</strong></span> <span class='ocrx_word' id='word_1_139' title='bbox 1048 2255 1178 2323; x_wconf 90' lang='lat' dir='ltr'><strong>aequalis,</strong></span> <span class='ocrx_word' id='word_1_140' title='bbox 1192 2254 1317 2308; x_wconf 84' lang='lat' dir='ltr'><strong>etdiver·</strong></span> <span class='ocrx_word' id='word_1_141' title='bbox 1350 2264 1489 2318; x_wconf 55' lang='lat' dir='ltr'><strong>duem-ps</strong></span> 
     </span>
     <span class='ocr_line' id='line_1_16' title="bbox 138 2332 1477 2427; baseline -0.001 -18"><span class='ocrx_word' id='word_1_142' title='bbox 138 2352 218 2409; x_wconf 82' lang='lat' dir='ltr'><strong>lltlde</strong></span> <span class='ocrx_word' id='word_1_143' title='bbox 228 2358 397 2424; x_wconf 88' lang='lat' dir='ltr'><strong>temporibus</strong></span> <span class='ocrx_word' id='word_1_144' title='bbox 410 2359 564 2427; x_wconf 87' lang='lat' dir='ltr'><strong>descriptis,</strong></span> <span class='ocrx_word' id='word_1_145' title='bbox 577 2358 714 2412; x_wconf 88' lang='lat' dir='ltr'><strong>usaeculo</strong></span> <span class='ocrx_word' id='word_1_146' title='bbox 727 2359 756 2410; x_wconf 89' lang='lat' dir='ltr'><strong>ill</strong></span> <span class='ocrx_word' id='word_1_147' title='bbox 770 2357 804 2410; x_wconf 89' lang='lat' dir='ltr'><strong>ad</strong></span> <span class='ocrx_word' id='word_1_148' title='bbox 816 2360 891 2410; x_wconf 84' lang='lat' dir='ltr'><strong>livli.</strong></span> <span class='ocrx_word' id='word_1_149' title='bbox 1360 2332 1477 2397; x_wconf 55' lang='lat' dir='ltr'><strong>mmm·</strong></span> 
     </span>
    </p>
   </div>
   <div class='ocr_carea' id='block_1_5' title="bbox 190 2455 1319 2676">
    <p class='ocr_par' dir='ltr' id='par_1_8' title="bbox 190 2455 1319 2676">
     <span class='ocr_line' id='line_1_17' title="bbox 190 2455 1319 2554; baseline 0 -24"><span class='ocrx_word' id='word_1_150' title='bbox 190 2455 223 2530; x_wconf 78' lang='lat'><strong>1⁰</strong></span> <span class='ocrx_word' id='word_1_151' title='bbox 239 2455 430 2536; x_wconf 78' lang='lat' dir='ltr'><strong>Adventio</strong></span> <span class='ocrx_word' id='word_1_152' title='bbox 458 2458 498 2552; x_wconf 73' lang='lat' dir='ltr'><strong>ii.</strong></span> <span class='ocrx_word' id='word_1_153' title='bbox 520 2482 554 2536; x_wconf 90' lang='lat' dir='ltr'><strong>e.</strong></span> <span class='ocrx_word' id='word_1_154' title='bbox 576 2458 762 2554; x_wconf 82' lang='lat' dir='ltr'><strong>inventio]</strong></span> <span class='ocrx_word' id='word_1_155' title='bbox 793 2467 948 2537; x_wconf 88' lang='lat' dir='ltr'><strong>sauctae</strong></span> <span class='ocrx_word' id='word_1_156' title='bbox 979 2457 1105 2534; x_wconf 90' lang='lat' dir='ltr'><strong>crucis</strong></span> <span class='ocrx_word' id='word_1_157' title='bbox 1136 2455 1217 2552; x_wconf 82' lang='lat' dir='ltr'><strong>(fol.</strong></span> <span class='ocrx_word' id='word_1_158' title='bbox 1241 2455 1319 2530; x_wconf 68' lang='lat' dir='ltr'><strong>lil-</strong></span> 
     </span>
     <span class='ocr_line' id='line_1_18' title="bbox 234 2579 325 2676; baseline 0 -20"><span class='ocrx_word' id='word_1_159' title='bbox 234 2579 325 2676; x_wconf 64' lang='lat' dir='ltr'><strong>ili).</strong></span> 
     </span>
    </p>
   </div>
   <div class='ocr_carea' id='block_1_6' title="bbox 138 2710 1319 2982">
    <p class='ocr_par' dir='ltr' id='par_1_9' title="bbox 138 2710 1319 2982">
     <span class='ocr_line' id='line_1_19' title="bbox 138 2710 1319 2782; baseline 0 -18"><span class='ocrx_word' id='word_1_160' title='bbox 138 2710 173 2764; x_wconf 85' lang='lat' dir='ltr'><strong>ld.</strong></span> <span class='ocrx_word' id='word_1_161' title='bbox 183 2724 226 2780; x_wconf 86' lang='lat' dir='ltr'><strong>ap.</strong></span> <span class='ocrx_word' id='word_1_162' title='bbox 249 2715 445 2780; x_wconf 87' lang='lat' dir='ltr'><strong>llombritium‚</strong></span> <span class='ocrx_word' id='word_1_163' title='bbox 470 2720 537 2769; x_wconf 86' lang='lat' dir='ltr'><strong>tom.</strong></span> <span class='ocrx_word' id='word_1_164' title='bbox 555 2717 577 2780; x_wconf 90' lang='lat' dir='ltr'><strong>l,</strong></span> <span class='ocrx_word' id='word_1_165' title='bbox 590 2721 617 2769; x_wconf 86' lang='lat' dir='ltr'><strong>et</strong></span> <span class='ocrx_word' id='word_1_166' title='bbox 629 2716 787 2782; x_wconf 87' lang='lat' dir='ltr'><strong>nuperrime</strong></span> <span class='ocrx_word' id='word_1_167' title='bbox 799 2728 832 2769; x_wconf 85' lang='lat' dir='ltr'><strong>ex</strong></span> <span class='ocrx_word' id='word_1_168' title='bbox 844 2716 903 2782; x_wconf 90' lang='lat' dir='ltr'><strong>ipso</strong></span> <span class='ocrx_word' id='word_1_169' title='bbox 921 2715 973 2769; x_wconf 89' lang='lat' dir='ltr'><strong>lroe</strong></span> <span class='ocrx_word' id='word_1_170' title='bbox 986 2714 1081 2768; x_wconf 89' lang='lat' dir='ltr'><strong>codice</strong></span> <span class='ocrx_word' id='word_1_171' title='bbox 1092 2715 1127 2767; x_wconf 88' lang='lat' dir='ltr'><strong>ab</strong></span> <span class='ocrx_word' id='word_1_172' title='bbox 1139 2712 1246 2766; x_wconf 78' lang='lat' dir='ltr'><strong>Allredo</strong></span> <span class='ocrx_word' id='word_1_173' title='bbox 1258 2711 1319 2765; x_wconf 87' lang='lat' dir='ltr'><strong>liol-</strong></span> 
     </span>
     <span class='ocr_line' id='line_1_20' title="bbox 138 2810 1319 2882; baseline 0 -18"><span class='ocrx_word' id='word_1_174' title='bbox 138 2810 294 2875; x_wconf 65' lang='lat' dir='ltr'><strong>timendo</strong></span> <span class='ocrx_word' id='word_1_175' title='bbox 304 2815 436 2869; x_wconf 69' lang='lat' dir='ltr'><strong>Sortem</strong></span> <span class='ocrx_word' id='word_1_176' title='bbox 451 2815 567 2882; x_wconf 60' lang='lat' dir='ltr'><strong>wucn’o,</strong></span> <span class='ocrx_word' id='word_1_177' title='bbox 580 2820 632 2870; x_wconf 90' lang='lat' dir='ltr'><strong>etc.</strong></span> <span class='ocrx_word' id='word_1_178' title='bbox 645 2817 763 2882; x_wconf 86' lang='lat' dir='ltr'><strong>Lipsiae,</strong></span> <span class='ocrx_word' id='word_1_179' title='bbox 776 2816 913 2879; x_wconf 81' lang='lat' dir='ltr'><strong>Teubner,</strong></span> <span class='ocrx_word' id='word_1_180' title='bbox 925 2815 1007 2879; x_wconf 78' lang='lat'><strong>1889).</strong></span> <span class='ocrx_word' id='word_1_181' title='bbox 1031 2814 1119 2867; x_wconf 80' lang='lat' dir='ltr'><strong>Codex</strong></span> <span class='ocrx_word' id='word_1_182' title='bbox 1133 2817 1223 2866; x_wconf 88' lang='lat' dir='ltr'><strong>autem</strong></span> <span class='ocrx_word' id='word_1_183' title='bbox 1246 2818 1319 2865; x_wconf 90' lang='lat' dir='ltr'><strong>totus</strong></span> 
     </span>
     <span class='ocr_line' id='line_1_21' title="bbox 138 2912 941 2982; baseline 0.005 -18"><span class='ocrx_word' id='word_1_184' title='bbox 138 2912 240 2979; x_wconf 86' lang='lat' dir='ltr'><strong>criptus</strong></span> <span class='ocrx_word' id='word_1_185' title='bbox 250 2920 293 2966; x_wconf 91' lang='lat' dir='ltr'><strong>est</strong></span> <span class='ocrx_word' id='word_1_186' title='bbox 306 2914 404 2967; x_wconf 89' lang='lat' dir='ltr'><strong>litteris</strong></span> <span class='ocrx_word' id='word_1_187' title='bbox 416 2915 581 2982; x_wconf 86' lang='lat' dir='ltr'><strong>uncialibus,</strong></span> <span class='ocrx_word' id='word_1_188' title='bbox 592 2917 711 2980; x_wconf 88' lang='lat' dir='ltr'><strong>saeculo,</strong></span> <span class='ocrx_word' id='word_1_189' title='bbox 724 2921 755 2969; x_wconf 92' lang='lat' dir='ltr'><strong>ut</strong></span> <span class='ocrx_word' id='word_1_190' title='bbox 766 2915 884 2979; x_wconf 84' lang='lat' dir='ltr'><strong>uidetur,</strong></span> <span class='ocrx_word' id='word_1_191' title='bbox 899 2915 941 2968; x_wconf 91' lang='lat' dir='ltr'><strong>lli.</strong></span> 
     </span>
    </p>
   </div>
   <div class='ocr_carea' id='block_1_7' title="bbox 183 3009 857 3107">
    <p class='ocr_par' dir='ltr' id='par_1_10' title="bbox 183 3009 857 3107">
     <span class='ocr_line' id='line_1_22' title="bbox 183 3009 857 3107; baseline 0.007 -21"><span class='ocrx_word' id='word_1_192' title='bbox 183 3009 223 3086; x_wconf 67' lang='lat'><strong>2⁰</strong></span> <span class='ocrx_word' id='word_1_193' title='bbox 240 3010 295 3090; x_wconf 87' lang='lat' dir='ltr'><strong>Dc</strong></span> <span class='ocrx_word' id='word_1_194' title='bbox 314 3020 441 3091; x_wconf 88' lang='lat' dir='ltr'><strong>morte</strong></span> <span class='ocrx_word' id='word_1_195' title='bbox 458 3013 572 3092; x_wconf 84' lang='lat' dir='ltr'><strong>Pilati</strong></span> <span class='ocrx_word' id='word_1_196' title='bbox 592 3014 672 3107; x_wconf 87' lang='lat' dir='ltr'><strong>(fol.</strong></span> <span class='ocrx_word' id='word_1_197' title='bbox 694 3013 857 3100; x_wconf 64' lang='lat' dir='ltr'><strong>d-de‘l.</strong></span> 
     </span>
    </p>
   </div>
   <div class='ocr_carea' id='block_1_8' title="bbox 138 3142 1473 3706">
    <p class='ocr_par' dir='ltr' id='par_1_11' title="bbox 138 3142 1462 3706">
     <span class='ocr_line' id='line_1_23' title="bbox 138 3142 1315 3208; baseline -0.001 -11"><span class='ocrx_word' id='word_1_198' title='bbox 138 3147 225 3198; x_wconf 80' lang='lat' dir='ltr'><strong>uarat.</strong></span> <span class='ocrx_word' id='word_1_199' title='bbox 247 3155 319 3198; x_wconf 85' lang='lat' dir='ltr'><strong>saec.</strong></span> <span class='ocrx_word' id='word_1_200' title='bbox 342 3145 411 3198; x_wconf 84' lang='lat' dir='ltr'><strong>lull.</strong></span> <span class='ocrx_word' id='word_1_201' title='bbox 434 3147 508 3199; x_wconf 84' lang='lat' dir='ltr'><strong>lianc</strong></span> <span class='ocrx_word' id='word_1_202' title='bbox 528 3147 712 3200; x_wconf 87' lang='lat' dir='ltr'><strong>narrationem</strong></span> <span class='ocrx_word' id='word_1_203' title='bbox 734 3159 790 3199; x_wconf 92' lang='lat' dir='ltr'><strong>non</strong></span> <span class='ocrx_word' id='word_1_204' title='bbox 810 3145 918 3199; x_wconf 86' lang='lat' dir='ltr'><strong>videtur</strong></span> <span class='ocrx_word' id='word_1_205' title='bbox 937 3142 1240 3198; x_wconf 72' lang='lat' dir='ltr'><strong>novissetiscbendurl</strong></span> <span class='ocrx_word' id='word_1_206' title='bbox 1256 3144 1315 3208; x_wconf 85' lang='lat' dir='ltr'><strong>(etr</strong></span> 
     </span>
     <span class='ocr_line' id='line_1_24' title="bbox 139 3241 1458 3311; baseline -0.002 -15"><span class='ocrx_word' id='word_1_207' title='bbox 139 3255 200 3309; x_wconf 75' lang='lat' dir='ltr'><strong>mo</strong></span> <span class='ocrx_word' id='word_1_208' title='bbox 214 3254 314 3310; x_wconf 69' lang='lat' dir='ltr'><strong>apoc,</strong></span> <span class='ocrx_word' id='word_1_209' title='bbox 324 3242 369 3296; x_wconf 89' lang='lat' dir='ltr'><strong>ed.</strong></span> <span class='ocrx_word' id='word_1_210' title='bbox 390 3245 464 3309; x_wconf 76' lang='lat'><strong>1876,</strong></span> <span class='ocrx_word' id='word_1_211' title='bbox 477 3259 504 3310; x_wconf 90' lang='lat' dir='ltr'><strong>p</strong></span> <span class='ocrx_word' id='word_1_212' title='bbox 520 3251 616 3303; x_wconf 80' lang='lat' dir='ltr'><strong>cxxxi.</strong></span> <span class='ocrx_word' id='word_1_213' title='bbox 627 3247 684 3299; x_wconf 93' lang='lat' dir='ltr'><strong>lnc.</strong></span> <span class='ocrx_word' id='word_1_214' title='bbox 700 3245 738 3299; x_wconf 83' lang='lat' dir='ltr'><strong>In</strong></span> <span class='ocrx_word' id='word_1_215' title='bbox 753 3243 997 3311; x_wconf 82' lang='lat' dir='ltr'><strong>diebuaimperii</strong></span> <span class='ocrx_word' id='word_1_216' title='bbox 1013 3242 1135 3310; x_wconf 73' lang='lat' dir='ltr'><strong>l&#39;ybenii</strong></span> <span class='ocrx_word' id='word_1_217' title='bbox 1147 3241 1316 3309; x_wconf 77' lang='lat' dir='ltr'><strong>caesares,</strong></span> <span class='ocrx_word' id='word_1_218' title='bbox 1374 3254 1458 3309; x_wconf 57' lang='lat' dir='ltr'><strong>wi</strong></span> 
     </span>
     <span class='ocr_line' id='line_1_25' title="bbox 139 3335 1473 3412; baseline -0.001 -17"><span class='ocrx_word' id='word_1_219' title='bbox 139 3338 245 3395; x_wconf 75' lang='lat' dir='ltr'><strong>arella</strong></span> <span class='ocrx_word' id='word_1_220' title='bbox 263 3341 375 3396; x_wconf 74' lang='lat' dir='ltr'><strong>Pontio</strong></span> <span class='ocrx_word' id='word_1_221' title='bbox 384 3341 648 3411; x_wconf 49' lang='lat' dir='ltr'><strong>Pilatoludeaed</strong></span> <span class='ocrx_word' id='word_1_222' title='bbox 636 3344 775 3397; x_wconf 80' lang='lat' dir='ltr'><strong>traditus</strong></span> <span class='ocrx_word' id='word_1_223' title='bbox 785 3343 1044 3412; x_wconf 76' lang='lat' dir='ltr'><strong>suttbomieusa</strong></span> <span class='ocrx_word' id='word_1_224' title='bbox 1061 3340 1195 3408; x_wconf 67' lang='lat' dir='ltr'><strong>litberto</strong></span> <span class='ocrx_word' id='word_1_225' title='bbox 1208 3340 1319 3394; x_wconf 80' lang='lat' dir='ltr'><strong>indie-</strong></span> <span class='ocrx_word' id='word_1_226' title='bbox 1364 3335 1473 3375; x_wconf 52' lang='grc' dir='ltr'><strong>ΜΝ</strong></span> 
     </span>
     <span class='ocr_line' id='line_1_26' title="bbox 144 3438 1319 3508; baseline 0 -17"><span class='ocrx_word' id='word_1_227' title='bbox 144 3438 221 3492; x_wconf 71' lang='lat' dir='ltr'><strong>illis</strong></span> <span class='ocrx_word' id='word_1_228' title='bbox 234 3441 304 3492; x_wconf 83' lang='lat' dir='ltr'><strong>erat</strong></span> <span class='ocrx_word' id='word_1_229' title='bbox 315 3440 446 3507; x_wconf 80' lang='lat' dir='ltr'><strong>qnidam</strong></span> <span class='ocrx_word' id='word_1_230' title='bbox 464 3442 557 3507; x_wconf 67' lang='lat' dir='ltr'><strong>ipius</strong></span> <span class='ocrx_word' id='word_1_231' title='bbox 568 3441 755 3508; x_wconf 70' lang='lat' dir='ltr'><strong>subrepentes</strong></span> <span class='ocrx_word' id='word_1_232' title='bbox 772 3441 916 3507; x_wconf 73' lang='lat' dir='ltr'><strong>lbberii</strong></span> <span class='ocrx_word' id='word_1_233' title='bbox 904 3456 938 3494; x_wconf 82' lang='lat' dir='ltr'><strong>m</strong></span> <span class='ocrx_word' id='word_1_234' title='bbox 953 3453 1047 3508; x_wconf 76' lang='lat' dir='ltr'><strong>repen</strong></span> <span class='ocrx_word' id='word_1_235' title='bbox 1060 3438 1297 3508; x_wconf 78' lang='lat' dir='ltr'><strong>Aquitannico</strong></span> <span class='ocrx_word' id='word_1_236' title='bbox 1283 3453 1319 3491; x_wconf 78' lang='lat' dir='ltr'><strong>an</strong></span> 
     </span>
     <span class='ocr_line' id='line_1_27' title="bbox 139 3535 1317 3608; baseline -0.003 -17"><span class='ocrx_word' id='word_1_237' title='bbox 139 3538 212 3591; x_wconf 77' lang='lat' dir='ltr'><strong>tate</strong></span> <span class='ocrx_word' id='word_1_238' title='bbox 229 3549 311 3604; x_wconf 71' lang='lat' dir='ltr'><strong>qam</strong></span> <span class='ocrx_word' id='word_1_239' title='bbox 325 3537 445 3592; x_wconf 80' lang='lat' dir='ltr'><strong>dieitur</strong></span> <span class='ocrx_word' id='word_1_240' title='bbox 455 3539 636 3607; x_wconf 79' lang='lat' dir='ltr'><strong>Sorodopal.</strong></span> <span class='ocrx_word' id='word_1_241' title='bbox 648 3541 726 3593; x_wconf 61' lang='lat' dir='ltr'><strong>blot</strong></span> <span class='ocrx_word' id='word_1_242' title='bbox 738 3542 844 3593; x_wconf 82' lang='lat' dir='ltr'><strong>auteur</strong></span> <span class='ocrx_word' id='word_1_243' title='bbox 857 3539 1005 3608; x_wconf 73' lang='lat' dir='ltr'><strong>infirmus</strong></span> <span class='ocrx_word' id='word_1_244' title='bbox 1016 3539 1051 3591; x_wconf 79' lang='lat' dir='ltr'><strong>io</strong></span> <span class='ocrx_word' id='word_1_245' title='bbox 1069 3549 1149 3591; x_wconf 82' lang='lat' dir='ltr'><strong>nore</strong></span> <span class='ocrx_word' id='word_1_246' title='bbox 1164 3550 1224 3590; x_wconf 82' lang='lat' dir='ltr'><strong>auu</strong></span> <span class='ocrx_word' id='word_1_247' title='bbox 1241 3535 1317 3604; x_wconf 82' lang='lat' dir='ltr'><strong>quia</strong></span> 
     </span>
     <span class='ocr_line' id='line_1_28' title="bbox 139 3635 1317 3706; baseline -0.004 -14"><span class='ocrx_word' id='word_1_248' title='bbox 139 3647 248 3692; x_wconf 62' lang='lat' dir='ltr'><strong>offere</strong></span> <span class='ocrx_word' id='word_1_249' title='bbox 256 3635 473 3691; x_wconf 69' lang='lat' dir='ltr'><strong>deboecontem</strong></span> <span class='ocrx_word' id='word_1_250' title='bbox 483 3637 570 3691; x_wconf 80' lang='lat' dir='ltr'><strong>intra</strong></span> <span class='ocrx_word' id='word_1_251' title='bbox 582 3636 711 3692; x_wconf 83' lang='lat' dir='ltr'><strong>babebat</strong></span> <span class='ocrx_word' id='word_1_252' title='bbox 723 3640 759 3691; x_wconf 82' lang='lat' dir='ltr'><strong>ut</strong></span> <span class='ocrx_word' id='word_1_253' title='bbox 770 3637 885 3706; x_wconf 74' lang='lat' dir='ltr'><strong>faciem</strong></span> <span class='ocrx_word' id='word_1_254' title='bbox 896 3639 1010 3690; x_wconf 78' lang='lat' dir='ltr'><strong>terwret</strong></span> <span class='ocrx_word' id='word_1_255' title='bbox 1021 3635 1169 3703; x_wconf 81' lang='lat' dir='ltr'><strong>usquead</strong></span> <span class='ocrx_word' id='word_1_256' title='bbox 1180 3635 1317 3688; x_wconf 82' lang='lat' dir='ltr'><strong>oculos...</strong></span> 
     </span>
    </p>
   </div>
   <div class='ocr_carea' id='block_1_9' title="bbox 177 3732 1314 3837">
    <p class='ocr_par' dir='ltr' id='par_1_12' title="bbox 177 3732 1314 3837">
     <span class='ocr_line' id='line_1_29' title="bbox 177 3732 1314 3837; baseline -0.004 -25"><span class='ocrx_word' id='word_1_257' title='bbox 177 3733 220 3812; x_wconf 81' lang='grc' dir='ltr'><strong>3ο</strong></span> <span class='ocrx_word' id='word_1_258' title='bbox 237 3732 420 3814; x_wconf 84' lang='lat' dir='ltr'><strong>Miracula</strong></span> <span class='ocrx_word' id='word_1_259' title='bbox 437 3745 591 3816; x_wconf 83' lang='lat' dir='ltr'><strong>sanctae</strong></span> <span class='ocrx_word' id='word_1_260' title='bbox 618 3735 758 3814; x_wconf 84' lang='lat' dir='ltr'><strong>Mariae</strong></span> <span class='ocrx_word' id='word_1_261' title='bbox 781 3736 943 3837; x_wconf 82' lang='lat' dir='ltr'><strong>virginis</strong></span> <span class='ocrx_word' id='word_1_262' title='bbox 970 3735 1050 3834; x_wconf 84' lang='lat' dir='ltr'><strong>(fol.</strong></span> <span class='ocrx_word' id='word_1_263' title='bbox 1076 3734 1232 3830; x_wconf 49' lang='lat' dir='ltr'><strong>biatu)</strong></span> <span class='ocrx_word' id='word_1_264' title='bbox 1250 3732 1314 3834; x_wconf 82' lang='lat' dir='ltr'><strong>(l).</strong></span> 
     </span>
    </p>
   </div>
   <div class='ocr_carea' id='block_1_10' title="bbox 139 3866 1317 4334">
    <p class='ocr_par' dir='ltr' id='par_1_13' title="bbox 139 3866 1317 4334">
     <span class='ocr_line' id='line_1_30' title="bbox 139 3866 1317 3937; baseline -0.004 -14"><span class='ocrx_word' id='word_1_265' title='bbox 139 3872 226 3923; x_wconf 76' lang='lat' dir='ltr'><strong>tamt.</strong></span> <span class='ocrx_word' id='word_1_266' title='bbox 240 3879 311 3920; x_wconf 79' lang='lat' dir='ltr'><strong>saec.</strong></span> <span class='ocrx_word' id='word_1_267' title='bbox 325 3866 394 3922; x_wconf 78' lang='lat' dir='ltr'><strong>xlii.</strong></span> <span class='ocrx_word' id='word_1_268' title='bbox 407 3869 497 3923; x_wconf 90' lang='lat' dir='ltr'><strong>Prima</strong></span> <span class='ocrx_word' id='word_1_269' title='bbox 509 3883 573 3936; x_wconf 87' lang='lat' dir='ltr'><strong>pars</strong></span> <span class='ocrx_word' id='word_1_270' title='bbox 585 3870 667 3937; x_wconf 87' lang='lat' dir='ltr'><strong>bujus</strong></span> <span class='ocrx_word' id='word_1_271' title='bbox 678 3869 802 3936; x_wconf 90' lang='lat' dir='ltr'><strong>opusculi</strong></span> <span class='ocrx_word' id='word_1_272' title='bbox 812 3869 867 3928; x_wconf 76' lang='lat' dir='ltr'><strong>(iol.</strong></span> <span class='ocrx_word' id='word_1_273' title='bbox 881 3870 986 3932; x_wconf 58' lang='lat' dir='ltr'><strong>dilituit)</strong></span> <span class='ocrx_word' id='word_1_274' title='bbox 998 3873 1040 3920; x_wconf 90' lang='lat' dir='ltr'><strong>est</strong></span> <span class='ocrx_word' id='word_1_275' title='bbox 1053 3872 1181 3921; x_wconf 87' lang='lat' dir='ltr'><strong>tractatus</strong></span> <span class='ocrx_word' id='word_1_276' title='bbox 1193 3867 1317 3920; x_wconf 75' lang='lat' dir='ltr'><strong>Padmeri</strong></span> 
     </span>
     <span class='ocr_line' id='line_1_31' title="bbox 140 3966 1316 4034; baseline -0.003 -13"><span class='ocrx_word' id='word_1_277' title='bbox 140 3966 289 4021; x_wconf 85' lang='lat' dir='ltr'><strong>uariensls</strong></span> <span class='ocrx_word' id='word_1_278' title='bbox 300 3966 339 4020; x_wconf 78' lang='lat' dir='ltr'><strong>de</strong></span> <span class='ocrx_word' id='word_1_279' title='bbox 348 3970 485 4034; x_wconf 79' lang='lat' dir='ltr'><strong>quotuor</strong></span> <span class='ocrx_word' id='word_1_280' title='bbox 495 3967 898 4033; x_wconf 81' lang='lat' dir='ltr'><strong>virtutibusB.Mcrioc,ed.</strong></span> <span class='ocrx_word' id='word_1_281' title='bbox 907 3970 982 4029; x_wconf 85' lang='lat' dir='ltr'><strong>P.b.,</strong></span> <span class='ocrx_word' id='word_1_282' title='bbox 996 3973 1061 4020; x_wconf 89' lang='lat' dir='ltr'><strong>tom.</strong></span> <span class='ocrx_word' id='word_1_283' title='bbox 1074 3968 1159 4033; x_wconf 82' lang='lat' dir='ltr'><strong>cblx,</strong></span> <span class='ocrx_word' id='word_1_284' title='bbox 1172 3980 1199 4033; x_wconf 93' lang='lat' dir='ltr'><strong>p.</strong></span> <span class='ocrx_word' id='word_1_285' title='bbox 1212 3966 1316 4020; x_wconf 67' lang='lat' dir='ltr'><strong>dludi.</strong></span> 
     </span>
     <span class='ocr_line' id='line_1_32' title="bbox 140 4063 1317 4132; baseline -0.003 -13"><span class='ocrx_word' id='word_1_286' title='bbox 140 4064 183 4119; x_wconf 91' lang='lat' dir='ltr'><strong>de</strong></span> <span class='ocrx_word' id='word_1_287' title='bbox 194 4063 259 4129; x_wconf 81' lang='lat' dir='ltr'><strong>(fol.</strong></span> <span class='ocrx_word' id='word_1_288' title='bbox 280 4065 387 4128; x_wconf 67' lang='lat' dir='ltr'><strong>wdb‘)</strong></span> <span class='ocrx_word' id='word_1_289' title='bbox 398 4064 508 4118; x_wconf 90' lang='lat' dir='ltr'><strong>disserit</strong></span> <span class='ocrx_word' id='word_1_290' title='bbox 519 4067 636 4132; x_wconf 88' lang='lat' dir='ltr'><strong>scriptor</strong></span> <span class='ocrx_word' id='word_1_291' title='bbox 647 4066 681 4119; x_wconf 91' lang='lat' dir='ltr'><strong>de</strong></span> <span class='ocrx_word' id='word_1_292' title='bbox 694 4065 880 4131; x_wconf 87' lang='lat' dir='ltr'><strong>assumptione</strong></span> <span class='ocrx_word' id='word_1_293' title='bbox 898 4067 925 4116; x_wconf 80' lang='lat' dir='ltr'><strong>li.</strong></span> <span class='ocrx_word' id='word_1_294' title='bbox 940 4066 968 4116; x_wconf 87' lang='lat' dir='ltr'><strong>V.</strong></span> <span class='ocrx_word' id='word_1_295' title='bbox 983 4064 1103 4131; x_wconf 88' lang='lat' dir='ltr'><strong>benique</strong></span> <span class='ocrx_word' id='word_1_296' title='bbox 1115 4063 1171 4127; x_wconf 81' lang='lat' dir='ltr'><strong>(iol.</strong></span> <span class='ocrx_word' id='word_1_297' title='bbox 1185 4065 1232 4116; x_wconf 59' lang='grc' dir='ltr'><strong>θον</strong></span> <span class='ocrx_word' id='word_1_298' title='bbox 1244 4064 1317 4129; x_wconf 89' lang='lat' dir='ltr'><strong>sqq.)</strong></span> 
     </span>
     <span class='ocr_line' id='line_1_33' title="bbox 140 4165 1315 4235; baseline -0.005 -13"><span class='ocrx_word' id='word_1_299' title='bbox 140 4182 178 4222; x_wconf 83' lang='lat' dir='ltr'><strong>un</strong></span> <span class='ocrx_word' id='word_1_300' title='bbox 190 4166 393 4221; x_wconf 86' lang='lat' dir='ltr'><strong>miraculorum</strong></span> <span class='ocrx_word' id='word_1_301' title='bbox 404 4172 524 4226; x_wconf 81' lang='lat' dir='ltr'><strong>enarrat,</strong></span> <span class='ocrx_word' id='word_1_302' title='bbox 539 4181 657 4235; x_wconf 84' lang='lat' dir='ltr'><strong>quorum</strong></span> <span class='ocrx_word' id='word_1_303' title='bbox 669 4169 788 4235; x_wconf 89' lang='lat' dir='ltr'><strong>primum</strong></span> <span class='ocrx_word' id='word_1_304' title='bbox 802 4173 843 4220; x_wconf 89' lang='lat' dir='ltr'><strong>est</strong></span> <span class='ocrx_word' id='word_1_305' title='bbox 858 4165 971 4220; x_wconf 87' lang='lat' dir='ltr'><strong>historia</strong></span> <span class='ocrx_word' id='word_1_306' title='bbox 984 4165 1127 4230; x_wconf 83' lang='lat' dir='ltr'><strong>Theophili</strong></span> <span class='ocrx_word' id='word_1_307' title='bbox 1141 4165 1315 4231; x_wconf 86' lang='lat' dir='ltr'><strong>paenitentis,</strong></span> 
     </span>
     <span class='ocr_line' id='line_1_34' title="bbox 140 4265 1117 4334; baseline -0.005 -12"><span class='ocrx_word' id='word_1_308' title='bbox 140 4265 201 4322; x_wconf 83' lang='lat' dir='ltr'><strong>ndo</strong></span> <span class='ocrx_word' id='word_1_309' title='bbox 215 4265 378 4320; x_wconf 87' lang='lat' dir='ltr'><strong>reteruotor</strong></span> <span class='ocrx_word' id='word_1_310' title='bbox 388 4267 573 4333; x_wconf 86' lang='lat' dir='ltr'><strong>apparitiones</strong></span> <span class='ocrx_word' id='word_1_311' title='bbox 584 4267 758 4320; x_wconf 82' lang='lat' dir='ltr'><strong>beatissimae</strong></span> <span class='ocrx_word' id='word_1_312' title='bbox 771 4266 887 4334; x_wconf 78' lang='lat' dir='ltr'><strong>Virginis</strong></span> <span class='ocrx_word' id='word_1_313' title='bbox 899 4268 925 4318; x_wconf 83' lang='lat' dir='ltr'><strong>S.</strong></span> <span class='ocrx_word' id='word_1_314' title='bbox 945 4265 1051 4329; x_wconf 80' lang='lat' dir='ltr'><strong>Basilio,</strong></span> <span class='ocrx_word' id='word_1_315' title='bbox 1065 4269 1117 4317; x_wconf 90' lang='lat' dir='ltr'><strong>etc.</strong></span> 
     </span>
    </p>
   </div>
   <div class='ocr_carea' id='block_1_11' title="bbox 148 4479 1317 4633">
    <p class='ocr_par' dir='ltr' id='par_1_14' title="bbox 148 4479 1317 4633">
     <span class='ocr_line' id='line_1_35' title="bbox 148 4479 1317 4548; baseline -0.006 -9"><span class='ocrx_word' id='word_1_316' title='bbox 148 4481 311 4539; x_wconf 83' lang='lat' dir='ltr'><strong>codicillus</strong></span> <span class='ocrx_word' id='word_1_317' title='bbox 323 4479 375 4534; x_wconf 84' lang='lat' dir='ltr'><strong>iste</strong></span> <span class='ocrx_word' id='word_1_318' title='bbox 386 4481 438 4534; x_wconf 83' lang='lat' dir='ltr'><strong>brit</strong></span> <span class='ocrx_word' id='word_1_319' title='bbox 448 4482 513 4535; x_wconf 90' lang='lat' dir='ltr'><strong>olim</strong></span> <span class='ocrx_word' id='word_1_320' title='bbox 525 4482 650 4536; x_wconf 90' lang='lat' dir='ltr'><strong>coenobii</strong></span> <span class='ocrx_word' id='word_1_321' title='bbox 663 4481 753 4535; x_wconf 87' lang='lat' dir='ltr'><strong>sancti</strong></span> <span class='ocrx_word' id='word_1_322' title='bbox 768 4481 885 4548; x_wconf 84' lang='lat' dir='ltr'><strong>bionysii</strong></span> <span class='ocrx_word' id='word_1_323' title='bbox 900 4497 907 4533; x_wconf 92' lang='lat'>:</span> <span class='ocrx_word' id='word_1_324' title='bbox 921 4480 968 4547; x_wconf 90' lang='lat' dir='ltr'><strong>qui</strong></span> <span class='ocrx_word' id='word_1_325' title='bbox 990 4485 1082 4533; x_wconf 88' lang='lat' dir='ltr'><strong>autem</strong></span> <span class='ocrx_word' id='word_1_326' title='bbox 1100 4479 1218 4533; x_wconf 86' lang='lat' dir='ltr'><strong>eundem</strong></span> <span class='ocrx_word' id='word_1_327' title='bbox 1243 4491 1317 4544; x_wconf 79' lang='lat' dir='ltr'><strong>prae·</strong></span> 
     </span>
     <span class='ocr_line' id='line_1_36' title="bbox 152 4561 1049 4633; baseline -0.007 -13"><span class='ocrx_word' id='word_1_328' title='bbox 152 4566 221 4633; x_wconf 81' lang='lat' dir='ltr'><strong>(rol.</strong></span> <span class='ocrx_word' id='word_1_329' title='bbox 236 4565 337 4628; x_wconf 78' lang='lat' dir='ltr'><strong>tto-ot),</strong></span> <span class='ocrx_word' id='word_1_330' title='bbox 349 4562 481 4617; x_wconf 86' lang='lat' dir='ltr'><strong>ecclesiae</strong></span> <span class='ocrx_word' id='word_1_331' title='bbox 495 4562 659 4618; x_wconf 78' lang='lat' dir='ltr'><strong>cathedralis</strong></span> <span class='ocrx_word' id='word_1_332' title='bbox 670 4563 726 4617; x_wconf 78' lang='lat' dir='ltr'><strong>set.</strong></span> <span class='ocrx_word' id='word_1_333' title='bbox 740 4561 828 4615; x_wconf 83' lang='lat' dir='ltr'><strong>Petri</strong></span> <span class='ocrx_word' id='word_1_334' title='bbox 840 4561 1049 4616; x_wconf 74' lang='lat' dir='ltr'><strong>beivacensis.</strong></span> 
     </span>
    </p>
   </div>
   <div class='ocr_carea' id='block_1_12' title="bbox 140 4661 1283 4722">
    <p class='ocr_par' dir='ltr' id='par_1_15' title="bbox 140 4661 1283 4722">
     <span class='ocr_line' id='line_1_37' title="bbox 140 4661 1283 4722; baseline -0.009 -1"><span class='ocrx_word' id='word_1_335' title='bbox 140 4675 247 4722; x_wconf 60' lang='lat' dir='ltr'><strong>:nub</strong></span> <span class='ocrx_word' id='word_1_336' title='bbox 257 4672 348 4716; x_wconf 63' lang='lat' dir='ltr'><strong>mm·</strong></span> <span class='ocrx_word' id='word_1_337' title='bbox 363 4672 388 4714; x_wconf 79' lang='lat' dir='ltr'><strong>t.</strong></span> <span class='ocrx_word' id='word_1_338' title='bbox 403 4672 421 4714; x_wconf 89' lang='lat' dir='ltr'><strong>t.</strong></span> <span class='ocrx_word' id='word_1_339' title='bbox 1251 4661 1283 4712; x_wconf 72' lang='grc' dir='ltr'>Η</span> 
     </span>
    </p>
   </div>
   <div class='ocr_carea' id='block_1_13' title="bbox 0 0 1578 5482">
    <p class='ocr_par' dir='ltr' id='par_1_16' title="bbox 0 0 1578 5482">
     <span class='ocr_line' id='line_1_38' title="bbox 0 0 1578 5482; baseline 0 0"><span class='ocrx_word' id='word_1_340' title='bbox 0 0 1578 5482; x_wconf 95' lang='lat' dir='ltr'><strong> </strong></span> 
     </span>
    </p>
   </div>
  </div>
 </body>
</html>
