3156 5452
274 358 364 406 eran.
383 356 466 405 nar.
485 356 600 405 rems.
619 374 666 385 -
681 357 834 406 nerano.
855 359 902 406 aa
919 359 996 407 con.
1016 357 1092 407 2447.
1230 346 1294 411 123

407 573 614 684 Appendix
634 575 683 662 ad
704 574 788 662 cod.
820 576 947 662 2447.

73 783 123 850 De
140 793 215 854 vita
237 797 275 856 et
289 795 519 867 passionibus
541 795 746 854 sanctorum
771 796 976 866 martyrum
1001 794 1163 867 Dionysii
1184 796 1292 856 socio·

112 907 256 966 rumque
270 896 360 969 alus,
376 909 401 954 a
412 908 481 966 quo
495 895 554 953 vel
568 907 593 952 a
607 893 737 964 qulbus
758 893 967 953 auctoribus
981 894 1203 967 conscriptae
1216 898 1291 955 me·

108 993 178 1053 rint
190 989 268 1070 (ch.
285 1009 387 1072 supra,
406 1009 435 1072 p.
455 990 526 1063 ltl,
543 989 599 1068 5⁰).

101 1172 169 1224 solet
180 1172 278 1239 quaeri
291 1183 307 1223 a
320 1172 484 1238 quibusdam
497 1170 634 1223 curiosius
648 1184 738 1223 rerum
751 1177 887 1236 gestamm
899 1173 1041 1225 veritatem
1055 1174 1125 1226 seire
1138 1173 1293 1225 volentibus

18 1252 46 1304 5
72 1281 148 1337 aquo
160 1270 203 1324 vel
217 1283 233 1322 a
254 1271 354 1336 quibus
367 1284 399 1324 ea
420 1283 490 1336 quae
503 1271 537 1323 de
548 1271 627 1323 heato
648 1270 774 1334 Dionysio
786 1281 818 1321 ac
831 1269 912 1321 sociis
923 1270 982 1335 ejus
1001 1270 1129 1337 leguntur
1141 1271 1293 1335 conscripta

73 1367 127 1420 sint.
137 1368 244 1433 Quibus
256 1368 376 1421 breviter
387 1368 579 1434 respondetur,
594 1373 752 1420 tractatores
774 1369 845 1419 ritae
859 1381 889 1420 ac
902 1368 1037 1432 passionis
1058 1368 1211 1421 eorundem
1235 1382 1295 1421 san·

72 1473 168 1520 storum
181 1471 331 1533 martyrum
343 1480 426 1534 quam
448 1468 582 1520 maximae
602 1467 770 1519 auctoritatis
790 1467 922 1534 extitisse,
937 1472 1030 1533 utpote
1041 1468 1133 1520 divina
1146 1467 1295 1521 illustratos

71 1569 187 1630 seientia,
201 1567 299 1619 merito
312 1571 339 1619 et
358 1568 457 1619 virtute
471 1567 621 1619 sanctitatis
642 1565 795 1633 insignitos,
810 1566 969 1620 sublimatos
990 1567 1018 1619 in
1039 1568 1153 1619 summis
1165 1567 1294 1633 gradihus

70 1666 264 1719 ecclesiasticae
284 1663 433 1730 dignitatis.
456 1668 492 1717 lia
513 1677 632 1731 namque
654 1676 723 1731 quae
744 1670 808 1717 ante
832 1666 1040 1720 conversionem
1066 1672 1093 1719 et
1117 1672 1177 1731 post
1198 1666 1294 1718 beatus

10 1757 33 1808 J
70 1766 209 1833 bionysius
222 1766 250 1816 in
263 1766 374 1817 Graecia
388 1770 414 1817 et
426 1765 455 1816 in
473 1764 595 1830 partibus
608 1765 720 1817 orientis
737 1764 813 1828 dixit,
828 1763 936 1829 scripsit
947 1769 975 1816 et
986 1765 1048 1830 egit,
1064 1765 1191 1817 nobilitas
1209 1763 1292 1815 etiam

67 1864 173 1931 generis
183 1863 282 1929 ipsius,
296 1862 454 1930 magnitudo
473 1863 634 1929 sapientiae,
648 1863 745 1917 fluvius
765 1866 947 1932 eloquentiae,
962 1879 1013 1919 nec
1034 1880 1089 1919 non
1102 1872 1129 1919 et
1146 1867 1198 1918 alia
1211 1878 1294 1932 quam

66 1964 181 2029 piurima
200 1962 281 2014 valde
294 1962 429 2027 miranda,
441 1964 539 2028 partim
551 1964 586 2016 ab
598 1964 753 2016 Aristarcho
766 1964 872 2031 egregio
886 1965 1104 2033 historiographo
1113 1967 1156 2030 (l),
1168 1965 1265 2030 partim
1278 1978 1293 2016 a

66 2064 142 2115 heato
164 2060 300 2114 llethodio
322 2067 438 2127 martyre
459 2062 760 2127 constantinopolitano
781 2062 908 2128 pontifice
920 2064 964 2128 (2),
980 2064 1103 2129 partima
1122 2064 1293 2116 sanctissimo

66 2160 195 2213 lliehaele
216 2160 459 2226 hierosolymitano
480 2161 633 2226 patriarcha
654 2162 697 2226 (5),
712 2161 928 2214 luculentissime
946 2176 977 2215 ac
997 2162 1175 2215 disertissime
1195 2174 1293 2229 graeco

67 2260 176 2326 eloquio
200 2259 228 2310 in
253 2260 416 2323 scripturam
438 2263 502 2311 sunt
532 2259 650 2312 redacta.
675 2262 748 2324 Quae
769 2261 879 2326 quidem
902 2262 1074 2326 postmodum
1096 2262 1129 2313 ab
1150 2261 1292 2313 Anastasio

68 2361 202 2412 Romanae
214 2358 346 2411 ecclesiae
366 2358 583 2424 bibliothecario,
596 2359 740 2425 utriusque
761 2359 870 2426 linguae
887 2361 1062 2425 peritissimo,
1077 2361 1105 2412 in
1118 2361 1230 2412 latinam
1243 2360 1294 2411 lin·

68 2468 144 2523 guam
157 2456 287 2508 translata
300 2461 365 2508 sunt
377 2460 403 2508 et
415 2456 572 2521 imperatori
585 2458 683 2510 liarolo
694 2471 744 2523 pro
766 2471 864 2525 magno
877 2471 992 2511 munere
1015 2463 1195 2525 praesentata.
1210 2460 1294 2521 Quae·

69 2555 127 2607 dam
139 2566 205 2608 vero
215 2568 311 2607 eorum
323 2568 394 2620 quae
406 2555 434 2606 in
445 2555 568 2620 partibus
579 2556 727 2609 Galliarum
739 2558 903 2623 perpetravit
912 2557 1019 2610 visbius
1036 2559 1136 2624 scripto
1155 2558 1290 2610 contradi·

70 2653 105 2705 dit
121 2655 167 2719 (i),
180 2655 228 2721 qui
250 2653 302 2706 luit
322 2653 394 2707 lilius
416 2655 497 2708 bisbii
513 2656 671 2719 etharciae,
683 2657 731 2722 qui
752 2655 916 2708 nobilissimi
938 2657 1109 2711 habebantur
1129 2658 1202 2708 inter
1222 2658 1295 2710 cives

71 2752 262 2805 Parisiensium
277 2766 413 2819 :quorum
435 2753 503 2806 alter
523 2755 603 2819 paulo
615 2759 679 2806 ante
698 2755 808 2806 beatum
829 2755 986 2821 Dionysium
1008 2756 1135 2822 martyrio
1148 2761 1295 2808 coronatus

70 2855 117 2917 est,
132 2850 218 2904 altera
230 2864 295 2904 vero
315 2853 374 2917 ipso
386 2851 431 2904 die
444 2852 580 2917 passionis
600 2858 757 2906 sanctorum
771 2859 919 2918 martyrum
940 2855 969 2905 in
990 2854 1066 2907 tonte
1088 2855 1130 2907 sui
1151 2854 1293 2922 sanguinis

71 2950 210 3015 baptizata,
229 2963 292 3002 cum
314 2950 403 3016 palma
421 2951 542 3016 martyrii
563 2951 766 3018 transmigravit
778 2952 813 3005 ad
835 2953 989 3024 bominum.
1003 2956 1109 3007 Genera
1130 2958 1222 3005 autem
1240 2962 1295 3006 tor·

72 3054 222 3102 menmium
235 3053 262 3101 et
281 3061 399 3116 agonum
421 3049 569 3102 certamina
589 3055 616 3102 ct
628 3056 718 3103 cetera
731 3064 801 3117 quae
819 3059 973 3117 sequuntur
989 3052 1100 3119 gloriosi
1112 3053 1295 3112 confessores,

70 3149 211 3202 sanctinus
228 3148 357 3201 videlicet
369 3156 396 3200 et
415 3150 577 3214 Antoninus,
600 3150 721 3216 ejusdem
743 3152 861 3217 Dionysii
880 3151 1017 3217 discipuli,
1031 3152 1101 3204 sicut
1121 3153 1161 3204 eis
1182 3153 1217 3205 ab
1238 3153 1295 3217 ipso

10 3236 20 3251 '
70 3253 241 3312 praeceptum
263 3247 361 3308 iuerat,
375 3248 524 3300 memoriae
537 3248 766 3301 commendarunt
777 3251 811 3314 (5)
825 3265 831 3300 :
846 3263 963 3316 quorum
981 3255 1105 3317 uterque,
1119 3250 1187 3302 alter
1205 3256 1296 3302 tamen

70 3350 126 3409 post
140 3346 269 3411 alterum,
291 3345 421 3398 lleldensi
443 3346 574 3399 ecclesiae
589 3346 619 3398 in
640 3348 789 3413 episcopali
811 3349 939 3401 cathedra
960 3349 1113 3401 dinoscitur
1133 3348 1295 3414 praefuisse.

69 3444 159 3496 sedet
177 3445 246 3498 illud
257 3444 403 3512 diligenter
423 3444 630 3511 attendendum,
644 3446 718 3513 quod
741 3453 867 3500 auctores
879 3445 969 3514 graeci
992 3447 1108 3513 plurima
1121 3447 1155 3499 de
1169 3447 1296 3513 hisquae

69 3544 230 3610 inpartibus
251 3544 365 3597 orientis
379 3551 455 3611 gesta
472 3549 546 3612 sunt,
560 3545 646 3611 pa‘uca
661 3558 726 3598 vero
744 3546 779 3599 de
800 3547 842 3598 his
862 3559 933 3612 quae
955 3547 984 3597 in
1006 3546 1129 3612 partibus
1146 3546 1296 3598 occidentis

70 3645 241 3710 contigerunt
261 3644 501 3709 conscripserunt;
515 3645 680 3697 econtrario
701 3651 792 3698 autem
806 3645 936 3712 praedicti
958 3646 1131 3699 consessores
1143 3649 1170 3697 et
1189 3645 1295 3698 visbius

10 3730 32 3779 3
72 3742 208 3806 paneade
229 3742 354 3808 hisquae
367 3741 396 3794 in
418 3743 539 3810 Graecia,
564 3743 681 3807 plurima
702 3757 767 3797 vero
780 3745 814 3797 de
833 3742 876 3796 his
897 3746 1010 3810 quaein
1032 3745 1117 3796 Gallia
1137 3749 1211 3810 gesta
1232 3751 1297 3796 sunt

74 3838 183 3906 legenda
204 3840 320 3906 posteris
340 3839 533 3892 tradiderunt:
557 3840 630 3906 quod
643 3847 792 3908 utrumqne
814 3848 924 3908 propter
948 3842 1093 3894 maximam
1106 3842 1228 3895 locorum
1240 3841 1297 3892 dis·

72 3939 179 3991 unllam
199 3937 344 4005 contigisse
357 3936 531 3990 manifestum
553 3944 604 3992 est.
619 3939 793 3992 Omniavero
814 3953 884 4006 quae
906 3941 934 3992 in
956 3941 1129 3993 sanctissimo
1150 3946 1225 4005 patre
1246 3952 1296 3991 suo

72 4036 212 4088 sanctinus
224 4041 251 4089 et
263 4036 414 4089 Antoninus
426 4037 534 4089 oculata
547 4037 600 4090 lide
623 4044 817 4104 cognoverant,
831 4045 926 4091 sancto
949 4040 1077 4091 anacleto
1095 4042 1217 4092 Romano
1230 4050 1295 4104 pon-

75 4133 141 4199 ulei,
149 4138 196 4202 qui
206 4137 286 4189 beato
295 4136 427 4188 clementi
436 4138 467 4188 in
480 4138 638 4203 episcopatu
648 4145 826 4202 successerat,
838 4141 991 4206 ceterisque
1001 4139 1138 4203 fidelihus,
1148 4141 1176 4191 in
1188 4140 1295 4206 propria

15 4226 54 4276 ³5
78 4243 195 4302 persona,
209 4234 330 4302 magistri
343 4235 384 4287 sui
398 4241 526 4301 parentes
539 4237 662 4302 imperio,
676 4244 742 4290 ncta
758 4239 848 4291 lacere
860 4239 1034 4292 studuerunt.
1047 4239 1216 4305 adquorum
1229 4241 1295 4304 peti·

107 4428 137 4492 (l)
155 4430 208 4482 Gir.
221 4432 286 4484 Act,
299 4431 357 4497 SS,
377 4430 411 4482 ad
427 4431 456 4483 d.
470 4434 568 4495 boet,
582 4438 647 4484 tom.
662 4434 701 4486 lv,
716 4447 743 4498 p.
758 4434 806 4486 tos
823 4447 895 4501 sqq„
914 4449 941 4486 n.
955 4437 1038 4487 cols.
1051 4463 1084 4472 -
1095 4436 1130 4499 (2)
1148 4436 1200 4487 Cir.
1215 4436 1294 4502 ibid,

79 4515 103 4564 l)-
116 4512 160 4563 709
171 4526 243 4579 sqq,
257 4527 285 4564 n.
298 4514 385 4566 59-71.
406 4542 439 4551 -
456 4513 490 4577 (5)
509 4515 563 4566 Cir.
577 4528 669 4580 supra,
683 4530 709 4580 p.
725 4518 833 4583 lil,.8⁰.
845 4545 879 4555 —
890 4518 925 4581 (l)
941 4519 995 4570 Cir.
1008 4519 1072 4571 Act.
1087 4519 1144 4582 Sci,
1158 4522 1225 4570 tom.
1238 4520 1296 4583 cit,

80 4598 103 4645 ll·
115 4593 160 4645 illd
171 4609 242 4662 sqq,
256 4610 284 4650 n.
298 4599 382 4650 lect.
400 4626 434 4635 -
451 4599 486 4662 (5)
503 4598 557 4651 Cir.
572 4598 649 4662 ibid,
663 4613 688 4665 p.
703 4601 761 4659 715,
775 4613 802 4652 n.
815 4602 902 4666 tte-89,
916 4608 943 4652 et
959 4608 1023 4653 tom.
1037 4603 1066 4666 V,
1081 4616 1107 4666 p.
1120 4602 1170 4655 585
1182 4615 1242 4667 sqq.
