3136 5482
211 358 304 406 1111.
325 357 407 406 ranan
427 358 542 406 runis.
563 375 607 385 -
624 355 763 404 1111111
780 355 827 403 ,lu
844 355 921 404 cun.
941 353 1016 402 1111.
1168 337 1232 402 1811

196 526 313 594 Pignora
326 530 483 579 sanctorum
497 537 554 578 non
566 525 726 590 permittens
739 522 886 575 inhumari.
1263 527 1331 588 [1111.
1346 527 1395 588 nn]

196 625 251 678 Sed
263 627 333 678 liens
345 626 375 678 in
387 625 488 678 sanetis
501 624 586 677 voluit
599 623 765 690 complerier
776 621 837 675 istis

196 722 398 792 deglutiendis
410 724 484 792 quod
496 723 588 777 tantur
600 724 701 776 tamine
714 722 782 777 vatis
796 738 802 775 :

203 825 338 894 Corpora
350 813 512 881 amorum
518 837 654 893 posuere
659 826 824 891 permuta
837 826 963 878 tuorum

199 927 296 981 Escae
306 927 371 981 rint
382 927 490 981 avitam
502 938 562 995 pud
573 924 721 995 fueretur
732 927 826 993 atque
838 922 993 993 feramen.

200 1026 360 1079 1111111111
370 1026 512 1095 aprorum
524 1025 656 1093 ranpuia
667 1037 724 1080 eeu
735 1025 825 1078 rivus
837 1035 1005 1092 aquarum,

198 1125 260 1179 Nee
271 1126 342 1193 quir
357 1108 427 1180 erat
438 1115 605 1193 dipna'qui
617 1127 721 1179 terrae
731 1124 877 1179 conderet
887 1135 982 1176 urna.

203 1227 257 1278 tloe
269 1225 383 1279 verbum
396 1224 499 1280 sanetis
512 1227 612 1291 partim
624 1224 775 1291 completur
788 1225 816 1276 in
830 1223 899 1276 istis.
1023 1229 1024 1232 ’

200 1327 276 1390 Nam,
289 1325 362 1379 velut
373 1328 414 1379 est
426 1325 538 1392 dietum,
555 1324 628 1378 velut
640 1329 682 1378 est
694 1337 777 1390 supra
790 1323 944 1390 repetitum,

201 1424 257 1478 sul)
268 1423 332 1478 divo
343 1422 430 1491 linqui
443 1426 558 1492 sparsim
576 1427 640 1478 sunt
651 1423 775 1490 undique
785 1424 871 1490 jussi3

201 1525 259 1578 1111
272 1524 339 1592 iera,
352 1538 408 1579 non
421 1525 487 1590 ales,
501 1521 553 1579 hos
566 1537 698 1597 umquam
710 1522 858 1589 diripuere.

232 1626 270 1677 Ex
282 1623 380 1680 hored
394 1632 503 1679 sanetus
516 1629 610 1679 noster
623 1624 717 1678 redeat
730 1622 808 1676 stilus
819 1620 881 1675 illos

200 1726 251 1777 Per
262 1737 332 1792 quos
343 1723 378 1777 ad
391 1723 454 1779 tldei
467 1729 531 1778 sunt
544 1724 589 1778 isti
602 1725 722 1778 eulmina
736 1724 816 1778 teeti.

148 1823 188 1875 v.
224 1823 270 1875 ilis
281 1824 316 1876 ita
329 1824 495 1892 martyribus
507 1823 713 1888 consummatis,
726 1822 901 1876 truculentus

202 1923 315 1985 Praeses
326 1921 487 1988 Alexander,
500 1922 575 1976 velut
587 1923 672 1975 iratus
684 1921 727 1975 leo
740 1920 883 1986 trendens,

199 2022 325 2084 Quamvis
337 2023 459 2076 imbutus
471 2023 540 2075 iuret
552 2022 733 2088 undatimque
746 2024 877 2075 cruentus

201 2130 338 2197 Sanguine
350 2134 518 2197 sanctorum,
532 2134 624 2183 tamen
638 2129 721 2195 impia
734 2127 929 2196 suppliciorum

201 2230 376 2282 praesentata
387 2229 445 2283 dari
458 2228 511 2283 sibi
523 2229 656 2296 praeripit
669 2239 744 2282 erma
757 2240 902 2293 1111111111,

201 2329 274 2390 Quae
285 2326 392 2392 pridem
404 2327 508 2394 curleo,
522 2328 624 2381 sociata
635 2331 731 2392 matre,
744 2326 855 2389 tenello,

202 2426 313 2480 tituletis
326 2427 423 2480 christi
437 2431 498 2480 trux
507 2427 628 2493 jusserat
640 2426 697 2492 ipse
713 2426 813 2492 parari,

200 2524 311 2594 Singula
322 2531 420 2580 cuneta
433 2526 500 2592 dari,
515 2527 554 2579 sie
567 2525 632 2592 ipsis
646 2523 789 2591 apuleam

201 2624 257 2678 Bile
268 2624 319 2678 sub
331 2624 443 2691 obliqua
455 2625 577 2677 retinens
590 2621 711 2692 anguina
723 2635 829 2676 venena
846 2639 852 2673 ε

199 2724 310 2793 singule
321 2737 441 2791 namque
453 2724 548 2789 saeris,
564 2735 673 2777 neenon
687 2721 824 2788 specialia,
838 2720 968 2773 membris

200 2823 307 2878 Addere
319 2829 456 2879 tormenta
468 2825 545 2893 pejor
557 2828 684 2890 serpente
697 2822 812 2877 volebat.

201 2927 249 2976 Ast
260 2921 324 2977 fidei
336 2936 418 2978 verae
429 2923 559 2977 defensor
570 2926 672 2990 martyr
687 2925 813 2987 uterque,

199 3025 232 3077 ut
240 3023 357 3078 ‘laudare
369 3026 456 3077 ileum
468 3029 559 3078 tantos
576 3025 647 3077 inter
659 3021 797 3075 cruciatus

201 3123 317 3189 ipsaque
328 3121 418 3175 vinela
429 3121 550 3184 student,
563 3121 660 3174 vinulis
673 3118 806 3173 mutando
818 3118 948 3182 tribunal,

199 3218 292 3272 vinela
303 3218 433 3272 tribunali
447 3220 590 3272 mutabant
601 3224 734 3284 protenus
746 3217 807 3284 ipsi.

199 3317 339 3371 llorritieis
352 3319 447 3386 poenis
459 3318 511 3371 sihi
524 3318 734 3373 suceedentibus
753 3319 819 3383 ipsis

200 3417 375 3485 remumque
387 3421 544 3471 sanctorum
558 3417 749 3483 torquentibus
761 3416 835 3470 nisce
848 3417 977 3479 vicissim,

199 3517 314 3585 Pignora
328 3516 449 3585 martyrii
464 3521 620 3571 sanctorum
633 3528 747 3582 corpora
764 3516 862 3569 curisti

200 3614 348 3669 carnifices
361 3617 442 3670 uariis
455 3621 602 3683 macerant,
616 3617 703 3669 auctis
714 3627 825 3683 quoque
838 3616 943 3681 poenis.

199 3714 252 3769 Sed
264 3714 342 3770 flocci
352 3715 476 3783 pendunt
487 3719 686 3769 tormentorum
697 3728 784 3783 genus
796 3726 887 3780 omne,

200 3811 319 3866 caelitus
332 3814 432 3867 emisso
444 3813 544 3868 christi
556 3813 691 3868 solamine
703 3826 792 3880 saera,

200 3912 258 3977 Quo
269 3911 424 3966 solarentur
436 3913 484 3966 sed
496 3918 524 3966 et
535 3912 594 3966 istis
606 3913 777 3980 eriperentur

199 4010 220 4060 Α
231 4013 430 4066 tormentorum
444 4010 611 4066 eruciatibus
623 4013 842 4080 omnigenorum.

197 4111 272 4164 Sieut
284 4111 322 4164 ait
334 4111 439 4177 plectro
452 4125 501 4166 rex
514 4117 542 4164 et
554 4111 693 4179 psalmista
709 4124 821 4177 renero,

197 4207 433 4275 Dinindejuatia
445 4211 558 4264 aarum
570 4210 656 4264 eruli
661 4209 793 4278 pietatis

196 4309 241 4363 Ae
251 4307 364 4363 horum
369 4309 517 4377 premitus
528 4321 623 4364 aurea
638 4310 838 4378 enntjupiter
848 4311 924 4376 ejus.

195 4409 252 4461 ltex
263 4408 386 4462 clamem
396 4407 490 4462 itidem
498 4409 621 4475 jucunde
634 4407 747 4475 protulit
759 4408 832 4461 idern
846 4424 854 4460 2

192 4505 276 4560 Dum
286 4505 517 4573 clamantjmtt
526 4505 657 4575 fidentes
668 4505 793 4561 nomine
807 4504 931 4573 Onerati,

191 4604 281 4659 laem
291 4603 489 4658 clamantum
500 4603 578 4672 pina
588 4605 635 4657 eat
645 4603 775 4658 auditor
785 4615 904 4674 eorum,
1006 4610 1009 4617 ’
