<?xml version="1.0" encoding="UTF-8"?>
<!DOCTYPE html PUBLIC "-//W3C//DTD XHTML 1.0 Transitional//EN"
    "http://www.w3.org/TR/xhtml1/DTD/xhtml1-transitional.dtd">
<html xmlns="http://www.w3.org/1999/xhtml" xml:lang="en" lang="en">
 <head>
  <title>
</title>
<meta http-equiv="Content-Type" content="text/html;charset=utf-8" />
  <meta name='ocr-system' content='tesseract 3.04.00' />
  <meta name='ocr-capabilities' content='ocr_page ocr_carea ocr_par ocr_line ocrx_word'/>
</head>
<body>
  <div class='ocr_page' id='page_1' title='image "./cataloguscodicu01manugoog_0078.png"; bbox 0 0 3136 5482; ppageno 0'>
   <div class='ocr_carea' id='block_1_1' title="bbox 368 309 1185 363">
    <p class='ocr_par' dir='ltr' id='par_1_1' title="bbox 368 309 1185 363">
     <span class='ocr_line' id='line_1_1' title="bbox 368 309 1185 363; baseline -0.001 -2"><span class='ocrx_word' id='word_1_1' title='bbox 368 311 459 362; x_wconf 76' lang='lat' dir='ltr'><strong>BIBL.</strong></span> <span class='ocrx_word' id='word_1_2' title='bbox 477 310 561 363; x_wconf 77' lang='grc' dir='ltr'><strong>ΝΑΤ.</strong></span> <span class='ocrx_word' id='word_1_3' title='bbox 580 311 696 362; x_wconf 78' lang='lat' dir='ltr'><strong>Pams.</strong></span> <span class='ocrx_word' id='word_1_4' title='bbox 715 333 760 342; x_wconf 91' lang='lat'><strong>-·</strong></span> <span class='ocrx_word' id='word_1_5' title='bbox 776 311 928 362; x_wconf 78' lang='lat' dir='ltr'><strong>APPEND.</strong></span> <span class='ocrx_word' id='word_1_6' title='bbox 949 311 996 361; x_wconf 76' lang='lat' dir='ltr'><strong>Ab</strong></span> <span class='ocrx_word' id='word_1_7' title='bbox 1013 310 1090 362; x_wconf 83' lang='lat' dir='ltr'><strong>oob.</strong></span> <span class='ocrx_word' id='word_1_8' title='bbox 1111 309 1185 360; x_wconf 86' lang='grc'><strong>1681.</strong></span> 
     </span>
    </p>
   </div>
   <div class='ocr_carea' id='block_1_2' title="bbox 359 459 1062 549">
    <p class='ocr_par' dir='ltr' id='par_1_2' title="bbox 359 459 1062 549">
     <span class='ocr_line' id='line_1_2' title="bbox 359 459 1062 549; baseline -0.003 -13"><span class='ocrx_word' id='word_1_9' title='bbox 359 483 452 536; x_wconf 87' lang='lat' dir='ltr'><strong>cordis</strong></span> <span class='ocrx_word' id='word_1_10' title='bbox 464 483 493 536; x_wconf 89' lang='lat' dir='ltr'><strong>in</strong></span> <span class='ocrx_word' id='word_1_11' title='bbox 505 485 639 538; x_wconf 89' lang='lat' dir='ltr'><strong>absconso</strong></span> <span class='ocrx_word' id='word_1_12' title='bbox 651 497 707 538; x_wconf 93' lang='lat' dir='ltr'><strong>non</strong></span> <span class='ocrx_word' id='word_1_13' title='bbox 719 484 819 537; x_wconf 83' lang='lat' dir='ltr'>adsunt</span> <span class='ocrx_word' id='word_1_14' title='bbox 830 459 928 548; x_wconf 84' lang='lat' dir='ltr'><strong>gaudia</strong></span> <span class='ocrx_word' id='word_1_15' title='bbox 941 495 1041 549; x_wconf 89' lang='lat' dir='ltr'><strong>sponso</strong></span> <span class='ocrx_word' id='word_1_16' title='bbox 1056 497 1062 534; x_wconf 95' lang='lat'><strong>:</strong></span> 
     </span>
    </p>
   </div>
   <div class='ocr_carea' id='block_1_3' title="bbox 341 583 1197 4138">
    <p class='ocr_par' dir='ltr' id='par_1_3' title="bbox 361 583 939 650">
     <span class='ocr_line' id='line_1_3' title="bbox 361 583 939 650; baseline 0.002 -15"><span class='ocrx_word' id='word_1_17' title='bbox 361 583 470 637; x_wconf 84' lang='lat' dir='ltr'><strong>Laetitia</strong></span> <span class='ocrx_word' id='word_1_18' title='bbox 484 584 568 637; x_wconf 91' lang='lat' dir='ltr'><strong>multa</strong></span> <span class='ocrx_word' id='word_1_19' title='bbox 582 596 631 650; x_wconf 92' lang='lat' dir='ltr'><strong>pro</strong></span> <span class='ocrx_word' id='word_1_20' title='bbox 644 583 844 638; x_wconf 89' lang='lat' dir='ltr'><strong>consuetudine</strong></span> <span class='ocrx_word' id='word_1_21' title='bbox 857 583 939 636; x_wconf 89' lang='lat' dir='ltr'><strong>stulta</strong></span> 
     </span>
    </p>

    <p class='ocr_par' dir='ltr' id='par_1_4' title="bbox 357 659 1022 751">
     <span class='ocr_line' id='line_1_4' title="bbox 357 659 1022 751; baseline 0 -17"><span class='ocrx_word' id='word_1_22' title='bbox 357 683 489 737; x_wconf 88' lang='lat' dir='ltr'><strong>omnibus</strong></span> <span class='ocrx_word' id='word_1_23' title='bbox 501 683 637 751; x_wconf 81' lang='lat' dir='ltr'><strong>implexis,</strong></span> <span class='ocrx_word' id='word_1_24' title='bbox 650 683 725 737; x_wconf 90' lang='lat' dir='ltr'><strong>solus</strong></span> <span class='ocrx_word' id='word_1_25' title='bbox 735 659 794 736; x_wconf 49' lang='lat' dir='ltr'><strong>&#39;non</strong></span> <span class='ocrx_word' id='word_1_26' title='bbox 806 683 906 751; x_wconf 86' lang='lat' dir='ltr'><strong>gaudet</strong></span> <span class='ocrx_word' id='word_1_27' title='bbox 919 682 1022 735; x_wconf 76' lang='lat' dir='ltr'><strong>illesis.</strong></span> 
     </span>
    </p>

    <p class='ocr_par' dir='ltr' id='par_1_5' title="bbox 355 781 1026 850">
     <span class='ocr_line' id='line_1_5' title="bbox 355 781 1026 850; baseline 0 -18"><span class='ocrx_word' id='word_1_28' title='bbox 355 784 472 850; x_wconf 83' lang='lat' dir='ltr'><strong>vespere</strong></span> <span class='ocrx_word' id='word_1_29' title='bbox 484 783 623 850; x_wconf 82' lang='lat' dir='ltr'><strong>praesenti</strong></span> <span class='ocrx_word' id='word_1_30' title='bbox 631 784 689 850; x_wconf 86' lang='lat' dir='ltr'><strong>jam</strong></span> <span class='ocrx_word' id='word_1_31' title='bbox 702 789 782 837; x_wconf 87' lang='lat' dir='ltr'><strong>nocte</strong></span> <span class='ocrx_word' id='word_1_32' title='bbox 795 784 847 836; x_wconf 85' lang='lat' dir='ltr'><strong>sub</strong></span> <span class='ocrx_word' id='word_1_33' title='bbox 859 781 1026 846; x_wconf 79' lang='lat' dir='ltr'><strong>advenienti,</strong></span> 
     </span>
    </p>

    <p class='ocr_par' dir='ltr' id='par_1_6' title="bbox 354 881 1050 950">
     <span class='ocr_line' id='line_1_6' title="bbox 354 881 1050 950; baseline -0.006 -16"><span class='ocrx_word' id='word_1_34' title='bbox 354 882 508 950; x_wconf 77' lang='lat' dir='ltr'>Alloquitur</span> <span class='ocrx_word' id='word_1_35' title='bbox 520 888 614 936; x_wconf 86' lang='lat' dir='ltr'><strong>natum</strong></span> <span class='ocrx_word' id='word_1_36' title='bbox 627 887 705 949; x_wconf 90' lang='lat' dir='ltr'><strong>pater</strong></span> <span class='ocrx_word' id='word_1_37' title='bbox 717 883 768 936; x_wconf 87' lang='lat' dir='ltr'><strong>boo</strong></span> <span class='ocrx_word' id='word_1_38' title='bbox 780 894 908 935; x_wconf 83' lang='lat' dir='ltr'><strong>sermone</strong></span> <span class='ocrx_word' id='word_1_39' title='bbox 921 881 1030 934; x_wconf 89' lang='lat' dir='ltr'><strong>beatum</strong></span> <span class='ocrx_word' id='word_1_40' title='bbox 1044 900 1050 930; x_wconf 74' lang='grc' dir='ltr'><em>ι</em></span> 
     </span>
    </p>

    <p class='ocr_par' dir='ltr' id='par_1_7' title="bbox 361 978 1150 1050">
     <span class='ocr_line' id='line_1_7' title="bbox 361 978 1150 1050; baseline -0.004 -16"><span class='ocrx_word' id='word_1_41' title='bbox 361 981 489 1049; x_wconf 80' lang='lat' dir='ltr'><strong>Tempus</strong></span> <span class='ocrx_word' id='word_1_42' title='bbox 501 982 599 1047; x_wconf 81' lang='lat' dir='ltr'><strong>adest,</strong></span> <span class='ocrx_word' id='word_1_43' title='bbox 612 980 749 1050; x_wconf 52' lang='lat' dir='ltr'><strong>majam</strong></span> <span class='ocrx_word' id='word_1_44' title='bbox 755 993 875 1049; x_wconf 80' lang='lat' dir='ltr'><strong>ponere</strong></span> <span class='ocrx_word' id='word_1_45' title='bbox 885 979 1023 1033; x_wconf 85' lang='lat' dir='ltr'><strong>membra</strong></span> <span class='ocrx_word' id='word_1_46' title='bbox 1035 978 1150 1046; x_wconf 80' lang='lat' dir='ltr'><strong>cubili,-</strong></span> 
     </span>
    </p>

    <p class='ocr_par' dir='ltr' id='par_1_8' title="bbox 360 1078 1172 1149">
     <span class='ocr_line' id='line_1_8' title="bbox 360 1078 1172 1149; baseline -0.002 -15"><span class='ocrx_word' id='word_1_47' title='bbox 360 1081 379 1134; x_wconf 83' lang='grc'><strong>1</strong></span> <span class='ocrx_word' id='word_1_48' title='bbox 382 1093 489 1148; x_wconf 80' lang='lat' dir='ltr'><strong>empus</strong></span> <span class='ocrx_word' id='word_1_49' title='bbox 500 1080 592 1134; x_wconf 83' lang='lat' dir='ltr'><strong>adire</strong></span> <span class='ocrx_word' id='word_1_50' title='bbox 603 1079 727 1135; x_wconf 75' lang='lat' dir='ltr'><strong>thorum</strong></span> <span class='ocrx_word' id='word_1_51' title='bbox 734 1093 796 1149; x_wconf 82' lang='lat' dir='ltr'><strong>pro</strong></span> <span class='ocrx_word' id='word_1_52' title='bbox 808 1093 937 1134; x_wconf 81' lang='lat' dir='ltr'><strong>munere</strong></span> <span class='ocrx_word' id='word_1_53' title='bbox 949 1078 1172 1145; x_wconf 60' lang='lat' dir='ltr'><strong>coronatorum.</strong></span> 
     </span>
    </p>

    <p class='ocr_par' dir='ltr' id='par_1_9' title="bbox 354 1179 1145 1249">
     <span class='ocr_line' id='line_1_9' title="bbox 354 1179 1145 1249; baseline 0 -17"><span class='ocrx_word' id='word_1_54' title='bbox 354 1179 537 1246; x_wconf 65' lang='lat' dir='ltr'><strong>Ingrediens</strong></span> <span class='ocrx_word' id='word_1_55' title='bbox 548 1181 672 1247; x_wconf 75' lang='lat' dir='ltr'><strong>celicam,</strong></span> <span class='ocrx_word' id='word_1_56' title='bbox 685 1193 832 1249; x_wconf 73' lang='lat' dir='ltr'><strong>operosam</strong></span> <span class='ocrx_word' id='word_1_57' title='bbox 845 1179 900 1233; x_wconf 82' lang='lat' dir='ltr'><strong>tibi</strong></span> <span class='ocrx_word' id='word_1_58' title='bbox 911 1179 975 1234; x_wconf 79' lang='lat' dir='ltr'><strong>oisc</strong></span> <span class='ocrx_word' id='word_1_59' title='bbox 981 1180 1145 1246; x_wconf 79' lang='lat' dir='ltr'><strong>puellam,-</strong></span> 
     </span>
    </p>

    <p class='ocr_par' dir='ltr' id='par_1_10' title="bbox 354 1279 970 1348">
     <span class='ocr_line' id='line_1_10' title="bbox 354 1279 970 1348; baseline -0.003 -16"><span class='ocrx_word' id='word_1_60' title='bbox 354 1280 432 1332; x_wconf 81' lang='lat' dir='ltr'><strong>Jure</strong></span> <span class='ocrx_word' id='word_1_61' title='bbox 442 1279 589 1333; x_wconf 80' lang='lat' dir='ltr'><strong>maritali</strong></span> <span class='ocrx_word' id='word_1_62' title='bbox 602 1281 739 1347; x_wconf 79' lang='lat' dir='ltr'><strong>tectoque</strong></span> <span class='ocrx_word' id='word_1_63' title='bbox 744 1279 970 1348; x_wconf 75' lang='lat' dir='ltr'><strong>poterejcpatt.</strong></span> 
     </span>
    </p>

    <p class='ocr_par' dir='ltr' id='par_1_11' title="bbox 357 1376 941 1446">
     <span class='ocr_line' id='line_1_11' title="bbox 357 1376 941 1446; baseline 0.003 -16"><span class='ocrx_word' id='word_1_64' title='bbox 357 1376 461 1433; x_wconf 91' lang='lat' dir='ltr'><strong>indolis</strong></span> <span class='ocrx_word' id='word_1_65' title='bbox 473 1379 628 1445; x_wconf 88' lang='lat' dir='ltr'><strong>illebonae,</strong></span> <span class='ocrx_word' id='word_1_66' title='bbox 639 1380 797 1446; x_wconf 78' lang='lat' dir='ltr'><strong>jussiacum</strong></span> <span class='ocrx_word' id='word_1_67' title='bbox 810 1379 941 1446; x_wconf 78' lang='lat' dir='ltr'><strong>religione</strong></span> 
     </span>
    </p>

    <p class='ocr_par' dir='ltr' id='par_1_12' title="bbox 354 1478 1059 1545">
     <span class='ocr_line' id='line_1_12' title="bbox 354 1478 1059 1545; baseline -0.001 -14"><span class='ocrx_word' id='word_1_68' title='bbox 354 1480 443 1531; x_wconf 80' lang='lat' dir='ltr'><strong>Patris</strong></span> <span class='ocrx_word' id='word_1_69' title='bbox 455 1479 585 1543; x_wconf 78' lang='lat' dir='ltr'><strong>obedivit,</strong></span> <span class='ocrx_word' id='word_1_70' title='bbox 598 1478 747 1532; x_wconf 77' lang='lat' dir='ltr'>thalamum</span> <span class='ocrx_word' id='word_1_71' title='bbox 759 1491 944 1545; x_wconf 83' lang='lat' dir='ltr'><strong>sponsamque</strong></span> <span class='ocrx_word' id='word_1_72' title='bbox 956 1478 1059 1544; x_wconf 83' lang='lat' dir='ltr'><strong>petivit.</strong></span> 
     </span>
    </p>

    <p class='ocr_par' dir='ltr' id='par_1_13' title="bbox 352 1578 1035 1647">
     <span class='ocr_line' id='line_1_13' title="bbox 352 1578 1035 1647; baseline 0 -15"><span class='ocrx_word' id='word_1_73' title='bbox 352 1578 463 1633; x_wconf 77' lang='lat' dir='ltr'><strong>assidet</strong></span> <span class='ocrx_word' id='word_1_74' title='bbox 474 1580 503 1633; x_wconf 92' lang='lat' dir='ltr'><strong>in</strong></span> <span class='ocrx_word' id='word_1_75' title='bbox 521 1579 636 1646; x_wconf 85' lang='lat' dir='ltr'><strong>sponda,</strong></span> <span class='ocrx_word' id='word_1_76' title='bbox 650 1581 771 1647; x_wconf 88' lang='lat' dir='ltr'><strong>loquitur</strong></span> <span class='ocrx_word' id='word_1_77' title='bbox 784 1579 889 1634; x_wconf 88' lang='lat' dir='ltr'><strong>ratione</strong></span> <span class='ocrx_word' id='word_1_78' title='bbox 901 1579 1035 1646; x_wconf 82' lang='lat' dir='ltr'><strong>protunda</strong></span> 
     </span>
    </p>

    <p class='ocr_par' dir='ltr' id='par_1_14' title="bbox 354 1681 1011 1750">
     <span class='ocr_line' id='line_1_14' title="bbox 354 1681 1011 1750; baseline 0 -18"><span class='ocrx_word' id='word_1_79' title='bbox 354 1682 428 1745; x_wconf 83' lang='lat' dir='ltr'><strong>Quae</strong></span> <span class='ocrx_word' id='word_1_80' title='bbox 441 1682 476 1734; x_wconf 86' lang='lat' dir='ltr'><strong>sit</strong></span> <span class='ocrx_word' id='word_1_81' title='bbox 488 1681 647 1746; x_wconf 77' lang='lat' dir='ltr'><strong>honestatis,</strong></span> <span class='ocrx_word' id='word_1_82' title='bbox 659 1694 730 1748; x_wconf 80' lang='lat' dir='ltr'><strong>quae</strong></span> <span class='ocrx_word' id='word_1_83' title='bbox 742 1681 828 1750; x_wconf 88' lang='lat' dir='ltr'><strong>gloria</strong></span> <span class='ocrx_word' id='word_1_84' title='bbox 842 1681 1011 1748; x_wconf 85' lang='lat' dir='ltr'><strong>virginitatis,</strong></span> 
     </span>
    </p>

    <p class='ocr_par' dir='ltr' id='par_1_15' title="bbox 352 1779 1059 1847">
     <span class='ocr_line' id='line_1_15' title="bbox 352 1779 1059 1847; baseline 0.003 -16"><span class='ocrx_word' id='word_1_85' title='bbox 352 1780 386 1831; x_wconf 85' lang='lat' dir='ltr'><strong>Et</strong></span> <span class='ocrx_word' id='word_1_86' title='bbox 398 1792 481 1846; x_wconf 84' lang='lat' dir='ltr'><strong>quam</strong></span> <span class='ocrx_word' id='word_1_87' title='bbox 493 1779 647 1834; x_wconf 81' lang='lat' dir='ltr'><strong>mercedem</strong></span> <span class='ocrx_word' id='word_1_88' title='bbox 659 1793 704 1833; x_wconf 92' lang='lat' dir='ltr'><strong>res</strong></span> <span class='ocrx_word' id='word_1_89' title='bbox 715 1781 918 1847; x_wconf 80' lang='lat' dir='ltr'><strong>praestolentur</strong></span> <span class='ocrx_word' id='word_1_90' title='bbox 928 1781 1041 1833; x_wconf 90' lang='lat' dir='ltr'><strong>eaedem</strong></span> <span class='ocrx_word' id='word_1_91' title='bbox 1051 1795 1059 1846; x_wconf 83' lang='lat'>3</span> 
     </span>
    </p>

    <p class='ocr_par' dir='ltr' id='par_1_16' title="bbox 352 1879 1149 1947">
     <span class='ocr_line' id='line_1_16' title="bbox 352 1879 1149 1947; baseline 0.001 -15"><span class='ocrx_word' id='word_1_92' title='bbox 352 1879 439 1942; x_wconf 88' lang='lat' dir='ltr'><strong>Quam</strong></span> <span class='ocrx_word' id='word_1_93' title='bbox 451 1881 487 1932; x_wconf 88' lang='lat' dir='ltr'><strong>sit</strong></span> <span class='ocrx_word' id='word_1_94' title='bbox 498 1880 670 1946; x_wconf 87' lang='lat' dir='ltr'><strong>probrosum,</strong></span> <span class='ocrx_word' id='word_1_95' title='bbox 683 1892 767 1946; x_wconf 87' lang='lat' dir='ltr'><strong>quam</strong></span> <span class='ocrx_word' id='word_1_96' title='bbox 779 1879 898 1946; x_wconf 80' lang='lat' dir='ltr'><strong>faenum,</strong></span> <span class='ocrx_word' id='word_1_97' title='bbox 913 1893 996 1947; x_wconf 80' lang='lat' dir='ltr'><strong>quam</strong></span> <span class='ocrx_word' id='word_1_98' title='bbox 1009 1880 1149 1944; x_wconf 77' lang='lat' dir='ltr'><strong>vitiosum,</strong></span> 
     </span>
    </p>

    <p class='ocr_par' dir='ltr' id='par_1_17' title="bbox 351 1979 1074 2048">
     <span class='ocr_line' id='line_1_17' title="bbox 351 1979 1074 2048; baseline 0.001 -19"><span class='ocrx_word' id='word_1_99' title='bbox 351 1980 509 2048; x_wconf 83' lang='lat' dir='ltr'><strong>virgineum</strong></span> <span class='ocrx_word' id='word_1_100' title='bbox 521 1979 616 2032; x_wconf 86' lang='lat' dir='ltr'><strong>dorem</strong></span> <span class='ocrx_word' id='word_1_101' title='bbox 629 1980 731 2033; x_wconf 82' lang='lat' dir='ltr'><strong>violare</strong></span> <span class='ocrx_word' id='word_1_102' title='bbox 744 1992 908 2046; x_wconf 84' lang='lat' dir='ltr'><strong>sacrumque</strong></span> <span class='ocrx_word' id='word_1_103' title='bbox 921 1981 1052 2046; x_wconf 88' lang='lat' dir='ltr'><strong>pudorem</strong></span> <span class='ocrx_word' id='word_1_104' title='bbox 1066 1996 1074 2044; x_wconf 76' lang='lat'>3</span> 
     </span>
    </p>

    <p class='ocr_par' dir='ltr' id='par_1_18' title="bbox 351 2079 983 2143">
     <span class='ocr_line' id='line_1_18' title="bbox 351 2079 983 2143; baseline -0.002 -11"><span class='ocrx_word' id='word_1_105' title='bbox 351 2080 427 2143; x_wconf 84' lang='lat' dir='ltr'><strong>Quae</strong></span> <span class='ocrx_word' id='word_1_106' title='bbox 439 2079 600 2133; x_wconf 80' lang='lat' dir='ltr'><strong>violatorum</strong></span> <span class='ocrx_word' id='word_1_107' title='bbox 613 2080 751 2134; x_wconf 88' lang='lat' dir='ltr'><strong>damnatio</strong></span> <span class='ocrx_word' id='word_1_108' title='bbox 764 2080 800 2131; x_wconf 91' lang='lat' dir='ltr'><strong>sit</strong></span> <span class='ocrx_word' id='word_1_109' title='bbox 811 2079 983 2133; x_wconf 85' lang='lat' dir='ltr'><strong>miserorum.</strong></span> 
     </span>
    </p>

    <p class='ocr_par' dir='ltr' id='par_1_19' title="bbox 353 2177 915 2244">
     <span class='ocr_line' id='line_1_19' title="bbox 353 2177 915 2244; baseline 0.004 -16"><span class='ocrx_word' id='word_1_110' title='bbox 353 2178 435 2242; x_wconf 85' lang='lat' dir='ltr'><strong>bixit,</strong></span> <span class='ocrx_word' id='word_1_111' title='bbox 447 2181 474 2230; x_wconf 89' lang='lat' dir='ltr'><strong>et</strong></span> <span class='ocrx_word' id='word_1_112' title='bbox 484 2182 578 2231; x_wconf 89' lang='lat' dir='ltr'><strong>aurato</strong></span> <span class='ocrx_word' id='word_1_113' title='bbox 590 2177 675 2244; x_wconf 80' lang='lat' dir='ltr'><strong>digito</strong></span> <span class='ocrx_word' id='word_1_114' title='bbox 688 2191 752 2231; x_wconf 84' lang='lat' dir='ltr'><strong>mox</strong></span> <span class='ocrx_word' id='word_1_115' title='bbox 765 2177 915 2244; x_wconf 86' lang='lat' dir='ltr'><strong>exspoliato</strong></span> 
     </span>
    </p>

    <p class='ocr_par' dir='ltr' id='par_1_20' title="bbox 350 2275 1056 2345">
     <span class='ocr_line' id='line_1_20' title="bbox 350 2275 1056 2345; baseline 0 -16"><span class='ocrx_word' id='word_1_116' title='bbox 350 2278 455 2330; x_wconf 77' lang='lat' dir='ltr'><strong>Aurum</strong></span> <span class='ocrx_word' id='word_1_117' title='bbox 468 2290 529 2329; x_wconf 88' lang='lat' dir='ltr'><strong>curn</strong></span> <span class='ocrx_word' id='word_1_118' title='bbox 543 2275 628 2332; x_wconf 90' lang='lat' dir='ltr'><strong>reuda</strong></span> <span class='ocrx_word' id='word_1_119' title='bbox 641 2290 690 2344; x_wconf 91' lang='lat' dir='ltr'><strong>pro</strong></span> <span class='ocrx_word' id='word_1_120' title='bbox 702 2277 816 2345; x_wconf 82' lang='lat' dir='ltr'><strong>pignore</strong></span> <span class='ocrx_word' id='word_1_121' title='bbox 828 2276 910 2329; x_wconf 88' lang='lat' dir='ltr'><strong>tradit</strong></span> <span class='ocrx_word' id='word_1_122' title='bbox 922 2277 1056 2330; x_wconf 84' lang='lat' dir='ltr'><strong>habenda.</strong></span> 
     </span>
    </p>

    <p class='ocr_par' dir='ltr' id='par_1_21' title="bbox 352 2375 1041 2444">
     <span class='ocr_line' id='line_1_21' title="bbox 352 2375 1041 2444; baseline -0.003 -15"><span class='ocrx_word' id='word_1_123' title='bbox 352 2378 427 2441; x_wconf 85' lang='lat' dir='ltr'><strong>Quae</strong></span> <span class='ocrx_word' id='word_1_124' title='bbox 439 2389 501 2429; x_wconf 91' lang='lat' dir='ltr'><strong>cum</strong></span> <span class='ocrx_word' id='word_1_125' title='bbox 513 2376 663 2444; x_wconf 75' lang='lat' dir='ltr'><strong>porrigeret</strong></span> <span class='ocrx_word' id='word_1_126' title='bbox 673 2376 810 2442; x_wconf 79' lang='lat' dir='ltr'><strong>byssoque</strong></span> <span class='ocrx_word' id='word_1_127' title='bbox 822 2375 902 2443; x_wconf 88' lang='lat' dir='ltr'><strong>ligata</strong></span> <span class='ocrx_word' id='word_1_128' title='bbox 915 2380 1020 2429; x_wconf 91' lang='lat' dir='ltr'><strong>teneret</strong></span> <span class='ocrx_word' id='word_1_129' title='bbox 1034 2392 1041 2428; x_wconf 75' lang='grc' dir='ltr'><strong><em>ε</em></strong></span> 
     </span>
    </p>

    <p class='ocr_par' dir='ltr' id='par_1_22' title="bbox 352 2472 1061 2542">
     <span class='ocr_line' id='line_1_22' title="bbox 352 2472 1061 2542; baseline -0.001 -14"><span class='ocrx_word' id='word_1_130' title='bbox 352 2475 437 2528; x_wconf 84' lang='lat' dir='ltr'><strong>Haec</strong></span> <span class='ocrx_word' id='word_1_131' title='bbox 449 2475 484 2528; x_wconf 80' lang='lat' dir='ltr'><strong>in</strong></span> <span class='ocrx_word' id='word_1_132' title='bbox 494 2478 610 2530; x_wconf 82' lang='lat' dir='ltr'><strong>secreto</strong></span> <span class='ocrx_word' id='word_1_133' title='bbox 621 2488 819 2541; x_wconf 76' lang='lat' dir='ltr'><strong>omeseroacas,</strong></span> <span class='ocrx_word' id='word_1_134' title='bbox 832 2475 931 2542; x_wconf 85' lang='lat' dir='ltr'><strong>inquit,</strong></span> <span class='ocrx_word' id='word_1_135' title='bbox 944 2472 1061 2542; x_wconf 79' lang='lat' dir='ltr'><strong>habeto,</strong></span> 
     </span>
    </p>

    <p class='ocr_par' dir='ltr' id='par_1_23' title="bbox 350 2572 1197 2642">
     <span class='ocr_line' id='line_1_23' title="bbox 350 2572 1197 2642; baseline 0 -15"><span class='ocrx_word' id='word_1_136' title='bbox 350 2575 432 2627; x_wconf 83' lang='lat' dir='ltr'><strong>Dum</strong></span> <span class='ocrx_word' id='word_1_137' title='bbox 444 2573 524 2627; x_wconf 82' lang='lat' dir='ltr'><strong>mibi</strong></span> <span class='ocrx_word' id='word_1_138' title='bbox 529 2574 710 2642; x_wconf 78' lang='lat' dir='ltr'><strong>propositae</strong></span> <span class='ocrx_word' id='word_1_139' title='bbox 722 2575 943 2627; x_wconf 75' lang='lat' dir='ltr'><strong>transcurrero</strong></span> <span class='ocrx_word' id='word_1_140' title='bbox 955 2575 1094 2640; x_wconf 80' lang='lat' dir='ltr'><strong>tempora</strong></span> <span class='ocrx_word' id='word_1_141' title='bbox 1106 2572 1197 2639; x_wconf 84' lang='lat' dir='ltr'><strong>citae,</strong></span> 
     </span>
    </p>

    <p class='ocr_par' dir='ltr' id='par_1_24' title="bbox 353 2671 1184 2841">
     <span class='ocr_line' id='line_1_24' title="bbox 353 2671 1184 2740; baseline -0.004 -13"><span class='ocrx_word' id='word_1_142' title='bbox 353 2674 428 2727; x_wconf 80' lang='lat' dir='ltr'><strong>Cum</strong></span> <span class='ocrx_word' id='word_1_143' title='bbox 439 2672 671 2740; x_wconf 78' lang='lat' dir='ltr'><strong>Deus-implebit</strong></span> <span class='ocrx_word' id='word_1_144' title='bbox 682 2672 806 2726; x_wconf 68' lang='lat' dir='ltr'><strong>donum</strong></span> <span class='ocrx_word' id='word_1_145' title='bbox 819 2673 1030 2739; x_wconf 78' lang='lat' dir='ltr'><strong>quodcumque</strong></span> <span class='ocrx_word' id='word_1_146' title='bbox 1036 2671 1184 2738; x_wconf 78' lang='lat' dir='ltr'><strong>placebit.</strong></span> 
     </span>
     <span class='ocr_line' id='line_1_25' title="bbox 390 2773 1032 2841; baseline -0.003 -14"><span class='ocrx_word' id='word_1_147' title='bbox 390 2775 421 2827; x_wconf 79' lang='lat'><strong>³.</strong></span> <span class='ocrx_word' id='word_1_148' title='bbox 435 2774 484 2827; x_wconf 90' lang='lat' dir='ltr'><strong>llla</strong></span> <span class='ocrx_word' id='word_1_149' title='bbox 495 2775 558 2841; x_wconf 89' lang='lat' dir='ltr'><strong>llet;</strong></span> <span class='ocrx_word' id='word_1_150' title='bbox 571 2787 587 2826; x_wconf 92' lang='lat' dir='ltr'><strong>a</strong></span> <span class='ocrx_word' id='word_1_151' title='bbox 600 2773 682 2827; x_wconf 86' lang='lat' dir='ltr'><strong>dente</strong></span> <span class='ocrx_word' id='word_1_152' title='bbox 694 2786 724 2825; x_wconf 89' lang='lat' dir='ltr'><strong>se</strong></span> <span class='ocrx_word' id='word_1_153' title='bbox 736 2774 850 2840; x_wconf 84' lang='lat' dir='ltr'><strong>proripit</strong></span> <span class='ocrx_word' id='word_1_154' title='bbox 862 2773 908 2825; x_wconf 89' lang='lat' dir='ltr'><strong>ille</strong></span> <span class='ocrx_word' id='word_1_155' title='bbox 920 2778 1032 2839; x_wconf 90' lang='lat' dir='ltr'><strong>repente</strong></span> 
     </span>
    </p>

    <p class='ocr_par' dir='ltr' id='par_1_25' title="bbox 354 2873 1027 2941">
     <span class='ocr_line' id='line_1_26' title="bbox 354 2873 1027 2941; baseline -0.004 -13"><span class='ocrx_word' id='word_1_156' title='bbox 354 2875 387 2928; x_wconf 84' lang='lat' dir='ltr'><strong>iit</strong></span> <span class='ocrx_word' id='word_1_157' title='bbox 398 2879 508 2941; x_wconf 89' lang='lat' dir='ltr'><strong>sumptu</strong></span> <span class='ocrx_word' id='word_1_158' title='bbox 520 2880 638 2939; x_wconf 83' lang='lat' dir='ltr'><strong>sumpto,</strong></span> <span class='ocrx_word' id='word_1_159' title='bbox 651 2874 724 2927; x_wconf 88' lang='lat' dir='ltr'><strong>socio</strong></span> <span class='ocrx_word' id='word_1_160' title='bbox 737 2873 789 2925; x_wconf 92' lang='lat' dir='ltr'><strong>sibi</strong></span> <span class='ocrx_word' id='word_1_161' title='bbox 803 2873 912 2925; x_wconf 91' lang='lat' dir='ltr'><strong>nemine</strong></span> <span class='ocrx_word' id='word_1_162' title='bbox 922 2873 1027 2938; x_wconf 83' lang='lat' dir='ltr'><strong>juncto,</strong></span> 
     </span>
    </p>

    <p class='ocr_par' dir='ltr' id='par_1_26' title="bbox 353 2973 1072 3041">
     <span class='ocr_line' id='line_1_27' title="bbox 353 2973 1072 3041; baseline 0 -14"><span class='ocrx_word' id='word_1_163' title='bbox 353 2977 436 3029; x_wconf 83' lang='lat' dir='ltr'><strong>Nocte</strong></span> <span class='ocrx_word' id='word_1_164' title='bbox 447 2975 512 3040; x_wconf 93' lang='lat' dir='ltr'><strong>petit</strong></span> <span class='ocrx_word' id='word_1_165' title='bbox 524 2981 632 3040; x_wconf 89' lang='lat' dir='ltr'><strong>portum</strong></span> <span class='ocrx_word' id='word_1_166' title='bbox 644 2973 764 3041; x_wconf 86' lang='lat' dir='ltr'><strong>solisque</strong></span> <span class='ocrx_word' id='word_1_167' title='bbox 776 2979 956 3040; x_wconf 84' lang='lat' dir='ltr'><strong>praeoccupat</strong></span> <span class='ocrx_word' id='word_1_168' title='bbox 972 2978 1072 3027; x_wconf 87' lang='lat' dir='ltr'><strong>ortum.</strong></span> 
     </span>
    </p>

    <p class='ocr_par' dir='ltr' id='par_1_27' title="bbox 353 3073 1019 3142">
     <span class='ocr_line' id='line_1_28' title="bbox 353 3073 1019 3142; baseline -0.002 -16"><span class='ocrx_word' id='word_1_169' title='bbox 353 3076 402 3127; x_wconf 89' lang='lat' dir='ltr'><strong>iiic</strong></span> <span class='ocrx_word' id='word_1_170' title='bbox 414 3079 488 3127; x_wconf 91' lang='lat' dir='ltr'><strong>natat</strong></span> <span class='ocrx_word' id='word_1_171' title='bbox 501 3087 555 3127; x_wconf 92' lang='lat' dir='ltr'><strong>una</strong></span> <span class='ocrx_word' id='word_1_172' title='bbox 568 3075 644 3142; x_wconf 87' lang='lat' dir='ltr'><strong>ratis,</strong></span> <span class='ocrx_word' id='word_1_173' title='bbox 658 3073 747 3127; x_wconf 87' lang='lat' dir='ltr'><strong>nautis</strong></span> <span class='ocrx_word' id='word_1_174' title='bbox 760 3073 893 3125; x_wconf 89' lang='lat' dir='ltr'><strong>instructa</strong></span> <span class='ocrx_word' id='word_1_175' title='bbox 909 3074 1019 3140; x_wconf 87' lang='lat' dir='ltr'><strong>paratis,</strong></span> 
     </span>
    </p>

    <p class='ocr_par' dir='ltr' id='par_1_28' title="bbox 354 3171 1056 3239">
     <span class='ocr_line' id='line_1_29' title="bbox 354 3171 1056 3239; baseline -0.004 -12"><span class='ocrx_word' id='word_1_176' title='bbox 354 3176 438 3238; x_wconf 88' lang='lat' dir='ltr'><strong>Quam</strong></span> <span class='ocrx_word' id='word_1_177' title='bbox 454 3178 531 3228; x_wconf 88' lang='lat' dir='ltr'><strong>vocat</strong></span> <span class='ocrx_word' id='word_1_178' title='bbox 542 3177 651 3239; x_wconf 85' lang='lat' dir='ltr'><strong>optatus</strong></span> <span class='ocrx_word' id='word_1_179' title='bbox 663 3174 770 3239; x_wconf 89' lang='lat' dir='ltr'><strong>spirans</strong></span> <span class='ocrx_word' id='word_1_180' title='bbox 781 3173 841 3225; x_wconf 92' lang='lat' dir='ltr'><strong>sine</strong></span> <span class='ocrx_word' id='word_1_181' title='bbox 853 3173 963 3225; x_wconf 91' lang='lat' dir='ltr'><strong>turbine</strong></span> <span class='ocrx_word' id='word_1_182' title='bbox 976 3171 1056 3224; x_wconf 87' lang='lat' dir='ltr'><strong>datus</strong></span> 
     </span>
    </p>

    <p class='ocr_par' dir='ltr' id='par_1_29' title="bbox 354 3272 1101 3340">
     <span class='ocr_line' id='line_1_30' title="bbox 354 3272 1101 3340; baseline -0.004 -13"><span class='ocrx_word' id='word_1_183' title='bbox 354 3276 472 3327; x_wconf 82' lang='lat' dir='ltr'><strong>litmaro</strong></span> <span class='ocrx_word' id='word_1_184' title='bbox 485 3273 662 3340; x_wconf 83' lang='lat' dir='ltr'><strong>tranquillum</strong></span> <span class='ocrx_word' id='word_1_185' title='bbox 677 3286 684 3322; x_wconf 77' lang='lat' dir='ltr'><strong>r</strong></span> <span class='ocrx_word' id='word_1_186' title='bbox 698 3277 775 3338; x_wconf 90' lang='lat' dir='ltr'><strong>parat</strong></span> <span class='ocrx_word' id='word_1_187' title='bbox 788 3272 839 3324; x_wconf 86' lang='lat' dir='ltr'><strong>boo</strong></span> <span class='ocrx_word' id='word_1_188' title='bbox 851 3273 897 3338; x_wconf 85' lang='lat' dir='ltr'><strong>qui</strong></span> <span class='ocrx_word' id='word_1_189' title='bbox 911 3272 1002 3339; x_wconf 91' lang='lat' dir='ltr'><strong>dirigit</strong></span> <span class='ocrx_word' id='word_1_190' title='bbox 1015 3272 1101 3324; x_wconf 89' lang='lat' dir='ltr'><strong>illum.</strong></span> 
     </span>
    </p>

    <p class='ocr_par' dir='ltr' id='par_1_30' title="bbox 352 3370 1040 3437">
     <span class='ocr_line' id='line_1_31' title="bbox 352 3370 1040 3437; baseline -0.004 -11"><span class='ocrx_word' id='word_1_191' title='bbox 352 3374 404 3437; x_wconf 90' lang='lat' dir='ltr'><strong>Qui</strong></span> <span class='ocrx_word' id='word_1_192' title='bbox 415 3373 496 3426; x_wconf 88' lang='lat' dir='ltr'><strong>simul</strong></span> <span class='ocrx_word' id='word_1_193' title='bbox 507 3373 638 3435; x_wconf 88' lang='lat' dir='ltr'><strong>ascendit,</strong></span> <span class='ocrx_word' id='word_1_194' title='bbox 652 3385 714 3425; x_wconf 84' lang='lat' dir='ltr'><strong>mox</strong></span> <span class='ocrx_word' id='word_1_195' title='bbox 728 3376 816 3425; x_wconf 91' lang='lat' dir='ltr'><strong>rector</strong></span> <span class='ocrx_word' id='word_1_196' title='bbox 828 3372 940 3423; x_wconf 88' lang='lat' dir='ltr'><strong>carbasa</strong></span> <span class='ocrx_word' id='word_1_197' title='bbox 954 3370 1040 3424; x_wconf 90' lang='lat' dir='ltr'><strong>tendit</strong></span> 
     </span>
    </p>

    <p class='ocr_par' dir='ltr' id='par_1_31' title="bbox 352 3469 989 3536">
     <span class='ocr_line' id='line_1_32' title="bbox 352 3469 989 3536; baseline -0.005 -11"><span class='ocrx_word' id='word_1_198' title='bbox 352 3474 384 3525; x_wconf 81' lang='lat' dir='ltr'><strong>iit</strong></span> <span class='ocrx_word' id='word_1_199' title='bbox 396 3478 469 3526; x_wconf 89' lang='lat' dir='ltr'><strong>recto</strong></span> <span class='ocrx_word' id='word_1_200' title='bbox 480 3472 561 3526; x_wconf 87' lang='lat' dir='ltr'><strong>ducta</strong></span> <span class='ocrx_word' id='word_1_201' title='bbox 575 3471 664 3524; x_wconf 88' lang='lat' dir='ltr'><strong>medio</strong></span> <span class='ocrx_word' id='word_1_202' title='bbox 676 3475 751 3523; x_wconf 88' lang='lat' dir='ltr'><strong>secat</strong></span> <span class='ocrx_word' id='word_1_203' title='bbox 760 3483 881 3536; x_wconf 80' lang='lat' dir='ltr'><strong>aequora</strong></span> <span class='ocrx_word' id='word_1_204' title='bbox 895 3469 989 3522; x_wconf 85' lang='lat' dir='ltr'><strong>ductu.</strong></span> 
     </span>
    </p>

    <p class='ocr_par' dir='ltr' id='par_1_32' title="bbox 352 3569 957 3634">
     <span class='ocr_line' id='line_1_33' title="bbox 352 3569 957 3634; baseline -0.007 -9"><span class='ocrx_word' id='word_1_205' title='bbox 352 3572 499 3625; x_wconf 81' lang='lat' dir='ltr'><strong>continuat</strong></span> <span class='ocrx_word' id='word_1_206' title='bbox 510 3572 594 3624; x_wconf 87' lang='lat' dir='ltr'><strong>laetas</strong></span> <span class='ocrx_word' id='word_1_207' title='bbox 606 3569 742 3623; x_wconf 91' lang='lat' dir='ltr'><strong>currendo</strong></span> <span class='ocrx_word' id='word_1_208' title='bbox 755 3569 849 3621; x_wconf 90' lang='lat' dir='ltr'><strong>carina</strong></span> <span class='ocrx_word' id='word_1_209' title='bbox 861 3569 957 3634; x_wconf 82' lang='lat' dir='ltr'><strong>dietas,</strong></span> 
     </span>
    </p>

    <p class='ocr_par' dir='ltr' id='par_1_33' title="bbox 352 3669 1050 3738">
     <span class='ocr_line' id='line_1_34' title="bbox 352 3669 1050 3738; baseline -0.004 -14"><span class='ocrx_word' id='word_1_210' title='bbox 352 3674 445 3738; x_wconf 79' lang='lat' dir='ltr'><strong>Teque</strong></span> <span class='ocrx_word' id='word_1_211' title='bbox 457 3671 529 3724; x_wconf 88' lang='lat' dir='ltr'><strong>subit</strong></span> <span class='ocrx_word' id='word_1_212' title='bbox 543 3683 647 3738; x_wconf 87' lang='lat' dir='ltr'><strong>sospes,</strong></span> <span class='ocrx_word' id='word_1_213' title='bbox 660 3669 796 3736; x_wconf 87' lang='lat' dir='ltr'><strong>Laodicia,</strong></span> <span class='ocrx_word' id='word_1_214' title='bbox 812 3669 928 3721; x_wconf 90' lang='lat' dir='ltr'><strong>navibus</strong></span> <span class='ocrx_word' id='word_1_215' title='bbox 942 3669 1050 3735; x_wconf 85' lang='lat' dir='ltr'><strong>nospes.</strong></span> 
     </span>
    </p>

    <p class='ocr_par' dir='ltr' id='par_1_34' title="bbox 348 3768 1050 3837">
     <span class='ocr_line' id='line_1_35' title="bbox 348 3768 1050 3837; baseline -0.007 -13"><span class='ocrx_word' id='word_1_216' title='bbox 348 3771 505 3837; x_wconf 82' lang='lat' dir='ltr'><strong>complacet</strong></span> <span class='ocrx_word' id='word_1_217' title='bbox 517 3770 560 3823; x_wconf 88' lang='lat' dir='ltr'><strong>bio</strong></span> <span class='ocrx_word' id='word_1_218' title='bbox 573 3775 655 3833; x_wconf 89' lang='lat' dir='ltr'><strong>stare,</strong></span> <span class='ocrx_word' id='word_1_219' title='bbox 668 3782 723 3835; x_wconf 83' lang='lat' dir='ltr'><strong>quo</strong></span> <span class='ocrx_word' id='word_1_220' title='bbox 737 3769 813 3820; x_wconf 84' lang='lat' dir='ltr'><strong>nauis</strong></span> <span class='ocrx_word' id='word_1_221' title='bbox 826 3768 906 3821; x_wconf 91' lang='lat' dir='ltr'><strong>babet</strong></span> <span class='ocrx_word' id='word_1_222' title='bbox 918 3780 1050 3821; x_wconf 87' lang='lat' dir='ltr'><strong>remeare.</strong></span> 
     </span>
    </p>

    <p class='ocr_par' dir='ltr' id='par_1_35' title="bbox 345 3869 980 3934">
     <span class='ocr_line' id='line_1_36' title="bbox 345 3869 980 3934; baseline -0.008 -10"><span class='ocrx_word' id='word_1_223' title='bbox 345 3872 405 3934; x_wconf 91' lang='lat' dir='ltr'><strong>Quo</strong></span> <span class='ocrx_word' id='word_1_224' title='bbox 418 3882 501 3923; x_wconf 90' lang='lat' dir='ltr'><strong>nemo</strong></span> <span class='ocrx_word' id='word_1_225' title='bbox 513 3877 594 3924; x_wconf 86' lang='lat' dir='ltr'><strong>notus</strong></span> <span class='ocrx_word' id='word_1_226' title='bbox 607 3870 697 3923; x_wconf 82' lang='lat' dir='ltr'><strong>veniat</strong></span> <span class='ocrx_word' id='word_1_227' title='bbox 708 3869 765 3922; x_wconf 84' lang='lat' dir='ltr'><strong>vult</strong></span> <span class='ocrx_word' id='word_1_228' title='bbox 777 3881 837 3921; x_wconf 88' lang='lat' dir='ltr'><strong>esse</strong></span> <span class='ocrx_word' id='word_1_229' title='bbox 850 3877 980 3921; x_wconf 82' lang='lat' dir='ltr'><strong>remotus.</strong></span> 
     </span>
    </p>

    <p class='ocr_par' dir='ltr' id='par_1_36' title="bbox 344 3968 939 4039">
     <span class='ocr_line' id='line_1_37' title="bbox 344 3968 939 4039; baseline -0.005 -16"><span class='ocrx_word' id='word_1_230' title='bbox 344 3973 418 4039; x_wconf 80' lang='lat' dir='ltr'><strong>lingo</strong></span> <span class='ocrx_word' id='word_1_231' title='bbox 431 3969 518 4038; x_wconf 85' lang='lat' dir='ltr'><strong>gradu</strong></span> <span class='ocrx_word' id='word_1_232' title='bbox 530 3977 601 4024; x_wconf 88' lang='lat' dir='ltr'><strong>moto</strong></span> <span class='ocrx_word' id='word_1_233' title='bbox 614 3968 758 4022; x_wconf 84' lang='lat' dir='ltr'><strong>discedens</strong></span> <span class='ocrx_word' id='word_1_234' title='bbox 774 3968 851 4021; x_wconf 91' lang='lat' dir='ltr'><strong>litore</strong></span> <span class='ocrx_word' id='word_1_235' title='bbox 864 3974 939 4032; x_wconf 88' lang='lat' dir='ltr'><strong>noto,</strong></span> 
     </span>
    </p>

    <p class='ocr_par' dir='ltr' id='par_1_37' title="bbox 341 4067 994 4138">
     <span class='ocr_line' id='line_1_38' title="bbox 341 4067 994 4138; baseline -0.009 -13"><span class='ocrx_word' id='word_1_236' title='bbox 341 4072 439 4138; x_wconf 82' lang='lat' dir='ltr'><strong>Pergit</strong></span> <span class='ocrx_word' id='word_1_237' title='bbox 451 4070 616 4123; x_wconf 79' lang='lat' dir='ltr'><strong>inaccessam</strong></span> <span class='ocrx_word' id='word_1_238' title='bbox 629 4067 721 4122; x_wconf 85' lang='lat' dir='ltr'><strong>nautis</strong></span> <span class='ocrx_word' id='word_1_239' title='bbox 734 4069 849 4122; x_wconf 88' lang='lat' dir='ltr'><strong>lostinus</strong></span> <span class='ocrx_word' id='word_1_240' title='bbox 862 4068 994 4120; x_wconf 78' lang='lat' dir='ltr'><strong>Edissam.</strong></span> 
     </span>
    </p>
   </div>
   <div class='ocr_carea' id='block_1_4' title="bbox 0 0 1572 5482">
    <p class='ocr_par' dir='ltr' id='par_1_38' title="bbox 0 0 1572 5482">
     <span class='ocr_line' id='line_1_39' title="bbox 0 0 1572 5482; baseline 0 5"><span class='ocrx_word' id='word_1_241' title='bbox 0 0 1572 5482; x_wconf 95' lang='lat' dir='ltr'><strong> </strong></span> 
     </span>
    </p>
   </div>
  </div>
 </body>
</html>
