3136 5482
165 348 231 415 266
510 368 634 420 aaran.
654 368 755 419 coen.
774 368 947 419 nemeen.
965 369 1046 419 aar.

167 542 248 606 alque
269 538 297 589 in
314 538 489 590 solitudinem
510 539 594 590 eremi
617 538 742 592 redactus
763 544 933 601 cerneretur,
947 541 1045 607 ltongo
1064 538 1230 593 uenerabilis
1247 538 1354 593 nomed

168 634 265 689 eodem
279 636 441 702 imperatore
454 637 592 703 suscipere
612 639 720 691 meruit.
734 639 782 702 Qui
805 639 983 704 inspiratione
1001 640 1047 691 bei
1065 638 1259 705 praemonitus,
1270 636 1354 691 aulen

169 734 257 788 locum
277 735 445 800 perlustrans
465 739 493 788 ei
513 738 679 802 perspiciens
691 737 719 788 in
741 738 883 802 pristinam
898 738 1058 805 religionem
1069 750 1151 803 posse
1163 735 1354 792 reformatione

167 834 284 899 quadam
296 832 342 886 die
354 848 463 887 amnem
475 834 593 903 Ligerim
605 842 785 889 transmearet
796 842 878 902 atque
891 836 918 887 in
931 834 1022 889 medio
1035 835 1157 889 iluminis
1168 836 1244 889 alveo
1254 834 1355 887 videaur

166 946 235 997 esse,
250 935 347 998 sphera
359 935 437 1001 ignea
450 948 533 1001 super
544 942 625 1001 caput
641 935 680 987 ilii
692 936 727 988 de
744 936 819 988 caelo
839 933 923 999 alluit,
936 941 1017 1001 aurae
1028 935 1172 988 oraculum
1185 932 1372 988 caelestisuctst

166 1032 307 1097 percipere
328 1036 436 1091 cueruit.
458 1047 609 1101 quaecum
631 1036 701 1087 trina
719 1036 777 1087 rice
797 1035 940 1087 admonuit
959 1039 990 1086 ut
1009 1033 1113 1087 ibidem
1142 1034 1230 1088 iocum
1248 1032 1354 1087 aedilem
1389 1044 1393 1119 ζ

168 1131 281 1184 minime
292 1129 422 1185 differret.
436 1136 496 1199 lpse
508 1138 598 1186 autem
611 1134 685 1187 solus
698 1134 763 1186 baec
775 1133 871 1187 ridens
892 1141 918 1186 et
930 1134 1054 1193 audiens,
1066 1139 1167 1186 cuncta
1178 1146 1208 1186 se
1219 1131 1353 1199 inpleturus

168 1232 223 1282 beo
241 1232 365 1296 protinus
385 1233 516 1298 promisit.
538 1234 697 1286 Convocatis
721 1234 812 1299 itaque
836 1233 961 1299 plurimis
981 1232 1125 1297 operariis,
1147 1229 1353 1285 monasteriania

167 1330 313 1396 pristinum
334 1330 492 1383 reformarit
513 1335 612 1384 statum
633 1346 695 1385 cum
716 1333 821 1384 crunctis
842 1331 969 1385 domibus
990 1344 1061 1398 quae
1081 1331 1248 1384 monasticae
1265 1325 1353 1395 religitti

166 1435 321 1496 opportuna
341 1443 401 1483 esse
420 1429 592 1483 ridebantur.
615 1431 717 1495 Quibus
737 1433 862 1497 peractis,
876 1432 1012 1484 anxietate
1032 1430 1118 1483 nimia
1138 1442 1255 1496 pressus,
1273 1426 1354 1481 sollicite
1374 1406 1377 1411 ⁸

166 1530 300 1597 cogitabat
310 1531 354 1582 cui
362 1530 495 1584 coenobio
505 1530 561 1583 sire
572 1529 616 1583 cui
629 1530 719 1583 abbati
732 1530 930 1583 institutionem
942 1534 1052 1583 sanctae
1063 1528 1176 1597 regnriae
1186 1522 1352 1596 digncsenuti

166 1628 242 1683 illum
253 1630 422 1683 committere
435 1630 524 1683 locum
537 1628 637 1682 ualeret
650 1645 656 1680 :
671 1631 714 1681 uix
726 1630 799 1682 enim
821 1628 1031 1696 reperiebantur
1042 1625 1179 1682 coenobia
1190 1628 1218 1679 in
1229 1626 1353 1680 omuilnu

166 1741 260 1781 corum
281 1742 365 1794 regno
386 1741 441 1795 quo
460 1734 602 1795 praecepta
630 1728 740 1795 regulae
760 1730 847 1781 saneti
868 1727 1006 1781 Benedicti
1030 1728 1134 1793 optime
1156 1726 1352 1780 conseruarcaitl·

166 1828 233 1879 Cum
246 1840 310 1895 ergo
332 1827 360 1879 in
382 1827 480 1880 talibus
492 1829 551 1894 ejus
573 1826 716 1879 ilurtuaret
735 1828 852 1889 animus,
875 1832 987 1893 repente
1003 1827 1121 1880 Turonis
1142 1825 1232 1891 mittit,
1251 1822 1354 1892 religiose

166 1926 236 1979 sitae
254 1927 353 1990 uirum,
364 1927 529 1979 lanbertum
543 1927 663 1989 nomine,
677 1925 712 1978 de
728 1927 893 1979 monasterio
905 1926 995 1978 Sancti
1006 1923 1116 1978 tiartini
1134 1929 1229 1978 evocat
1242 1922 1354 1977 bbbodtl

167 2038 221 2091 que
232 2029 374 2078 strenuum
384 2025 471 2077 virum
484 2024 612 2078 affinitate
625 2025 715 2077 carnis
728 2025 778 2076 sibi
793 2024 1098 2091 propinquum.Quibus
1109 2036 1173 2076 cum
1185 2026 1354 2076 secreturusttt

166 2125 266 2177 mentis
278 2125 441 2190 aperuisset,
455 2124 563 2177 salubre
575 2124 656 2177 abeis
667 2124 789 2190 percepit
800 2123 954 2176 eonsilium.
969 2126 1035 2176 liam
1047 2123 1120 2176 lama
1128 2122 1196 2176 boni
1208 2114 1354 2175 idoneum

165 2236 235 2289 pene
248 2223 358 2277 Galliam
373 2223 523 2289 repleverat
534 2224 607 2290 quod
620 2224 648 2275 in
661 2222 793 2276 coenobio
803 2222 956 2275 Fossatcnsi
969 2223 1057 2275 bonor
1068 2226 1096 2274 et
1108 2221 1225 2291 dignitas
1232 2226 1304 2287 atque
1312 2210 1355 2267 ioci

164 2322 253 2374 labilis
274 2323 381 2387 caritas,
395 2324 566 2375 observantia
583 2335 692 2390 quoque
714 2328 823 2374 sanetae
835 2321 984 2387 religionis,
1005 2333 1071 2387 prae
1092 2321 1202 2374 eunctis
1221 2311 1356 2373 monuerit

164 2421 293 2474 Franciae
311 2423 537 2486 superemineret.
554 2421 680 2474 Protinus
701 2434 776 2489 ergo,
799 2420 844 2473 tali
866 2422 1003 2473 animatus
1023 2419 1162 2486 exemplo,
1184 2417 1219 2472 ad
1233 2420 1356 2473 roseae

164 2521 327 2574 coenobium
343 2520 444 2586 legatos
465 2521 563 2585 mittit;
577 2520 759 2587 ingelbertum
780 2520 917 2581 abbatem,
939 2517 1129 2572 sanctissimae
1149 2506 1356 2579 ituestmmuti

164 2619 313 2672 venerabili
326 2618 507 2686 religiosoque
521 2620 589 2685 patri
602 2618 749 2672 benedicto
759 2625 936 2677 successerat,
950 2618 1045 2671 humili
1067 2630 1151 2683 prece
1163 2615 1313 2685 deposcitui
1323 2604 1356 2663 dii

164 2724 273 2771 sanctae
285 2719 404 2771 caritatis
415 2719 500 2786 gratia
509 2717 617 2785 adjutor
630 2717 689 2771 lieri
699 2722 725 2770 et
736 2718 795 2771 ioco
808 2717 929 2771 desolato
941 2730 1022 2784 opem
1032 2728 1100 2770 suae
1110 2706 1355 2771 consolationisreiti

165 2821 241 2882 pater
254 2817 393 2882 piissimus
410 2816 570 2882 impendere
586 2821 667 2883 atque
680 2817 708 2868 in
731 2829 796 2869 suae
810 2816 950 2882 potestatis
962 2815 1183 2868 dominationem
1194 2816 1356 2882 pometuoac

164 2915 255 2980 cipere
273 2916 439 2983 dignaretur.
453 2914 528 2979 Quod
542 2914 656 2967 audiens
669 2921 746 2981 pater
758 2914 933 2977 reverendus,
946 2913 1007 2966 talis
1019 2914 1110 2966 nuntii
1124 2912 1221 2967 auditu
1231 2906 1355 2979 peremti

165 3014 340 3066 veliementer
352 3013 476 3079 expari13
491 3013 686 3080 responditque
706 3014 756 3066 boc
774 3014 887 3066 minime
906 3012 965 3065 lieri
981 3026 1071 3079 posse,
1092 3025 1145 3066 nee
1161 3024 1253 3066 curam
1266 3008 1308 3063 loci
1320 2998 1354 3055 iffi

165 3114 303 3166 commissi
315 3114 524 3179 animarumque
542 3114 654 3165 fratrum
682 3113 732 3165 sub
754 3126 783 3164 se
807 3112 963 3180 degentium
982 3118 1162 3178 postponere,
1174 3124 1236 3164 curn
1248 3096 1354 3175 iguolttii

164 3213 254 3266 iorent
266 3212 372 3264 illorum
387 3213 527 3264 bominum
551 3217 655 3264 mentes
675 3218 703 3264 et
723 3212 805 3263 iacies
817 3217 909 3263 ettam
928 3212 1010 3279 longe
1031 3210 1137 3277 positas
1157 3214 1294 3279 cogeretur
1306 3199 1355 3255 edic

164 3313 297 3377 regiones.
311 3312 399 3376 Legati
414 3324 488 3367 uero,
502 3324 537 3362 ne
557 3317 613 3363 tam
634 3311 714 3376 longa
732 3316 865 3362 terrarum
879 3310 964 3376 spatia
977 3310 1006 3363 in
1026 3322 1129 3362 tanum
1142 3322 1173 3363 se
1184 3307 1306 3377 peregisse
1315 3307 1354 3367 l*

164 3410 291 3475 niterent,
304 3411 402 3463 iterum
415 3414 496 3476 atque
510 3411 606 3462 iterum
620 3410 688 3462 uotis
707 3422 818 3461 suorum
840 3414 1000 3474 precatuum
1020 3409 1099 3461 ilium
1121 3402 1354 3466 devincendam*

162 3509 310 3575 poscebant
322 3509 446 3562 obtinere
466 3513 634 3561 meruerunt.
828 3561 832 3568 ,

195 3607 226 3658 5.
240 3609 358 3672 Sumptis
378 3610 508 3675 ergojam
521 3608 608 3659 dictus
620 3608 705 3659 abbas
723 3607 929 3673 perfectioribus
947 3619 1012 3660 suae
1029 3608 1250 3675 congregationis
1260 3598 1359 3657 Midili

161 3714 188 3758 et
200 3707 304 3759 cunetis
316 3720 386 3772 quae
400 3708 427 3758 in
440 3707 538 3758 divinis
549 3707 668 3759 cultibus
680 3706 843 3759 uniebantur
860 3708 899 3759 cis
920 3707 977 3760 iore
995 3707 1153 3760 necessaria
1167 3712 1195 3760 et
1205 3705 1301 3775 quibus
1312 3696 1362 3753 itii
1390 3720 1393 3775 ξ

161 3804 213 3857 alia
234 3805 344 3870 regione
366 3804 487 3871 indigere
508 3805 648 3869 timebant,
667 3804 874 3871 andegavorum
895 3806 1006 3872 expetiit
1025 3806 1154 3871 patriam.
1174 3806 1289 3859 Veniens
1306 3796 1364 3866 agita

160 3902 322 3955 venerabilis
334 3910 411 3969 pater
423 3903 456 3955 ad
466 3904 523 3968 jam
545 3903 648 3955 dictum
666 3903 828 3957 Glannaiolii
846 3904 947 3967 locum,
961 3903 1089 3969 precibus
1110 3906 1168 3958 beo
1185 3904 1276 3957 dilecti
1286 3872 1393 3956 cottidi¹

161 4003 278 4054 eundem
291 4002 409 4067 suscepit
422 4002 580 4068 regendum.
594 4003 641 4066 Qui
655 4016 717 4054 eum
731 4003 822 4055 multis
834 4002 932 4056 diebus
950 4001 1051 4056 ibidem
1066 4012 1234 4069 moraretur,
1247 3995 1372 4056 bononici

161 4102 225 4152 satis
237 4107 263 4153 et
274 4101 399 4167 religiose
412 4095 509 4152 truncia
522 4114 592 4166 quae
606 4101 728 4168 religioni
742 4103 906 4155 monasticae
919 4101 1089 4155 conueniunt
1100 4101 1258 4156 seeundum
1268 4103 1374 4155 timorem

162 4200 207 4252 bei
228 4206 255 4251 et
277 4199 428 4251 seeundum
450 4200 645 4252 institutionem
669 4205 777 4252 sanctae
798 4201 908 4267 regulae
930 4200 1049 4253 stabilita
1071 4206 1157 4267 atque
1176 4200 1304 4255 ordinata
1318 4202 1376 4253 suut.

163 4300 310 4364 imperator
329 4312 392 4350 uero
415 4298 586 4359 illudovieus,
606 4305 736 4363 poscente
758 4300 884 4366 religioso
900 4300 1001 4352 comite
1021 4299 1172 4365 florigena,
1190 4313 1301 4354 sacrum
1317 4296 1384 4366 iubat

163 4396 220 4447 lieri
233 4396 360 4459 edictum,
374 4409 428 4461 quo
441 4402 559 4448 rectores
572 4398 738 4449 Fossatensis
755 4398 881 4450 coenobii
903 4410 1013 4463 semper
1031 4397 1240 4463 prouidentiam
1259 4400 1330 4452 iltius
1341 4396 1385 4450 toci

163 4495 295 4547 baberent
315 4502 342 4547 et
362 4495 476 4548 sollicite
497 4496 556 4548 loco
577 4504 603 4548 el
623 4498 827 4563 congregationi
854 4496 1006 4549 custodiam
1027 4497 1220 4552 cautissimam
1244 4500 1275 4553 in
1297 4495 1389 4553 cunc&

164 4593 408 4660 opportunitatibus
435 4595 534 4647 nabere
559 4594 709 4649 studerent.
735 4596 856 4661 talesque
877 4594 978 4648 ibidem
1008 4596 1157 4665 magistros
1178 4603 1206 4651 et
1234 4598 1392 4667 praeposius
