3136 5482
274 296 296 361 2
525 274 526 279 ¹
618 311 744 361 caran.
765 311 867 359 cono.
887 293 1158 360 naoroaafnar.

306 481 363 533 Vita
381 485 493 533 auctore
514 481 611 532 Fausto
627 478 692 542 (non
716 477 880 544 interpolata
898 489 950 530 nec
966 475 1139 541 adulterata),
1160 477 1278 544 qualiter
1295 481 1367 533 edita
1379 486 1421 533 est
1438 481 1510 534 Act.

273 564 329 627 ἃς,
343 568 408 616 tom.
423 563 480 630 cit,
494 576 518 628 p.
535 562 599 613 loto
611 561 697 623 (num.
711 561 789 624 7)·50.

371 654 409 729 5⁰
426 652 597 729 Libellus
615 650 755 728 seriem
775 651 1053 729 miraculorum
1079 653 1292 753 praesentis
1317 654 1512 754 temporis

420 775 631 853 decurrens
645 796 745 875 quae
759 797 830 874 per
842 775 1001 852 beatum
1014 775 1191 853 Maurum
1205 775 1335 854 divina
1349 777 1512 876 dignata

420 907 477 977 est
508 897 662 999 operari
695 898 888 997 majestas,
914 920 1092 998 quaeque
1123 899 1172 976 ab
1200 898 1335 977 (idone
1365 901 1512 978 abbate

419 1022 534 1123 plena
553 1020 631 1098 lide
650 1043 830 1122 expressa
847 1030 939 1100 sunt
955 1022 1032 1120 (iol.
1053 1022 1262 1122 402‘407‘).

302 1138 454 1192 Translatio
466 1140 493 1191 S.
504 1136 600 1200 linari,
611 1143 722 1190 auctore
734 1137 838 1204 Odore,
849 1137 892 1191 ed.
905 1137 984 1204 llrld„
994 1152 1019 1204 p.
1033 1140 1097 1192 1052
1107 1140 1180 1196 BBB.
1192 1139 1403 1192 Besideratnrin
1411 1140 1511 1193 codiee

270 1237 411 1303 inscriptio
424 1236 600 1303 praelationis
610 1235 827 1300 (Dilectissimo
840 1234 951 1304 fratri.
963 1238 1035 1302 etc).

742 1451 1033 1464 t———n——ae

663 1721 873 1835 appendix
892 1721 942 1808 ad
962 1719 1044 1809 cod.
1070 1720 1107 1808 3.

338 2002 341 2007 .
443 1936 612 2004 Carrruna
629 1957 729 2003 vrran
746 1939 782 2005 S.
801 1935 1012 2026 Maua1(Cir.
1032 1957 1144 2023 supra,
1163 1957 1195 2022 p.
1220 1938 1249 2014 l,
1268 1934 1328 2023 3⁰).

530 2129 709 2202 Incipiunt
729 2129 890 2202 capitula
911 2128 1093 2202 sequentis
1115 2128 1244 2202 operis.

304 2304 382 2369 cap.
396 2305 421 2356 1.
435 2304 511 2367 Quod
531 2311 592 2371 post
612 2306 796 2371 apostolorum
817 2304 1047 2373 praedicationem
1069 2305 1170 2358 diversi
1183 2305 1397 2369 circumquaque
1415 2302 1505 2354 sancti

268 2402 320 2456 riri
331 2403 488 2471 extiterunt,
498 2403 691 2469 perfectionem
704 2405 787 2458 totius
799 2404 954 2458 sanctitatis
965 2418 996 2458 ac
1008 2406 1175 2459 doctrinaea
1189 2407 1243 2457 Beo
1253 2402 1392 2457 consecuti
1406 2418 1413 2453 ε
1428 2401 1504 2454 inter

269 2515 340 2570 quos
353 2507 463 2555 sanctus
478 2501 640 2556 Benedictus
659 2510 782 2570 tempore
800 2503 900 2557 iustini
919 2505 1037 2557 senioris
1055 2505 1173 2558 lucidius
1186 2501 1308 2568 eiiulsit3
1322 2508 1349 2554 et
1360 2501 1435 2568 quod
1446 2501 1504 2554 vita

270 2603 330 2670 elus
350 2615 365 2655 a
386 2602 464 2655 Beato
485 2603 614 2670 Gregorio
634 2602 707 2655 edita
726 2607 777 2667 est,
799 2607 827 2656 et
847 2615 879 2656 ea
902 2616 973 2670 quae
995 2604 1057 2656 lruic
1077 2603 1153 2669 operi
1175 2602 1363 2666 congruebant
1386 2613 1420 2652 ex
1442 2599 1503 2665 ipsa
1521 2603 1541 2654 B

270 2705 411 2765 assumpta
424 2705 499 2751 sunt.

201 2775 202 2778 Ἴ
303 2798 346 2850 11.
368 2797 444 2862 Quod
464 2798 561 2851 beatus
582 2793 701 2863 llaurus,
722 2799 874 2853 clarissimo
895 2804 1054 2853 senatorum
1075 2812 1176 2866 genere
1202 2803 1325 2863 exortus,
1346 2797 1505 2851 duodennis

272 2900 368 2949 sancto
381 2895 527 2949 Benedicto
539 2901 582 2950 est
592 2897 710 2951 traditus
723 2915 730 2952 ε
744 2913 760 2952 a
773 2912 827 2966 quo
840 2898 926 2967 magis
939 2899 1000 2952 aliis
1012 2898 1140 2962 dilectus,
1153 2898 1306 2951 imitatione
1324 2895 1444 2964 magistri
1458 2897 1504 2948 sui

271 2999 382 3047 austere
397 2994 464 3047 satis
476 3007 575 3061 corpus
587 2995 725 3062 proprium
749 2996 872 3063 jeiuniis,
885 2996 982 3064 vigiliis
1002 2996 1223 3063 abstinentiaque
1238 2994 1314 3049 omni
1336 3001 1458 3060 tempore
1477 3001 1505 3047 et

270 3091 416 3158 praecipue
437 3091 663 3160 quadragesimae
672 3094 838 3154 macerabat,
853 3097 880 3147 et
892 3092 967 3160 quod
988 3093 1065 3146 illum
1087 3094 1183 3147 heatus
1204 3093 1333 3159 magister
1352 3105 1417 3144 suus
1438 3091 1501 3144 aliis
1523 3096 1559 3147 lt)

268 3190 431 3246 imitandum
443 3193 628 3258 proponebat3
642 3191 715 3246 etde
728 3194 880 3246 humilitate
892 3193 951 3259 ejus
962 3199 989 3246 et
1001 3193 1168 3259 perfectione
1180 3194 1321 3246 virtutum.

300 3292 357 3344 111.
373 3293 409 3343 Be
421 3290 555 3344 monacho
567 3304 649 3358 quem
661 3292 758 3345 beatus
771 3294 880 3345 llaurus
892 3292 960 3345 ridit
977 3290 1058 3362 sequi
1069 3292 1241 3354 daemonem,
1255 3305 1270 3342 a
1283 3303 1337 3357 quo
1350 3290 1423 3342 ieras
1436 3295 1504 3342 tem·

267 3403 333 3457 pore
344 3390 476 3443 orationis
491 3389 667 3456 trahebatur3
681 3395 708 3443 et
719 3390 794 3458 quod
806 3398 919 3444 sanctus
930 3390 1092 3444 Benedictus
1104 3394 1201 3443 testem
1213 3404 1277 3443 eum
1287 3389 1504 3456 participemque

267 3489 348 3556 lrulus
360 3486 469 3542 virtutis
481 3499 543 3542 esse
555 3487 651 3543 voluit.

191 3577 195 3583 ’
299 3587 372 3640 1111.
386 3585 483 3654 [QJuod
496 3587 634 3640 Placidum
648 3600 772 3654 puerum,
781 3601 829 3654 per
841 3594 941 3641 terram
954 3601 985 3641 sc
997 3589 1036 3641 ire
1054 3587 1226 3652 existimans,
1240 3586 1288 3640 sed
1302 3598 1500 3652 superaquam
1522 3596 1559 3649 15

265 3697 389 3748 currens,
401 3684 437 3737 de
449 3683 510 3737 lacu
522 3685 631 3751 eripuit,
646 3683 719 3737 etde
738 3685 826 3738 amica
838 3685 959 3753 magistri
980 3690 1007 3737 et
1026 3684 1154 3751 discipuli
1175 3682 1352 3739 contentione
1365 3684 1500 3749 puerique

265 3781 443 3850 testimonio]
455 3782 491 3836 de
502 3783 609 3836 abbatis
622 3785 739 3850 melote3
752 3790 780 3836 et
791 3782 865 3851 quod
878 3789 990 3836 sanctus
1004 3783 1164 3837 Benedictus
1176 3791 1333 3837 consortem
1352 3795 1414 3836 eum
1427 3783 1498 3837 tanti

266 3884 391 3937 miraculi
402 3896 462 3936 essc
473 3883 568 3949 voluit,
582 3887 611 3937 ut
624 3881 783 3938 hominibus
794 3885 853 3952 elus
865 3885 995 3937 sanctitas
1007 3897 1056 3950 per
1069 3881 1121 3937 lroc
1133 3883 1326 3937 innotesceret.

296 3985 335 4035 V.
350 3986 387 4035 Be
398 3984 564 4036 ferramento
576 3984 650 4050 quod
663 3987 774 4037 sanctus
787 3983 948 4037 Benedictus
967 3981 1113 4037 manubrio
1131 3981 1260 4049 restituit,
1274 3982 1349 4049 prius
1368 3994 1416 4047 per
1434 3981 1499 4034 bea·

265 4087 323 4134 tum
335 4085 458 4134 llaurum
471 4087 610 4148 comperto
623 4082 697 4149 quod
711 4081 740 4135 in
753 4083 841 4135 lacum
855 4081 1010 4149 cecidisset,
1018 4088 1045 4135 et
1056 4082 1091 4135 de
1104 4082 1270 4148 paenitentia
1281 4081 1370 4135 eidem
1383 4080 1498 4146 indicta,
1518 4085 1556 4139 20

265 4179 338 4233 etde
350 4179 560 4247 argumentandi
579 4180 709 4235 facultate
727 4194 781 4248 qua
793 4182 923 4235 omnibus
940 4194 1027 4249 paene
1038 4181 1184 4234 virtutihus
1205 4180 1327 4248 magistri
1340 4179 1500 4234 interfuisse

265 4276 437 4346 intelligitur.

297 4379 352 4431 Vl.
367 4380 402 4430 Be
415 4378 529 4444 puerulo
541 4378 639 4432 claudo
650 4386 678 4432 et
690 4384 765 4433 muto
775 4392 792 4433 a
803 4363 883 4435 beato
895 4383 988 4436 llauro
1009 4385 1073 4436 ante
1085 4381 1158 4435 rores
1170 4380 1330 4434 monasterii
1351 4383 1459 4444 sanato,
1472 4384 1500 4432 et

264 4477 300 4531 de
312 4476 503 4532 aestimatione
515 4479 585 4532 beati
599 4480 746 4545 Benedicti,
759 4494 813 4547 qua
828 4494 891 4535 eum
903 4482 1091 4536 venerandum
1103 4480 1209 4535 cunctis
1223 4493 1283 4534 esse
1298 4479 1439 4535 censebat.

297 4577 368 4629 vn.
382 4578 420 4630 Be
431 4575 566 4644 legatione
579 4578 723 4632 missorum
736 4579 925 4635 Cinomannici
941 4581 1079 4647 antistitis,
1091 4585 1119 4634 et
1136 4580 1200 4648 quia
1219 4580 1315 4634 beatus
1334 4577 1499 4634 Benedictus
1518 4581 1558 4636 25
