3136 5482
381 346 474 397 emt.
494 345 966 397 usr.raa1s.-coo.scaa.
1216 325 1280 393 461

150 515 215 594 ab
247 516 379 595 Passio
416 515 631 594 beatissimi
670 510 960 592 Bartholomaci
1000 511 1167 614 apostoli
1203 510 1281 611 (iol.

203 639 424 740 1060-11001.

86 772 134 827 tid.
148 772 213 828 Act.
226 773 284 841 ἃᾶ,
297 773 331 826 ad
343 772 371 826 d.
384 773 417 826 25
428 776 507 842 Aug,
522 778 587 827 tom.
600 777 630 839 V,
647 787 673 840 p.
686 775 771 826 aisa.

150 871 214 948 450
231 871 316 951 Vita
333 871 436 951 beati
455 870 631 950 Audoeni
661 868 945 970 archiepiscopi
963 868 1281 971 [Rotomagensis]

201 996 279 1098 pot
303 996 516 1098 rior-mor).

85 1132 213 1197 Auctore,
225 1134 257 1184 ut
269 1129 364 1197 fertur,
379 1128 539 1195 Pridegodo
554 1129 598 1183 ed.
612 1127 691 1193 ibid,
704 1128 738 1181 ad
751 1126 778 1180 d.
792 1128 826 1180 11
836 1127 916 1193 Aug,
928 1130 995 1180 tom.
1008 1126 1050 1192 lv,
1064 1140 1090 1192 p.
1103 1126 1208 1179 sibit.

150 1229 217 1307 460
232 1229 316 1308 Vita
333 1228 455 1308 sancti
469 1226 671 1329 Augustini
690 1225 864 1329 episcopi
880 1234 996 1327 atque
1010 1225 1183 1304 doctoris
1199 1225 1276 1327 (tol.

207 1353 425 1456 mor-rao).

87 1491 205 1543 Auctore
226 1486 359 1552 Possidio,
380 1487 425 1541 ed.
446 1488 511 1541 Act.
533 1487 590 1555 St,
613 1486 647 1540 ad
668 1487 695 1541 d.
717 1489 750 1541 28
769 1488 848 1554 Aug,
869 1490 934 1538 tom.
956 1485 998 1551 111,
1020 1500 1047 1551 p.
1069 1486 1191 1539 411440.
1212 1484 1294 1561 vitas

58 1599 180 1641 sunaus
191 1591 233 1640 cst
244 1585 302 1653 (toi.
317 1585 462 1653 ibor-tois}
475 1580 614 1640 indiculus
626 1585 670 1640 ed.
684 1585 761 1652 ibid,
775 1600 801 1652 p.
814 1587 861 1638 iii
876 1598 939 1653 sqq.

279 1998 415 2090 actv,
439 1998 564 2088 Godex
583 1999 774 2110 signatus
795 2023 909 2087 num·
935 1995 1059 2088 5277.

90 2214 159 2269 oiim
172 2213 308 2267 comitum
319 2214 517 2267 bethuniorum
529 2214 624 2268 Theol.
639 2216 680 2280 78,
692 2213 793 2268 deinde
805 2214 905 2282 Regius
916 2214 945 2267 c.
957 2215 1034 2267 1111.

91 2313 230 2368 Foliorum
242 2313 301 2380 217,
315 2311 388 2367 med.
401 2311 621 2380 (dammi),
634 2312 771 2366 columnis
783 2310 865 2374 binis,
879 2315 1005 2365 exaratus
1019 2324 1092 2365 saec.
1106 2313 1173 2365 11111.

158 2412 198 2487 10
215 2410 346 2489 Passio
365 2411 487 2490 sancti
505 2411 681 2489 Andreae
699 2411 865 2513 apostoli
884 2409 962 2511 (iol.
985 2410 1101 2511 10-50).

91 2545 210 2612 Epistola
222 2544 354 2597 ecciesiae
365 2544 491 2609 Achaiae,
505 2544 550 2597 ed.
565 2557 608 2610 ap.
624 2544 744 2609 Surium,
757 2543 792 2597 ad
804 2543 832 2598 d.
846 2545 878 2597 50
890 2547 955 2598 Nov.

157 2643 199 2720 P>
216 2643 299 2722 vita
313 2642 434 2722 saneti
453 2642 600 2721 Nicolai
614 2641 804 2743 praesulis
823 2642 929 2740 almi,
951 2665 1051 2744 quae
1069 2642 1289 2722 celebratur

207 2791 275 2845 rur
304 2765 394 2844 idus
430 2764 664 2862 decembris,
701 2764 886 2865 duplex*
915 2763 992 2865 (fol.
1026 2763 1120 2841 60-90
1150 2771 1188 2842 et
1218 2762 1285 2843 fol.
1332 2782 1446 2853 mnam

210 2888 378 2987 satiat.
1306 2851 1486 2922 semruuprer.

92 3021 141 3076 lid.
154 3035 198 3090 ap.
212 3021 388 3085 Carminium,
403 3035 429 3087 p.
444 3023 492 3074 {12
511 3034 572 3089 sqq.
585 3024 693 3074 Nurum.
708 3024 739 3074 11
756 3027 783 3075 et
802 3025 833 3074 15
845 3022 874 3075 in
887 3022 950 3075 cod.
965 3021 1124 3075 reseruntur
1137 3020 1289 3075 secundum

62 3120 209 3176 lectionem
221 3121 439 3175 iiombritianarn
452 3124 480 3174 et
492 3121 549 3173 Vita
562 3121 734 3188 abrumpitur
746 3128 808 3187 post
819 3134 895 3174 num.
912 3124 951 3175 id.

161 3217 202 3295 3⁰
219 3217 286 3320 [De
303 3226 437 3296 sancto
457 3216 655 3318 Silvestro]
672 3217 749 3315 (iol.
774 3215 938 3319 100400).

96 3352 288 3420 Fragmentum
299 3349 361 3402 libri
374 3347 488 3402 secundi
503 3351 631 3403 Actorum
643 3350 670 3402 s.
684 3350 815 3415 silvestri,
828 3349 872 3402 ed.
886 3363 929 3417 ap.
943 3351 1136 3416 iiombritium,
1150 3355 1216 3405 tom.
1230 3352 1263 3403 11.
1323 3400 1326 3407 .

161 3448 200 3526 40
216 3447 282 3551 [De
299 3456 433 3527 sancto
452 3446 626 3549 Cyriaco]
643 3448 720 3547 (iol.
741 3448 906 3550 410410).

96 3574 289 3650 Fragmentum
314 3580 452 3634 Passionis
472 3581 560 3633 sancti
580 3581 698 3633 iiarcaili
719 3580 764 3634 ed.
786 3583 849 3636 Act.
871 3582 928 3649 SS,
951 3582 985 3635 ad
1005 3583 1033 3635 d.
1048 3584 1162 3649 iotam,
1175 3588 1241 3637 tom.
1259 3584 1294 3649 ii,

61 3692 92 3745 p.
104 3682 122 3734 5
135 3693 210 3751 sqq.,
221 3681 325 3734 scilicet
336 3692 352 3733 a
364 3678 419 3733 tine
432 3692 509 3733 num.
523 3682 554 3733 it)
566 3679 600 3732 ad
614 3679 686 3733 mod.
700 3693 777 3733 num.
792 3682 832 3733 111.

162 3778 203 3854 50
220 3776 316 3878 {Vita
333 3777 455 3856 sancti
475 3778 646 3856 Thomae
664 3777 844 3879 apostoli]
861 3777 938 3877 (iol.
960 3778 1127 3880 440310).
1179 3851 1186 3879 ,

98 3908 149 3963 ad.
160 3922 206 3977 ap.
219 3910 412 3973 iiombritium,
425 3915 492 3962 tom.
507 3911 540 3963 11.
553 3910 607 3962 Sed
620 3911 649 3963 in
661 3909 723 3963 cod.
736 3910 814 3964 initio
827 3924 857 3964 ac
871 3910 925 3964 ilua
937 3912 1032 3965 mutila
1044 3918 1094 3966 est.

164 4005 205 4084 6⁰
221 4006 287 4109 [De
305 4015 438 4087 sancto
456 4007 636 4109 Antonio]
653 4007 730 4109 (fol.
753 4007 896 4085 340-340
914 4017 952 4088 et
971 4009 1038 4089 sol.
1060 4010 1224 4111 tif-bit.

98 4145 292 4211 Fragmentum
311 4142 386 4194 Vitae
405 4140 450 4194 ed.
463 4140 528 4195 Act.
541 4142 598 4209 SS,
612 4140 647 4195 ad
667 4143 695 4195 d.
711 4146 741 4195 11
761 4145 832 4211 tan,
851 4148 918 4198 tom.
941 4146 974 4211 li,
994 4159 1021 4212 p.
1036 4147 1084 4198 110
1101 4159 1161 4212 sqq.
1173 4162 1181 4211 3
1195 4144 1298 4198 scilicet

65 4254 144 4297 num.
157 4243 237 4294 aios
248 4246 275 4293 et
286 4253 302 4294 a
314 4255 391 4294 num.
405 4242 438 4293 aa
449 4239 484 4294 ad
497 4239 591 4294 tinem.

165 4341 204 4417 P
221 4338 403 4418 Miracula
422 4339 545 4418 sancti
564 4339 712 4418 Nicolai
729 4340 807 4442 (iol.
829 4340 996 4443 440440).

92 4474 148 4530 Ed.
166 4487 213 4541 ap.
236 4473 404 4526 Carminium
417 4487 444 4538 p.
460 4473 507 4525 122
519 4486 580 4540 sqq.
592 4490 600 4538 ς
614 4473 720 4526 scilicet
733 4486 809 4528 uum.
824 4475 906 4528 14111.
921 4476 971 4528 Pro
989 4474 1084 4528 ultima
1105 4475 1197 4541 phrasi
1218 4476 1299 4543 hujus

54 4590 142 4636 num.
162 4572 265 4641 (Unde
282 4574 531 4640 mmmopere...),
553 4573 651 4640 legitur
670 4574 699 4626 in
720 4572 781 4627 cod.
804 4573 855 4626 ista
875 4572 1018 4628 clausula:
1035 4574 1057 4628 0
1080 4572 1195 4628 coraci
1214 4575 1312 4630 mira'
