3136 5482
201 2200 209 2218 ·
227 2197 281 2252 sic.

344 318 406 382 158
658 333 782 383 caran.
804 333 905 381 eonn.
925 331 1097 382 unorootc.
1118 329 1199 379 cau.

340 503 464 556 uitalibus
485 503 577 556 animo
602 503 760 557 confortans
784 502 905 567 monitis,
920 501 1091 567 praecipiens
1111 512 1145 552 ne
1164 509 1262 564 pavere
1279 496 1411 549 debeata

341 617 402 656 rum
413 602 529 662 insidiis,
544 606 629 672 magis
640 605 722 657 etiam
732 605 760 655 in
782 604 916 656 immensa
938 602 974 668 pii
992 600 1147 655 conditoris
1159 611 1271 665 sperare
1282 597 1411 651 elementi

342 717 425 756 inanu
437 709 478 757 est
498 703 630 757 tortitudo
644 704 805 771 praeliantis
825 708 851 756 et
870 703 1025 769 triumphus
1037 715 1069 754 ac
1080 699 1214 754 certitudo
1227 699 1363 751 vincentis
1376 712 1382 748 :
1396 709 1411 763 q

342 807 404 857 nisu
426 804 525 857 mentis
547 804 719 869 libenterque
741 803 858 867 lecisset,
880 801 1021 854 victoriam
1040 801 1101 853 sinc
1118 797 1204 852 dubio
1221 797 1274 850 sibi
1286 796 1321 850 de
1333 797 1411 849 hoste

341 916 422 970 quarn
436 917 565 971 umquam
579 907 753 969 reportasset.
767 902 835 955 ilinc
849 901 946 954 iterum
958 901 1053 954 adalia
1067 898 1109 952 vir
1119 897 1166 951 liei
1181 909 1340 961 conversus,
1352 896 1404 948 iter

340 1003 437 1069 pultat
448 1003 620 1056 venientibus
631 1002 790 1055 militiarum
803 1001 972 1067 principibus
984 1001 1091 1052 obviam
1105 998 1169 1052 etit.
1182 1000 1240 1063 Quo
1252 997 1312 1050 uiso
1324 996 1411 1063 Agecir

341 1105 441 1156 labitur
448 1103 593 1169 prosiliens
600 1103 772 1170 quantocius
783 1114 815 1155 ac
824 1099 879 1165 [ad]
890 1100 977 1153 sancti
986 1099 1037 1153 riri
1047 1097 1162 1166 vestigia
1173 1096 1346 1162 provolutus,
1358 1106 1411 1161 pre<

338 1206 371 1257 ad
386 1207 470 1257 beurn
488 1206 557 1258 tueri
569 1204 728 1256 meritorum
742 1202 877 1269 precihus,
899 1199 1029 1267 quicquid
1043 1200 1125 1252 etiam
1142 1197 1345 1262 heneplacitum
1363 1207 1411 1248 suo

339 1306 441 1358 inesset
460 1304 554 1359 animo
573 1303 689 1357 tidenter
707 1303 855 1368 imperaret
876 1313 963 1354 serso.
984 1301 1018 1351 ht
1040 1299 1086 1352 ille
1107 1297 1238 1352 continuo
1260 1295 1374 1363 praelati
1387 1307 1411 1348 rr

337 1404 432 1471 aperit,
445 1410 471 1457 et
483 1416 519 1459 ne
531 1416 642 1457 inanum
663 1414 741 1455 suam
761 1406 856 1455 ‹mntra
876 1414 938 1453 eum
957 1400 1045 1453 elevet
1066 1398 1205 1451 humiliter
1217 1395 1353 1462 exposcit,
1367 1406 1411 1448 nor

338 1503 476 1556 homiuem
491 1506 547 1569 lant
560 1500 659 1555 Christi
678 1502 775 1569 jugum
795 1500 928 1553 serentem
949 1503 1076 1564 oportere
1097 1498 1122 1550 vi
1147 1496 1290 1562 cujusdam
1315 1494 1411 1548 suaet

337 1599 464 1667 opprimi.
484 1615 519 1654 ne
540 1602 610 1655 lorte
629 1601 767 1654 videretur
788 1605 898 1667 propter
909 1600 961 1652 hoc
974 1600 1043 1652 iram
1056 1597 1168 1651 ultionis
1188 1595 1333 1650 incurrere
1345 1597 1401 1661 liei,

337 1703 402 1755 satis
411 1715 471 1756 sese
480 1700 629 1756 conlideret
638 1703 666 1753 in
676 1703 805 1755 omnibus
817 1702 954 1769 ipsetueri
966 1706 1048 1767 atque
1057 1699 1179 1755 delendi.
1190 1700 1274 1766 cujus
1282 1700 1376 1767 itaque
1387 1713 1411 1765 pt

338 1812 388 1853 nec
401 1812 475 1854 mora
487 1800 576 1853 libens
588 1801 738 1868 acquiescit
749 1798 873 1868 agecius,
887 1805 914 1853 ct
926 1798 1033 1853 firmato
1045 1812 1106 1852 cum
1120 1811 1183 1866 rege
1193 1798 1268 1864 pacis
1276 1802 1303 1850 et
1314 1797 1411 1850 amiciti

337 1898 411 1964 dere,
425 1899 568 1954 confestim
579 1900 612 1953 ad
626 1901 763 1968 propriam
781 1901 820 1953 nil
838 1881 1038 1953 tardat'illacso
1051 1899 1122 1965 regis
1135 1902 1240 1950 tantum
1253 1896 1350 1950 olibrii
1364 1910 1411 1965 reg

336 1998 413 2062 Quod
425 2012 537 2064 compar
552 2001 610 2065 ejus
624 2001 750 2054 littorius
762 2000 873 2053 intuens
885 2013 965 2066 aegre
978 1998 1040 2052 tulit
1052 2012 1083 2051 ac
1098 2003 1240 2065 propterea
1252 1998 1358 2051 nullam
1372 1995 1411 2050 col

337 2097 491 2151 societatem
504 2098 675 2152 adsumtum
689 2100 735 2153 hei
747 2099 901 2164 praesulem
913 2100 976 2166 egit,
990 2098 1039 2151 scd
1053 2102 1192 2163 permotus
1205 2098 1297 2150 animo
1310 2100 1411 2150 versati

340 2197 551 2252 amaritudinem
563 2202 572 2219 ·
584 2198 686 2253 luroris
697 2204 725 2253 et
735 2198 817 2262 dolo;
831 2196 999 2266 effectusque
1011 2196 1112 2251 idcirco
1126 2197 1280 2250 cmdeliset
1292 2209 1410 2263 nequam

339 2298 486 2349 maximum
499 2311 565 2352 suae
576 2300 684 2352 animae
695 2300 795 2364 patitur
806 2299 1000 2353 detrimentum
1013 2298 1088 2351 unde
1105 2298 1238 2363 conspicit
1256 2297 1374 2350 alterum
1386 2309 1411 2349 ut

338 2396 372 2447 tis
384 2395 481 2448 iecisse.
495 2398 643 2465 negotium.
658 2399 734 2451 Unde
747 2397 883 2464 siquidem
898 2410 953 2451 non
972 2397 1080 2450 modica
1097 2397 1176 2450 datus
1194 2395 1286 2457 inira,
1298 2396 1334 2449 ad
1346 2395 1411 2464 depr

336 2493 433 2546 urbem
445 2493 605 2548 tolosanam
618 2470 708 2549 statim
722 2496 861 2551 mortifera
879 2495 1012 2550 convertit
1023 2496 1145 2562 vestigia.
1167 2495 1215 2547 libi
1229 2507 1292 2548 curn
1304 2494 1333 2547 in
1347 2496 1411 2548 brac

338 2592 391 2645 tiae
402 2606 468 2646 suae
480 2606 536 2647 non
548 2595 577 2647 in
589 2593 697 2649 christo
709 2595 852 2650 conlidens
863 2595 970 2649 fortiter
988 2608 1068 2663 agere
1085 2593 1170 2663 cupit,
1189 2596 1251 2649 ilico
1269 2606 1411 2663 repugnari

336 2691 399 2743 liter
409 2691 522 2758 ciuibus,
535 2692 645 2745 caelesti
657 2692 761 2746 ultione
779 2698 875 2758 tactus,
893 2693 1023 2761 indignae
1034 2694 1105 2747 uitae
1127 2693 1237 2761 dignam
1251 2699 1366 2748 mortem
1382 2706 1411 2746 es

336 2793 390 2843 Nec
401 2792 496 2858 utiquo
508 2792 617 2851 mirum,
631 2794 695 2859 quia
707 2792 754 2858 uui
767 2793 893 2859 nequiter
907 2793 1108 2846 sanctissimum
1121 2794 1168 2846 liei
1188 2794 1275 2847 virum
1294 2799 1387 2847 mente
1406 2809 1411 2843 i

335 2887 531 2953 abhorruisset,
544 2894 624 2956 atque
636 2890 669 2942 ad
682 2903 856 2943 communem
870 2890 1018 2944 multorum
1036 2891 1181 2944 utilitatem
1201 2892 1360 2945 consultum
1373 2892 1411 2945 ire

336 2987 424 3052 sisset,
436 2988 549 3054 dignum
562 3001 681 3055 namque
692 2990 757 3042 satis
766 2994 824 3043 erat
834 2995 863 3042 ut
871 2989 1032 3057 insipienter
1044 2996 1072 3043 et
1087 2991 1240 3044 inconsulte
1253 2992 1355 3057 periret
1367 2996 1411 3059 ato

338 3086 401 3138 dern
413 3087 455 3139 sui
467 3088 568 3140 erroris
584 3089 662 3154 juxta
680 3089 833 3154 apostolum
852 3090 881 3141 in
899 3103 961 3142 sese
983 3090 1124 3155 reciperet.
1144 3090 1246 3158 quippe
1264 3105 1328 3146 cum
1344 3104 1399 3145 nou

277 3213 279 3217 ν
338 3187 397 3251 ejus
411 3186 523 3253 hgocius
537 3188 668 3241 bonorem
681 3189 735 3241 ileo
749 3188 866 3242 libenter·
879 3188 1006 3241 dedisset.

201 3684 209 3700 ·
222 3682 276 3735 sic.

198 3889 205 3905 ·
218 3885 284 3939 cod.

160 3956 326 4018 spreventes.

374 3285 471 3337 10.hd
481 3283 534 3339 hoc
543 3288 624 3353 igitur
633 3301 681 3340 rex
690 3289 835 3355 omnisque
844 3289 992 3341 Gothorum
1002 3288 1088 3353 plebs,
1099 3290 1275 3342 exultationis
1284 3290 1347 3343 laeti
1352 3292 1411 3344 tiae(

336 3383 446 3451 gaudio,
457 3385 524 3439 dant
536 3386 713 3451 copiossimas
726 3388 754 3439 in
767 3386 874 3440 caelum
895 3386 990 3440 laudes
1003 3390 1067 3456 beo,
1082 3388 1207 3441 videntes
1229 3401 1258 3441 se
1270 3402 1319 3455 per
1332 3391 1411 3456 ejusp

339 3481 458 3536 hostium
478 3484 605 3537 liberatos
626 3497 774 3551 congressu
798 3498 853 3538 non
875 3484 982 3538 modico
1007 3499 1094 3539 necne
1122 3485 1281 3540 subdendos
1302 3486 1411 3540 levissin

336 3585 416 3650 jugo,
437 3583 560 3649 deposito
584 3584 693 3637 arianae
714 3584 853 3649 pravitatis
887 3585 1041 3651 praestigio,
1063 3584 1181 3637 iaciente
1203 3583 1316 3651 quidem
1337 3586 1411 3638 beata

340 3685 477 3751 briencio,
490 3685 537 3751 uui
548 3685 691 3738 sciendum
705 3689 713 3706 ·
727 3685 826 3738 idcirco
839 3685 1009 3738 ascendisset
1030 3699 1064 3737 ex
1076 3685 1190 3738 adverso
1213 3699 1379 3752 murumque
1397 3699 1411 3739 o

341 3796 389 3850 pro
403 3785 447 3837 liei
469 3784 611 3850 profuturo
633 3783 742 3851 populo,
756 3783 905 3849 persistens
926 3785 955 3834 in
967 3784 1011 3836 die
1033 3783 1139 3836 homini
1153 3782 1261 3838 fortiter
1280 3784 1310 3836 in
1323 3784 1410 3850 praeli

339 3895 449 3949 quoque
469 3886 649 3949 spernentes·
662 3885 815 3936 haereticae
829 3882 993 3936 ludicritatis
1014 3894 1146 3947 errorem,
1162 3886 1336 3935 revertuntur
1358 3895 1408 3949 par

341 3983 375 4035 ad
387 3984 553 4038 certissimae
572 3983 692 4036 veritatis
709 3983 875 4050 agnitionem
887 4000 894 4047 ;
908 3981 1042 4034 clariana
1060 3980 1211 4033 destruitur
1223 3981 1387 4048 profanatio,
1402 3995 1411 4035 t

341 4083 409 4137 licac
423 4082 485 4136 fldci
499 4096 575 4137 sacra
588 4086 754 4137 restauratur
766 4085 795 4135 in
808 4083 886 4149 plebe
899 4080 1001 4148 religio.
1016 4079 1128 4134 Videtur
1139 4082 1214 4133 cnim
1233 4081 1278 4133 illa
1292 4080 1338 4134 die
1355 4081 1411 4135 lucr

340 4183 419 4235 terris
431 4183 553 4236 illuxisse
572 4188 598 4235 et
612 4182 788 4248 tranquillam
808 4194 900 4246 pacem
914 4184 1022 4245 optatae
1042 4180 1195 4234 securitatis
1209 4180 1345 4233 redditam
1357 4195 1409 4246 per

340 4294 410 4334 esse.
428 4284 512 4345 Quem
533 4282 645 4346 insuper
665 4284 774 4333 constat
794 4292 876 4345 quam
898 4280 1014 4344 plurima
1035 4280 1229 4334 miraculorum
1250 4281 1332 4333 etiam
1355 4282 1386 4334 in
1407 4302 1411 4332 i

340 4380 401 4432 aliis
418 4381 487 4432 inibi
507 4380 589 4448 digne
610 4378 764 4445 perfecisse.
778 4381 845 4432 iiam
867 4384 895 4431 et
915 4379 1065 4433 nonnullos
1086 4379 1296 4433 adaemonibus
1316 4382 1411 4435 obsess

340 4481 439 4532 virtute
452 4492 570 4546 superna
583 4478 716 4543 liberavit,
730 4484 756 4532 et
773 4480 929 4546 omnesqui
943 4480 970 4530 in
992 4479 1148 4532 carceribus
1167 4481 1249 4533 uincti
1268 4479 1411 4534 detinebar

342 4580 378 4632 vit
390 4585 418 4630 et
431 4577 466 4631 ad
478 4592 526 4632 sua
538 4592 601 4632 cum
611 4579 710 4647 gaudio
732 4589 855 4631 remeare
867 4579 999 4644 permisit.
1013 4579 1066 4632 sed
1086 4579 1150 4645 quia
1162 4579 1198 4632 de
1212 4580 1280 4632 tenti
1302 4582 1411 4645 patroni
