3136 5482
300 336 627 388 BtBL.NhT.PhR18.
647 359 691 367 —-
709 336 863 386 areuna.
883 336 929 384 no
947 335 1023 384 coo.
1043 333 1106 385 arca
1118 335 1153 383 a.
1282 318 1343 382 201

160 508 310 578 trstqnortt
321 510 440 578 denique
457 524 506 563 rex
526 511 561 564 de
581 523 613 564 eo
636 511 708 577 quod
727 509 818 563 vitans
829 509 977 576 jactantiae
991 509 1122 575 tomitem,
1137 521 1193 561 non
1215 521 1286 574 equo
1298 507 1347 561 scd

158 603 270 663 diuelli
283 625 349 665 usus
359 612 456 671 luerat,
470 610 505 663 ad
523 609 654 676 palatium
675 610 798 671 veniens,
813 608 999 662 amminiculo.
1014 608 1125 660 Miratus
1137 608 1196 673 ejus
1214 605 1349 658 humilita-

156 709 201 772 tcm,
211 722 295 777 equum
307 711 331 764 ei
344 723 509 777 praeparare
518 710 596 775 jubet
607 723 669 762 oum
684 710 820 777 regalibus
833 709 962 775 phaleris,
976 713 1004 760 et
1017 707 1050 760 ad
1065 707 1174 773 propria
1187 718 1250 759 eum
1259 706 1350 760 redire

157 806 267 862 baddam
279 823 354 877 pace.
368 811 457 862 virtus
470 810 536 863 haec
549 810 628 862 beato
640 809 753 862 Martiali
767 809 935 874 inscribitur,
949 807 982 859 de
992 808 1070 873 eujus
1082 806 1210 872 operibus
1224 805 1348 859 miranda

138 903 279 989 liquuntur.

176 1005 250 1071 11111.
262 1011 351 1075 lupus
368 1008 480 1075 quidam
501 1006 590 1060 dictus
603 1012 645 1060 est
657 1011 779 1073 tempore
791 1020 846 1074 quo
859 1006 995 1059 Ebroinus
1007 1004 1204 1072 majordomus
1217 1005 1347 1058 constitu-

154 1107 230 1173 tuscst,
240 1109 282 1175 qui
296 1108 417 1161 nominis
429 1107 470 1160 sui
483 1108 574 1170 heres,
588 1107 711 1172 lupinam
733 1106 878 1159 exercebat
890 1105 1039 1158 saevitiam.
1059 1107 1125 1157 llam
1138 1119 1200 1157 cum
1213 1103 1347 1172 principa·

153 1208 292 1275 hupertus·
302 1208 396 1261 multis
409 1207 598 1260 incivitatibus
608 1212 635 1259 et
648 1206 745 1271 vicis“,
757 1218 823 1258 suae
833 1205 917 1258 rabiei
932 1204 1031 1258 tamem
1040 1208 1198 1258 exsaturare
1208 1206 1344 1271 nequiret,
1402 1202 1490 1258 *cod

152 1303 232 1360 colhcta
242 1309 408 1375 iniquorum,
421 1313 451 1359 ut
463 1310 522 1359 erat
533 1307 590 1371 ipse
603 1306 723 1372 iniquus,
735 1317 818 1358 manu
831 1303 995 1370 praevalida,
1005 1304 1034 1357 in
1044 1317 1092 1357 eos
1102 1318 1212 1371 quoque
1229 1275 1544 1391 (1110111111..Ξῇᾟὲθὶ

138 1399 255 1461 ttoninan·
264 1410 358 1475 jussus
372 1421 428 1462 non
442 1408 530 1460 tuerat
550 1407 700 1472 procaciter
712 1406 835 1459 inhiabat
847 1412 874 1458 et
890 1406 1024 1458 violenter
1036 1406 1087 1458 sibi
1107 1405 1226 1458 subdere
1239 1406 1348 1459 testina-

152 1500 290 1562 latomis
315 1509 364 1574 qui
385 1507 489 1573 rapinis
507 1506 641 1574 gaudebat
665 1505 699 1558 ad
720 1520 783 1558 eum
806 1505 999 1571 undecumque
1019 1505 1163 1571 veniebat3
1182 1505 1351 1571 praedonum

151 1604 257 1674 tduceps,
269 1608 417 1674 complices
430 1607 620 1675 congregabat.
636 1607 794 1673 Huiusmodi
809 1607 890 1675 igitur
903 1608 1017 1673 stipatus
1031 1612 1148 1672 caterva,
1162 1618 1218 1660 non
1229 1619 1288 1659 esse
1303 1606 1352 1673 qui

151 1702 168 1752 ti
176 1706 284 1760 resistere
297 1711 389 1773 posset
402 1706 596 1772 superbissime
608 1707 743 1774 cogitabat
755 1712 791 1773 et,
803 1705 955 1760 secundum
966 1706 1033 1759 illud
1048 1707 1244 1774 euangelicum,
1257 1707 1353 1760 Deum

149 1804 339 1870 continebat,
360 1804 515 1858 bominem
535 1817 598 1858 non
618 1805 827 1859 reverebatur.
850 1808 972 1873 benique
994 1818 1116 1873 eousque
1141 1807 1200 1873 ejus
1224 1806 1349 1873 prorupit

148 1904 221 1957 motis
231 1904 336 1958 insania
348 1909 379 1956 ut
392 1917 482 1972 regem
493 1911 539 1957 aut
549 1917 632 1971 reguo
644 1905 744 1970 pellere
756 1911 802 1958 aut
811 1919 872 1959 cum
884 1919 917 1959 eo
927 1919 1137 1974 congressurum
1146 1919 1176 1958 sc
1190 1907 1349 1973 minaretur,

146 1993 270 2065 “tutiorem
283 2017 313 2056 se
325 2004 472 2056 aestimans
485 2010 512 2057 et
523 2003 618 2057 dicens
630 2003 678 2071 qui
693 2018 742 2071 pro
757 2017 789 2058 eo
803 2005 878 2071 regni
896 2006 1082 2059 monarchiam
1102 2005 1250 2073 regendam
1266 2005 1352 2058 susei·
1390 1994 1395 2004 ’

145 2106 208 2159 leret.
216 2103 290 2168 Quod
304 2104 364 2156 sinc
376 2104 551 2157 cunctatione
563 2105 653 2157 lacere
666 2110 831 2171 temptasset,
845 2105 897 2156 nisi
911 2117 980 2171 opus
1000 2105 1135 2157 netarium
1148 2104 1239 2157 diuina
1256 2104 1353 2157 diruis·

144 2200 174 2248 tet
189 2206 308 2266 potestas,
330 2202 504 2255 sanctissimo
525 2201 639 2255 llartiali
661 2203 695 2255 ab
717 2215 749 2256 eo
770 2203 868 2256 tactam
890 2203 1026 2256 ulciscens
1047 2203 1185 2270 injuriam.
1208 2207 1272 2256 Nam
1287 2216 1350 2256 cum
1376 2247 1379 2253 .

143 2290 275 2354 locasset
294 2300 329 2354 ad
350 2302 446 2355 urbem
467 2302 647 2365 homericam,
669 2304 827 2369 episcopum
847 2302 970 2369 ejusdem
988 2301 1104 2354 civitatis
1117 2315 1179 2356 oum
1192 2300 1352 2368 proceribus

141 2396 313 2468 mbttibusqne
326 2407 352 2454 et
364 2401 494 2454 divitibus
503 2403 696 2468 jusjurandum
715 2401 852 2455 fidelitatis
870 2403 923 2456 sibi
944 2401 1002 2455 steri
1016 2403 1120 2469 rogavit
1131 2406 1158 2455 et
1175 2415 1242 2455 suae
1254 2402 1349 2456 ditioni

139 2495 238 2553 subdere
258 2501 338 2554 colla.
351 2501 434 2567 cujus
443 2502 482 2554 rei
503 2500 633 2554 dilatione
645 2501 790 2567 postulata,
804 2503 862 2568 ipse
875 2500 994 2569 interim,
1008 2507 1138 2568 quaestus
1151 2503 1236 2569 gratia
1259 2503 1350 2568 potius

140 2601 208 2658 tuam
219 2600 359 2668 orationis,
377 2600 450 2653 beati
470 2601 599 2654 llartialis
617 2601 812 2655 domunculam
834 2607 982 2665 arcuatam,
996 2603 1024 2654 in
1045 2615 1098 2668 qua
1119 2602 1289 2655 sanctissima
1302 2616 1350 2655 sua

140 2700 244 2754 membra
256 2702 316 2767 ipse
327 2700 394 2754 dum
413 2702 551 2756 adviveret
568 2702 697 2756 tumulari
719 2704 865 2769 praecepit,
887 2717 941 2755 una
962 2716 1024 2756 cum
1038 2702 1131 2756 rabida
1145 2716 1227 2757 manu
1241 2702 1350 2756 militari

141 2797 283 2856 intertum
295 2804 398 2870 praedo
409 2808 436 2857 et
457 2805 560 2870 cleptes
581 2805 698 2858 infestus
717 2805 836 2858 intravit.
851 2807 935 2871 Quam
948 2806 1116 2871 perlustrans
1128 2805 1215 2858 oculis
1228 2811 1255 2859 et
1267 2807 1351 2860 multa

143 2906 198 2961 ttae
207 2904 409 2970 concupisceret
419 2902 527 2968 ridens,
542 2905 612 2958 inter
623 2909 712 2957 cetera
725 2904 786 2971 plus
799 2907 858 2973 ejus
879 2905 999 2958 aviditati
1018 2906 1119 2971 placuit
1131 2905 1255 2960 lumbare
1266 2906 1351 2974 quod·

144 2992 192 3055 hm
201 3017 264 3060 auro
275 3006 447 3074 gemmisque
462 3006 653 3073 compositum,
666 3006 785 3074 desuper
797 3008 868 3060 inter
876 3013 1038 3061 ornamenta
1050 3007 1102 3062 alia
1115 3007 1284 3074 dependens.
1296 3011 1352 3063 lloc

145 3090 206 3162 ib'ttu
222 3102 327 3157 demitti
346 3105 433 3171 jubet,
459 3108 486 3158 et
507 3111 676 3172 pertractans
697 3106 823 3159 manibus
842 3105 971 3159 laudabat
983 3108 1147 3174 pompatice,
1160 3107 1268 3174 sibique
1280 3109 1352 3160 benc

147 3202 266 3257 butemre
276 3201 401 3269 dicebat;
425 3206 563 3257 incassum
575 3205 612 3258 ibt
629 3204 798 3272 dependere,
818 3210 997 3272 sanctumque
1010 3207 1155 3260 ltartialem
1169 3218 1202 3260 eo
1214 3219 1283 3274 opus
1295 3219 1352 3261 non

147 3288 232 3366 bbere,
244 3299 387 3355 irridendo
396 3313 546 3355 conversus
557 3303 593 3355 ad
606 3315 671 3355 suos
684 3303 791 3356 aiebat:
805 3304 853 3370 qui
863 3317 959 3357 omnes
968 3304 1089 3358 lautores
1102 3304 1239 3358 mendacii
1255 3304 1351 3359 eadem

145 3399 276 3454 &cubant
286 3400 402 3468 ejusque
416 3401 496 3454 dietis
509 3401 606 3468 plausu
620 3401 774 3457 adulatorio
787 3402 935 3456 laetissime
955 3405 1155 3458 consonabant.
1168 3403 1353 3472 egrediuntur

143 3489 385 3553 emesinorum
398 3500 468 3554 duce
488 3515 549 3566 suo,
572 3503 683 3569 quidam
706 3504 870 3569 praeeuntes
891 3503 1003 3572 quidam
1022 3508 1048 3558 et
1066 3504 1274 3572 subsequentes,
1289 3519 1351 3558 oum

140 3594 421 3664 achimoetstrepttu,
429 3611 484 3653 non
492 3599 591 3653 dantes
602 3602 772 3654 reuerentiae
782 3602 849 3655 tanti
857 3602 1022 3656 contessoris
1030 3602 1065 3668 (1)
1073 3602 1195 3659 debitum
1203 3603 1347 3657 honorem.

138 3692 233 3750 cuent
243 3698 376 3765 seriptum
388 3703 438 3764 est,
451 3701 526 3752 aete
544 3700 676 3754 ruinam
697 3701 863 3755 exaltatur
883 3713 946 3769 cor,
966 3715 1021 3755 non
1043 3706 1170 3769 poterant
1189 3702 1260 3756 seire
1280 3713 1351 3770 quae

138 3795 278 3849 eminebat
295 3797 435 3850 calamitas
453 3804 482 3850 et
493 3802 615 3852 extrema
627 3798 719 3867 gaudii
730 3801 794 3868 quis
812 3800 901 3852 luctus
915 3804 1098 3867 occupaturus
1109 3805 1191 3854 esset.
1201 3803 1271 3858 ¹llam
1294 3814 1349 3854 non

138 3895 204 3950 eluit
214 3897 262 3963 qui
275 3899 366 3949 tantm
379 3899 525 3950 temeritati
538 3899 716 3952 vehementer
728 3899 855 3953 indoluit.
870 3902 935 3953 Erat
947 3900 1021 3952 enim
1042 3898 1154 3966 quidam
1167 3900 1352 3953 homunculus

138 4002 151 4064 t,
164 4000 197 4050 ut
207 3996 382 4051 extrinsecus
402 3996 554 4063 uidebatur,
568 3999 793 4066 contemptibilis,
807 3999 895 4052 zelum
914 4005 1006 4052 autem
1019 3999 1065 4052 bei
1080 4000 1244 4053 intrinsecus
1267 4000 1354 4053 omni-

140 4183 182 4247 tl)
195 4183 253 4234 vox
269 4192 349 4233 erasa
369 4185 421 4244 est,
442 4193 499 4233 non
520 4180 557 4232 ita
578 4184 670 4232 tamen
692 4185 723 4232 ut
740 4180 796 4245 jam
816 4178 867 4245 legi
881 4179 995 4232 omnino
1015 4192 1071 4233 non
1083 4179 1179 4233 ualeat.
1194 4182 1236 4234 sic
1248 4187 1275 4234 et
1293 4181 1353 4235 aliis

138 4261 447 4334 rjusccriptionislocis
457 4260 539 4325 (inira
552 4275 659 4314 numm.
676 4262 703 4323 6,
716 4263 740 4321 7,
753 4262 779 4319 a,
795 4263 834 4323 15,
851 4263 890 4325 11,
905 4261 945 4324 to)
957 4265 985 4313 et
997 4261 1025 4312 in
1038 4261 1098 4313 aliis
1110 4262 1231 4328 ejusdem
1243 4264 1351 4330 generis

138 4344 295 4403 momentis
314 4343 375 4410 (cir.
399 4355 492 4410 supra,
509 4358 536 4409 p.
560 4346 617 4407 litt,
637 4344 685 4396 lin.
700 4345 741 4406 15,
756 4344 805 4409 ltl3
828 4343 936 4409 belisle,
962 4342 1029 4397 Coit.
1052 4343 1105 4396 des
1126 4357 1210 4409 tnta,
1224 4349 1289 4398 tom.
1304 4347 1350 4410 lll,

151 4432 222 4495 m,
242 4427 292 4481 lin.
304 4427 323 4480 6
334 4430 362 4479 et
372 4425 448 4479 tine
459 4439 474 4479 a
493 4425 568 4494 tinet,
582 4440 617 4478 ne
631 4426 734 4478 seilicet
745 4425 904 4478 viderentur·
915 4427 1027 4492 antiqua
1039 4426 1201 4479 documenta
1214 4428 1350 4496 denegare

138 4510 269 4571 tantali
282 4509 394 4564 titulum
402 4509 547 4576 apostoli,
559 4511 605 4577 qui
619 4514 645 4563 et
657 4509 774 4562 subinde
786 4507 895 4561 additus
913 4515 954 4561 est
970 4515 1017 4563 aut
1035 4511 1095 4563 toci
1112 4523 1206 4564 erasae
1223 4511 1351 4564 substitu-

138 4597 227 4667 «σὺ.
239 4594 326 4660 iufra,
341 4606 446 4646 numm.
459 4594 485 4658 6,
498 4595 525 4657 7,
539 4593 588 4658 ¹3).
