3136 5482
291 104 354 170 112
627 116 754 167 cnunc.
773 112 876 162 cono.
895 110 1070 161 naoroou.
1090 109 1170 161 nar.

318 291 418 355 Ingens
429 285 475 337 iffa
488 282 612 337 collectio
624 280 754 336 undecim
766 284 873 334 constat
885 280 1019 348 partibus,
1033 279 1134 346 quibus
1146 278 1263 348 singulis
1275 279 1334 333 fere
1345 279 1462 347 praeuia
1482 300 1568 325 ³:—

287 404 335 443 sua
366 387 488 441 raefatio.

319 403 653 552 aguntor-rooefflciunt
662 485 692 549 a)
700 482 835 550 apparitio
845 482 1016 534 B.v.ifarfae
1026 479 1221 534 sufficimur
1230 481 1496 547 Toletaooff.L.‚to
1526 501 1568 524 -

286 588 369 648 xcvi,
379 601 407 652 p.
419 586 462 651 dd,
475 598 551 637 num.
562 585 632 648 840)
644 601 651 648 ;
664 582 709 636 cui
721 583 866 648 subjuncta
878 585 944 633 sunt
955 580 1074 646 capitula
1083 577 1218 646 quaedam
1234 579 1359 646 ejusdem
1371 579 1484 634 uitdeto
1504 602 1568 623 :-

285 686 348 739 libri
360 685 402 739 De
413 683 600 749 virainitute
607 683 762 748 perpetua
775 681 810 734 B.
820 680 848 732 t.
857 680 898 733 Μ.
912 678 1001 744 (ibid,
1014 693 1043 745 p.
1056 679 1089 731 58
1101 680 1190 746 sqq.);
1204 677 1231 744 d)
1241 680 1300 744 (foi.
1313 680 1430 745 itt-fit).
1461 680 1479 723 ἰ
1490 703 1568 724 ’,-

285 784 320 836 de
337 783 477 835 nativitate
488 784 517 833 B.
531 782 560 832 V.
574 781 673 833 itariae
684 781 724 844 (ut
735 790 827 844 supra,
840 776 902 831 cod.
918 778 991 841 root,
1006 778 1060 844 1⁰);
1073 777 1117 830 cui
1130 777 1275 845 subjuncta
1296 783 1363 831 sunt
1380 778 1497 832 sernod

284 882 407 949 ejusdem
419 881 604 946 assumptione
616 884 641 932 et
654 878 818 944 praedicatio
831 877 921 929 laudis
931 877 1002 943 ejus.

317 983 353 1034 ff·
363 980 421 1046 (fol.
438 979 543 1045 fiir-25¹)
556 978 688 1031 miracula
701 978 783 1030 refert
794 976 889 1043 viginti
905 975 966 1041 tria,
984 987 1100 1043 quorum
1114 974 1234 1041 primurn
1247 974 1275 1027 in
1289 975 1383 1031 indice
1400 975 1549 1043 praefix—

284 1081 445 1147 inscriptum
457 1084 499 1131 est
513 1076 664 1136 Quomodo
677 1078 788 1129 sancta
800 1074 854 1128 Dei
864 1074 1008 1140 aenitrin
1019 1072 1125 1127 urbem
1139 1074 1483 1144 Constantinopolitano
1526 1097 1568 1106 ἢ

283 1177 425 1246 defendit
437 1175 493 1230 eud
505 1178 613 1229 caneto
628 1173 783 1228 Germano
789 1171 992 1241 patriarcha,
1007 1173 1133 1225 ultimum
1151 1174 1195 1227 De
1211 1174 1350 1240 quodam
1367 1176 1438 1243 step
1464 1198 1469 1219 i

282 1277 336 1331 cui
346 1289 367 1331 u
378 1278 478 1330 morte
489 1274 678 1328 resuscitato
691 1275 801 1326 sancta
813 1273 901 1337 virae
908 1271 1072 1339 praecepit
1090 1274 1124 1324 ut
1141 1271 1278 1339 uinculis
1291 1272 1399 1328 ateius
1414 1276 1494 1329 cant
1563 1293 1568 1301 ·

282 1378 330 1430 ret
342 1376 501 1442 psalmum
514 1372 623 1427 Beati
641 1371 907 1425 immaculati..

315 1474 364 1526 nl·
375 1472 432 1536 (fol.
444 1472 550 1534 tir-w)
562 1470 693 1522 miracula
706 1469 789 1522 refert
800 1468 948 1535 sexdecim,
962 1481 1080 1535 quorum
1098 1471 1217 1535 primuni
1239 1470 1403 1538 inscriptum
1420 1478 1461 1526 est
1485 1481 1493 1517 t
1559 1479 1568 1494 “

281 1573 474 1627 adolescente
494 1583 585 1637 quem
605 1556 748 1623 diabotus
767 1569 861 1636 qumi
883 1567 944 1621 ridi
968 1569 1162 1623 destinatum
1187 1571 1310 1638 rapuit,
1331 1572 1388 1625 aed
1409 1574 1536 1627 contr-

281 1672 472 1725 ooluntutem
488 1670 627 1736 potentia
640 1669 769 1735 reatnae
790 1668 871 1721 caeti
892 1670 996 1721 tenere
1018 1680 1081 1721 non
1090 1668 1206 1735 potuit,
1220 1670 1349 1723 ultimum
1366 1671 1509 1725 Ser-ruod-

280 1769 524 1824 annuntiatione
535 1771 664 1822 sanctae
675 1766 798 1820 Mariae
809 1769 839 1819 et
851 1766 889 1818 de
901 1767 1056 1820 miraculo
1068 1767 1150 1833 quod
1161 1769 1265 1822 eodem
1277 1770 1414 1837 contidit
1424 1771 1481 1824 die.

312 1870 357 1922 tv·
367 1868 424 1933 (fol.
438 1868 548 1932 dir-tior)
560 1867 644 1919 refert
666 1865 797 1918 miracula
817 1865 911 1930 viginti
933 1869 960 1918 et
971 1879 1068 1930 unum,
1082 1879 1200 1933 quorum
1222 1868 1342 1934 primuni
1355 1870 1497 1937 inscripto

279 1972 321 2022 est
332 1968 375 2020 De
386 1966 522 2033 quadam
534 1964 691 2018 abbatissa
706 1976 802 2031 quam
820 1966 923 2017 mater
936 1963 1061 2017 Domini
1073 1967 1327 2020 misericorditer
1337 1981 1360 2022 a
1371 1969 1540 2023 mouim-

281 2066 427 2121 lideraoit
439 2065 597 2131 annuatia,
609 2064 735 2116 ultimum
747 2064 850 2116 Sermo
863 2063 901 2116 de
911 2062 1036 2117 sabbato
1048 2066 1176 2118 sanctae
1187 2064 1310 2119 Mariae
1322 2065 1428 2121 dicato
1439 2069 1468 2120 et
1483 2088 1489 2109 ν
1552 2065 1568 2090 ”“

280 2167 435 2220 miraculo
447 2166 528 2232 qnod
541 2165 621 2218 iliud
633 2164 782 2230 defendit.

313 2251 346 2302 t·
357 2249 416 2314 (foi.
428 2250 537 2312 dtr-tor)
548 2248 635 2313 capita
648 2249 771 2300 continet
783 2247 894 2313 triginta
916 2249 1070 2314 conscripta
1090 2250 1125 2302 ab
1146 2250 1258 2317 lingone
1281 2252 1442 2316 farsitensi,
1452 2266 1495 2320 qu·
1504 2270 1538 2295 ⁶

282 2363 341 2401 rurn
355 2348 472 2414 primum
495 2347 654 2412 inscriptum
676 2352 717 2399 est
736 2348 778 2400 De
799 2347 910 2400 ordine
930 2347 1054 2401 initiali
1074 2349 1312 2417 miraculorum,
1324 2351 1454 2404 ultimum
1483 2359 1491 2397 t
1529 2351 1568 2388 ¹

279 2445 412 2512 quodum
423 2445 555 2511 puerulo
568 2444 753 2510 attinendum
771 2445 959 2498 miraculum
971 2444 1025 2510 (ed.
1040 2449 1067 2497 Ρ.
1080 2448 1122 2511 ln,
1137 2451 1156 2499 t.
1173 2448 1301 2511 cdxxix,
1314 2463 1343 2515 p.
1358 2452 1424 2502 {aar
1435 2450 1513 2518 sqq(

311 2545 356 2597 Vl·
369 2544 428 2603 (fol.
442 2544 551 2606 cor-72⁸)
569 2543 651 2595 refert
664 2542 795 2595 miracula
813 2543 968 2607 duodecim,
981 2557 1099 2610 quorum
1112 2546 1230 2610 primurn
1241 2545 1406 2614 inscriptum
1419 2552 1459 2601 est
1484 2556 1492 2593 t
1517 2548 1568 2583 ⁸

276 2643 408 2710 quodam
420 2642 532 2694 elerico
542 2653 601 2706 per
613 2641 735 2694 beatam
748 2643 886 2694 Mariam
904 2656 925 2695 a
943 2643 1147 2697 damnatione
1165 2647 1271 2711 erepto
1284 2648 1314 2699 et
1325 2659 1439 2702 errare
1455 2670 1476 2693 -o

276 2743 373 2808 renio,
383 2741 510 2793 ultimum
523 2741 565 2793 De
576 2741 641 2793 oleo
654 2740 737 2807 quod
747 2741 889 2794 manauit
903 2741 940 2794 de
952 2742 1098 2795 mamilia
1111 2743 1264 2810 imuainis
1273 2743 1385 2801 beatae
1393 2748 1489 2801 ufaro
1548 2754 1568 2773 ⁴

275 2856 400 2910 semper
412 2841 560 2910 oiratnio.

308 2944 365 2995 vti·
376 2942 433 3006 (fol.
447 2942 558 3004 tardor)
569 2942 692 2994 continet
701 2941 857 2993 Mirucuia
866 2943 993 2994 sanctae
1004 2942 1128 2996 Mariae
1138 2943 1510 3001 Loudunenet’eeccieu'a·

275 3043 402 3095 auctore
416 3040 596 3092 Hermanno
606 3039 754 3091 inonacho
766 3040 804 3102 (Ρ.
812 3041 852 3103 in,
861 3044 925 3091 torn.
934 3041 1016 3103 civi,
1028 3054 1055 3105 p.
1065 3043 1115 3093 967
1124 3046 1209 3108 oqui,
1220 3056 1338 3097 numero
1353 3045 1449 3113 viginti
1459 3059 1487 3098 se
1498 3057 1532 3086 a

275 3152 392 3208 quorum
413 3140 532 3205 primum
552 3143 594 3190 est
615 3139 656 3190 De
676 3137 792 3190 duobus
812 3139 983 3191 contractis
1001 3141 1132 3208 curatis,
1152 3141 1278 3195 uftirnurn
1299 3144 1345 3197 De
1360 3144 1504 3198 suentem

270 3252 368 3306 puero
383 3238 467 3291 vitae
480 3237 611 3290 reddito.
627 3238 811 3289 praemittitur
823 3238 956 3301 praefatio
983 3237 1139 3292 Univerair
1150 3244 1281 3295 sanctae
1294 3243 1414 3297 matria
1425 3246 1502 3300 eccle

270 3337 338 3390 riae
357 3336 438 3404 filiis
458 3336 545 3401 (ibid,
560 3351 586 3401 p,
600 3337 668 3400 odi),
681 3340 708 3387 et
729 3337 756 3388 in
779 3335 833 3389 fine
854 3337 1060 3404 subjunguntur
1074 3338 1132 3403 (fol.
1146 3342 1256 3404 εον-800
1279 3341 1337 3396 duo
1356 3344 1491 3399 miracula
1508 3344 1550 3391 ἰ

272 3438 388 3490 alterum
407 3436 466 3488 sine
478 3436 556 3489 titulo
569 3436 663 3501 incipit
680 3437 718 3488 fn
734 3435 897 3488 territorio
922 3437 1138 3492 cameracensi
1157 3439 1315 3505 quoddam
1335 3445 1540 3498 coenobium

271 3539 358 3602 est...,
372 3536 488 3587 alterum
501 3536 661 3600 inscriptum
671 3539 712 3586 cst
721 3537 761 3587 De
773 3536 884 3600 yconio
896 3535 934 3588 ab
946 3537 1089 3590 incendio
1099 3537 1233 3592 liberata
1242 3544 1271 3592 et
1282 3540 1339 3594 inc.
1353 3542 1399 3597 De
1415 3547 1524 3598 mairie

272 3634 511 3689 misericordiae
523 3639 657 3687 matre...

306 3736 377 3786 vftf·
398 3734 766 3800 (f01.oov-tr=)‚quae,steut
786 3741 813 3787 et
834 3734 906 3789 duae
927 3742 1083 3806 sequentes,
1103 3744 1144 3791 est
1163 3739 1197 3792 de
1219 3739 1362 3794 miraculis
1384 3742 1518 3800 Sanctae

272 3832 400 3885 Mariae
418 3831 555 3898 Viroinio
567 3834 604 3883 de
623 3832 706 3898 Rupe
723 3832 883 3886 Amatoria
895 3835 1165 3903 (doeheimadourt
1179 3839 1262 3891 refert
1281 3839 1422 3895 miracula
1438 3844 1518 3911 quin-

271 3931 402 3998 quaginta
425 3934 551 3996 quatuor,
567 3945 684 3997 quorum
703 3932 822 3997 primum
844 3933 1004 3999 inscriptum
1026 3940 1068 3987 est
1081 3936 1125 3989 De
1136 3935 1252 3989 duobus
1269 3937 1519 3995 adolescentibus

272 4031 359 4084 inter
372 4044 471 4097 aquus
484 4031 531 4083 nii
544 4032 647 4098 tueris,
661 4032 788 4085 ultirnurn
803 4034 846 4085 Dc
858 4032 979 4100 captiuo
987 4047 1049 4101 per
1060 4034 1154 4101 fldem
1166 4035 1281 4089 mairie
1292 4039 1409 4094 soluto.

307 4132 352 4182 ix·
365 4129 421 4194 (iol.
434 4130 558 4194 titt-toiri
572 4130 703 4183 miracula
716 4132 800 4184 refert
812 4132 992 4200 quadraginta
1004 4140 1075 4198 octo,
1088 4147 1206 4201 quorum
1219 4136 1342 4201 primurn
1356 4140 1521 4211 inscriptum

208 4290 213 4305 ι
274 4235 316 4282 est
331 4231 373 4282 De
387 4227 486 4282 tribus
503 4228 666 4283 abbatibus
678 4243 699 4283 a
710 4230 884 4298 naufrayio
896 4232 1047 4299 liberatio,
1061 4232 1188 4287 ultimum
1202 4235 1245 4288 De
1257 4238 1401 4302 quodam
1413 4244 1523 4297 ruente

274 4327 442 4382 aberrare.
