3136 5482
167 329 235 397 550
510 347 635 398 eursu.
655 346 757 397 coru.
776 346 951 398 mamaea.
971 346 1050 398 aar.

167 515 210 568 sui
230 515 330 578 obitus,
343 516 417 582 quod
440 515 624 569 inculcaverat
645 514 750 578 vivens,
764 515 944 581 monstravit3
967 513 1015 569 sed
1037 513 1112 568 idem
1132 515 1175 567 vir
1197 515 1265 568 haec
1285 514 1376 567 minium

169 615 367 669 animadvertit.
389 616 466 670 Unde
489 616 597 670 sedenti
618 614 652 668 ad
678 615 824 681 prandium
847 616 943 668 beatus
967 613 1013 667 ille
1036 616 1159 668 Furseus
1183 615 1263 668 niueo
1285 614 1377 668 amicus

170 715 299 783 segmine,
313 716 484 782 perlucidum
505 715 694 769 manuferens
713 715 859 779 luminare,
873 728 936 767 cum
958 713 1069 768 duobus
1089 713 1218 780 apparuit
1229 713 1375 776 diaconibus,

170 815 216 880 qui
228 814 349 882 singulas
359 814 501 882 gestabant
512 813 630 866 eximiae
642 813 772 867 claritatis
784 813 868 867 larus.
881 815 936 866 lloc
955 811 1080 866 mirabile
1092 789 1212 866 cernens
1223 813 1314 866 liairm
1323 810 1375 864 indi·

170 914 253 976 cium,
266 914 483 980 omnipotentem
504 914 589 967 licum
603 913 707 981 magnis
727 912 826 966 attollit
838 910 965 966 laudibus
986 911 1151 979 lidelemque
1165 925 1247 966 suum
1269 912 1397 966 Fumant

170 1012 287 1065 assiduis
304 1011 416 1078 replicat
427 1012 556 1078 vocibus;
572 1023 741 1080 surgensque
761 1023 844 1077 aquo
865 1011 977 1064 sedebat
998 1011 1125 1078 prandio,
1139 1012 1193 1066 boc
1213 1016 1289 1066 tanto
1307 1017 1376 1077 stupe

171 1111 257 1164 iactus
270 1111 358 1178 signo,
368 1112 575 1164 circumstantes
584 1112 692 1178 quaerit
702 1111 833 1164 attentius
845 1111 868 1164 si
878 1110 941 1164 talia
951 1110 1212 1164 animaduertissent
1220 1110 1260 1165 uil
1269 1122 1376 1178 umquam

33 1218 43 1237 ·
78 1215 109 1271 ·,
172 1209 264 1263 audita
282 1210 434 1263 mirabilius
447 1209 466 1274 ⁶,
479 1210 738 1277 responsalibusque
758 1222 853 1263 eorum
874 1207 969 1262 didicit
988 1208 1061 1275 quod
1075 1209 1187 1262 nemini
1208 1209 1276 1263 inibi
1288 1220 1376 1262 manau·

172 1309 240 1361 tium
252 1308 363 1375 aliquod
384 1307 492 1376 signum
512 1308 638 1374 apparuit
657 1306 731 1373 quod
748 1319 844 1360 eorum
865 1305 908 1359 uel
921 1311 1075 1374 perterrere
1096 1307 1202 1361 iaceret
1218 1306 1333 1361 animum
1345 1305 1376 1360 tel

170 1406 299 1472 insperati
312 1404 489 1471 protenderet
500 1405 589 1458 nuntii
599 1404 727 1471 jubilum.
740 1405 787 1457 llis
800 1404 881 1473 igitur
893 1405 1016 1457 attonitis
1029 1409 1057 1458 et
1069 1418 1142 1473 quae
1156 1409 1232 1461 tanta
1244 1404 1374 1460 sollicitudo
1386 1404 1406 1455 o

171 1506 210 1558 sic
229 1504 388 1571 pervigilem
409 1517 504 1559 eorum
528 1504 657 1558 redderet
680 1503 824 1558 dominum
844 1505 1100 1572 percunctantibus,
1122 1507 1151 1559 in
1178 1506 1328 1572 praesentia
1345 1502 1376 1555 sui

171 1604 279 1657 beatum
292 1616 324 1657 ac
335 1604 520 1657 venerabilem
533 1607 664 1660 Furseum
677 1617 739 1657 cum
760 1604 868 1657 duobus
879 1604 1042 1659 diaconibus
1064 1605 1184 1659 astitisse
1197 1605 1312 1659 innotuit
1325 1603 1376 1657 uela

169 1708 228 1757 tum
240 1702 435 1758 candidissimo
447 1702 563 1758 sindone
583 1709 611 1757 et
623 1703 735 1757 rutilum
753 1704 852 1757 eximia
865 1703 1039 1770 claritudine,
1053 1704 1100 1771 qul
1118 1705 1315 1772 aliquantisper
1326 1699 1376 1756 ulli

169 1803 325 1871 demorans,
338 1803 445 1856 felicem
457 1804 499 1856 sui
509 1803 565 1869 jam
577 1803 746 1857 subduxerat
757 1803 951 1869 praesentiam.
966 1803 1045 1856 Tanti
1058 1804 1162 1857 etenim
1181 1804 1375 1858 stomacatione

167 1903 325 1971 gaudentes,
338 1902 518 1968 omnipotenti
540 1905 593 1955 lieo
610 1914 722 1970 magnas
743 1901 867 1955 referunt
887 1901 1069 1966 laudationes,
1081 1903 1213 1970 beatique
1232 1904 1281 1957 riri
1302 1897 1404 1956 iursdl!

168 2013 270 2054 nomen
281 2000 435 2054 alternatim
450 2005 581 2053 resonant
592 2005 619 2053 et
630 2001 689 2066 ejus
702 2003 826 2067 respectu
838 1996 1002 2053 visitationis
1013 2006 1042 2054 et
1053 2000 1256 2055 benedictionis
1267 2015 1295 2055 se
1308 1999 1371 2053 iulor·

169 2101 237 2155 mari
250 2101 485 2167 postulabatque
506 2100 547 2152 vir
559 2100 684 2167 egregius
708 2101 801 2154 haimo
820 2114 870 2154 cur
881 2101 948 2154 haec
969 2101 1134 2155 accidissent
1146 2101 1244 2157 sedulo
1256 2101 1374 2156 resoluens

168 2200 270 2262 animo,
286 2198 395 2253 tandem
408 2200 481 2252 beati
494 2199 543 2252 viri
556 2199 631 2253 verbi
654 2200 848 2266 reminiscitur,
861 2202 908 2268 qui
922 2200 1062 2268 quondam
1079 2200 1106 2255 ci
1119 2202 1225 2256 dixerat
1236 2200 1375 2271 quoddam

169 2307 225 2353 tres
247 2299 428 2353 lucidissimas
442 2300 525 2353 unius
547 2300 634 2353 noctis
656 2299 737 2353 horas
757 2299 871 2365 uideret,
885 2300 918 2353 ad
934 2301 976 2354 sui
997 2300 1088 2354 obitus
1110 2302 1242 2356 indicium
1264 2303 1323 2356 baec
1340 2311 1375 2367 pro

25 2461 30 2471 ⁸
117 2383 119 2387 ’
169 2404 244 2453 certo
257 2403 376 2464 teneret;
389 2399 491 2465 talique
504 2398 616 2451 oraculo
629 2399 825 2465 praemonitus,
835 2401 945 2452 beatum
959 2399 1037 2453 illum
1050 2402 1187 2454 Furseum
1195 2395 1405 2468 vitaeposuisseb

170 2498 275 2552 indicat
286 2498 442 2561 terminum,
456 2498 485 2551 in
505 2498 584 2565 cujus
602 2497 713 2550 salutari
736 2499 866 2552 memoria
878 2499 952 2552 salus
972 2512 1021 2553 sua
1043 2513 1216 2568 suorumque
1235 2506 1294 2568 post
1311 2502 1375 2554 amn

171 2600 307 2668 pendebat
319 2598 453 2653 omniurn.

203 2699 258 2752 20.
272 2701 338 2752 cum
350 2711 456 2751 sumum
469 2697 642 2751 testinatione
655 2697 736 2767 igitur
749 2698 782 2751 ad
804 2697 996 2764 sepeliendum
1010 2699 1078 2753 illud
1091 2701 1211 2755 caeleste
1225 2701 1375 2769 margaritum

171 2803 298 2866 properat
309 2798 455 2864 itinerique
467 2810 517 2852 suo
529 2810 610 2864 quam
631 2797 762 2863 plurimas
781 2802 836 2850 tam
849 2797 984 2851 nobilium
996 2797 1161 2854 clericorum
1174 2814 1258 2868 quam
1270 2800 1377 2854 laicomu

171 2911 302 2964 personas
321 2897 444 2962 associat,
465 2897 630 2963 tandemque
652 2898 775 2962 pervenit
795 2909 849 2964 quo
872 2896 917 2949 illa
940 2911 1046 2964 gemma
1068 2898 1177 2953 decoris
1199 2892 1408 2954 custodiebatub

170 2999 284 3064 ejusque
297 2997 402 3049 funeris
413 2996 545 3063 obsequio
559 2996 681 3064 invigilat
693 3009 755 3049 cum
776 2995 871 3049 dolore
884 2998 1012 3050 ruraximo.
1026 2999 1059 3050 ht
1079 2999 1153 3051 inter
1167 3000 1234 3053 haec
1252 2999 1332 3052 sancti
1343 2995 1378 3048 n'ri

170 3096 274 3150 obitum
298 3096 411 3148 audiens
433 3094 639 3148 llercbenaldus
662 3096 802 3161 patriciae,
826 3096 954 3148 blacerias
979 3097 1102 3163 peruenit
1126 3098 1249 3152 velocius
1271 3106 1297 3152 et
1317 3107 1379 3161 super

171 3195 283 3248 fluuium
296 3194 426 3247 alterium
446 3200 526 3247 nocte
544 3196 660 3248 tentoria
674 3195 762 3262 erigit,
777 3208 912 3261 maneque
929 3195 996 3247 illud
1011 3198 1188 3264 margaritum
1201 3199 1235 3251 ad
1249 3201 1380 3252 Paronerse

172 3292 300 3359 palatium
313 3294 412 3346 vehere
424 3293 518 3347 uoluit.
532 3292 585 3345 sed
607 3292 672 3346 dum
687 3293 753 3345 inibi
775 3292 871 3346 adesse
892 3294 1053 3347 llaimonem
1074 3308 1139 3348 cum
1160 3310 1261 3366 magno
1282 3296 1381 3350 exercitu

172 3391 306 3459 coguovit,
320 3391 395 3444 reddi
418 3392 469 3444 sibi
481 3404 580 3457 corpus
599 3392 669 3444 beati
692 3392 778 3457 petiit,
793 3400 823 3444 ut
841 3392 977 3459 condigne
998 3393 1026 3445 in
1047 3407 1096 3447 suo
1118 3397 1247 3462 sepeliret
1265 3389 1411 3449 morluunil

173 3505 254 3559 quern
277 3492 303 3543 in
324 3491 377 3543 uita
399 3495 525 3544 tenuerat
545 3491 795 3543 familiarissimum.
808 3492 856 3543 llis
876 3492 968 3545 verbis
988 3493 1103 3546 nimium
1126 3502 1280 3550 commotus
1296 3495 1382 3549 llaimo.

173 3594 273 3657 quauta
286 3603 349 3657 erga
362 3603 423 3642 eum
435 3590 515 3657 digna
527 3590 613 3642 relatu
626 3591 720 3643 vivens
731 3596 823 3657 egerat
834 3592 984 3657 prudenter
995 3594 1118 3661 replicat,
1130 3600 1158 3648 et
1168 3595 1383 3649 resuscitationem

173 3689 246 3743 unici
260 3688 307 3740 tilii
331 3703 378 3754 per
390 3703 451 3742 eum
465 3689 562 3742 iactam
584 3690 684 3743 clamat
701 3704 732 3742 ac
753 3691 824 3743 inter
845 3691 990 3745 innumera
1011 3694 1148 3747 mirabilia
1162 3697 1342 3749 ostensionem
1353 3688 1383 3744 sui

175 3789 265 3841 obitus
277 3789 302 3840 ei
324 3788 511 3842 manifestasse
524 3788 642 3855 indicat;
656 3795 890 3856 postremumque,
904 3791 926 3842 si
945 3791 1017 3844 idem
1031 3794 1139 3846 bomini
1151 3794 1196 3846 vir
1207 3795 1336 3861 corporali
1348 3802 1384 3844 suo

176 3886 249 3939 dono
261 3886 373 3939 alterius
386 3887 515 3940 voluisset
531 3886 618 3940 ditare
631 3888 783 3952 thesauros,
797 3888 870 3940 haud
889 3889 917 3941 in
931 3903 996 3942 suae
1014 3892 1198 3957 possessionis
1212 3893 1319 3960 pmedio
1328 3882 1414 3943 riuos

177 3985 315 4038 habuisset
327 3999 422 4038 cursus
435 3992 579 4039 extremos.
593 3988 752 4040 alternatim
765 3989 982 4042 contestantibus
994 3989 1097 4042 etenim
1111 4005 1183 4057 quae
1196 3992 1317 4045 miranda
1328 3989 1385 4042 iden

175 4086 216 4138 uir
229 4084 335 4138 bomini
348 4084 419 4150 apud
433 4090 563 4152 utrosque
576 4087 720 4151 patraverit
741 4087 883 4149 miracula,
897 4089 963 4141 dum
976 4103 1005 4142 se
1017 4089 1128 4156 utrique
1140 4091 1193 4144 hoc
1205 4091 1297 4146 volunt
1309 4087 1385 4142 salutis

177 4184 256 4237 ditari
269 4184 392 4248 donario,
406 4198 477 4250 quae
497 4187 687 4255 aestimaverat
698 4186 768 4239 velle
783 4192 908 4240 sanctum
930 4189 976 4241 liei
989 4189 1085 4241 llaimo
1098 4202 1134 4241 ex
1152 4203 1202 4243 sua
1220 4195 1294 4257 parte
1307 4199 1384 4256 propo

177 4284 239 4348 suit,
253 4288 283 4336 ut
294 4284 456 4349 quantocius
469 4285 599 4338 feretrum
614 4286 649 4338 ita
662 4291 872 4352 praepararetur
884 4299 938 4352 quo
952 4286 1019 4340 illud
1032 4287 1088 4339 duo
1102 4289 1174 4341 tauri
1188 4290 1268 4343 etiam
1283 4284 1383 4341 indomiu'

178 4383 318 4446 ducerent,
329 4397 432 4449 cosque
444 4396 459 4435 a
472 4383 674 4449 praedestinata
687 4399 769 4452 quam
783 4391 922 4438 sumerent
934 4386 976 4438 via
989 4399 1070 4440 nemo
1085 4386 1249 4441 rctleeteret.
1260 4390 1321 4441 lluic
1331 4376 1413 4437 deti-ll

178 4483 310 4536 horatiani
325 4482 527 4536 llercbenaldus
542 4484 645 4548 fauens,
660 4485 741 4536 tinem
756 4484 900 4538 laudabilis
912 4487 1120 4552 quaerimoniae
1132 4501 1164 4540 oa
1178 4488 1237 4557 lege
1250 4487 1338 4554 posuit.

212 4581 262 4633 21.
276 4584 307 4633 ht
319 4582 389 4634 inter
402 4583 594 4636 exhibitionem
609 4585 764 4650 propositae
779 4585 958 4651 probationis,
972 4590 1002 4638 ut
1019 4587 1198 4652 omnipotens
1217 4589 1285 4641 heus
1309 4590 1380 4639 notun
