3136 5482
519 306 644 358 curel..
663 307 765 357 cobb.
783 306 958 357 HAGIOGR.
977 305 1058 357 Lar.

324 484 363 553 et
393 474 583 551 memoria
613 473 662 551 de
692 475 984 553 consecratione
1018 474 1151 553 altaris
1184 483 1340 553 sanctor

327 596 594 698 apostolorum
625 596 726 674 Petri
757 605 795 675 et
825 596 932 674 Pauli
963 597 1072 700 quod
1089 605 1149 676 est
1176 597 1340 676 situma

327 719 578 821 sepulchrum
615 720 736 798 sancti
773 719 947 820 Dionysii
978 720 1256 822 sociorumque
1290 722 1340 821 eji

327 865 427 944 quae
461 842 645 921 revelatio
675 852 714 921 et
744 843 983 922 consecratio
1019 854 1102 923 acta
1137 853 1195 922 est
1226 865 1330 922 anno

327 965 591 1044 incarnatione
617 965 773 1043 Domini
804 965 926 1044 nostri
958 965 1048 1044 Jesu
1079 964 1222 1044 Christi
1254 991 1339 1043 noca

203 1146 207 1151 -
328 1114 349 1166 v
367 1088 551 1167 kalendas
568 1089 720 1189 augusti
739 1087 817 1183 (fol.
841 1087 1017 1190 lov-lli).
1077 1186 1079 1190 Ι

213 1221 261 1275 Do.
274 1235 319 1289 ap.
332 1223 451 1287 surium,
465 1221 499 1274 ad
513 1222 540 1275 d.
553 1222 570 1275 9
582 1222 706 1275 Octobris
717 1223 754 1288 (p.
770 1223 836 1286 150).

278 1322 316 1398 5⁰
331 1320 527 1400 Revelatio
557 1320 679 1398 sancti
710 1320 884 1423 Dionysii
915 1320 1194 1421 sociorumque
1219 1321 1339 1420 ojus(

331 1444 496 1543 liv-14¹).

211 1577 250 1628 nx
274 1575 376 1630 nerra
397 1573 568 1642 nwooera
592 1587 671 1641 capp.
696 1575 763 1638 rur,
787 1576 828 1639 u,
851 1577 892 1642 u,
913 1575 955 1641 ao,
978 1575 1011 1626 rr
1028 1574 1119 1637 (aar.
1140 1573 1180 1628 ee
1203 1575 1269 1643 nn,
1291 1581 1340 1629 nn

180 1691 207 1742 p.
220 1677 332 1741 buoso).

277 1774 453 1853 6⁰Passio
466 1773 587 1852 sancti
602 1773 743 1851 Nicasii
758 1773 1035 1875 sociorumque
1049 1775 1132 1874 ejus
1146 1773 1226 1864 (fol.
1246 1772 1340 1850 lif-l

211 1906 304 1971 Qualis
314 1905 450 1972 descripta
462 1911 503 1959 est
513 1906 543 1958 in
555 1906 681 1973 catalogo
693 1919 758 1957 mss.
765 1906 887 1973 bagiogr.
900 1905 995 1971 Leon,
1008 1906 1102 1960 Anat.
1116 1905 1275 1973 Bolland„
1290 1910 1340 1960 ton

179 2020 206 2072 p.
218 2007 277 2059 osb.
291 2007 363 2058 naec
373 2004 561 2059 additamenta
573 2003 603 2057 in
616 2004 711 2058 codice
723 2009 819 2059 nostro
831 2009 925 2058 notatu
939 2019 995 2058 non
1008 2003 1135 2059 ridentur
1148 2003 1272 2073 indigna.
1283 2003 1340 2057 vidi

180 2105 210 2158 in
228 2103 283 2158 line
303 2106 411 2159 numeri
427 2104 555 2170 lttnal.
567 2105 659 2171 Boii„
675 2109 741 2156 torn.
757 2105 777 2170 l,
791 2118 819 2170 p.
836 2105 895 2169 631)
906 2104 998 2158 addita
1008 2106 1074 2157 sunt
1094 2105 1161 2157 baec
1179 2103 1264 2157 rerba
1277 2119 1285 2157 r
1298 2103 1337 2158 Et

181 2204 268 2259 ocius
279 2204 483 2270 eutctijussio
495 2204 577 2256 tolio
590 2202 783 2271 represserit,
791 2205 864 2270 post
876 2203 971 2257 totius
978 2202 1094 2270 populi
1102 2202 1340 2256 seductionem

182 2302 406 2370 rempublicam
428 2315 588 2370 capessere
600 2303 790 2369 molientum
803 2306 831 2355 et
842 2317 919 2356 num.
934 2305 965 2356 lo
978 2303 1051 2356 morl.
1065 2305 1126 2369 post
1142 2301 1226 2355 verba
1244 2300 1340 2356 bomir

183 2403 340 2470 encopnuo
361 2403 449 2468 (ibin,
475 2417 502 2468 p.
521 2404 580 2468 6³2)
602 2419 609 2454 ε
629 2405 660 2456 et
678 2401 792 2457 iccirco
812 2402 957 2470 deinceps
976 2402 1212 2457 obsonatorum
1232 2415 1340 2458 mentor

191 2500 310 2577 Varium
323 2500 448 2568 Nipaaii
459 2505 651 2568 nunorrpoto

283 2599 321 2674 7⁰
337 2601 453 2676 Actus
471 2599 593 2677 sancti
612 2600 737 2678 Lucae
755 2600 1011 2701 evangelistae
1029 2599 1110 2693 (fol.
1134 2599 1301 2699 l8V-Dl'l.

217 2734 312 2784 Sermo
337 2731 411 2784 Pauli
428 2731 537 2784 Diaconi
556 2732 585 2783 in
603 2732 686 2784 natali
699 2733 725 2784 s.
739 2735 837 2796 Lucae,
850 2731 896 2785 ed.
917 2734 943 2785 P.
957 2734 998 2798 1..‚
1011 2737 1076 2784 tom.
1091 2734 1162 2797 xcv,
1176 2747 1205 2798 p.
1226 2734 1340 2797 lbbbbb.

186 2828 370 2883 additamento
384 2835 478 2883 notato
491 2831 518 2883 in
532 2834 626 2883 nostro
642 2832 738 2884 Cotal.
752 2818 864 2897 Brun„
879 2836 944 2883 torn.
962 2832 981 2897 l,
996 2845 1022 2896 p.
1038 2831 1077 2896 18,
1091 2836 1118 2882 et
1129 2830 1217 2883 altero
1229 2831 1340 2884 additan

184 2930 214 2981 in
226 2928 290 2993 tino,
298 2929 345 2981 ubi
358 2930 474 2995 explieat
485 2935 579 2982 auctor
586 2942 635 2981 our
645 2931 733 2982 Lucae
744 2930 848 2996 species
860 2929 936 2981 rituli
946 2930 1082 2982 tribuatur
1090 2933 1117 2982 et
1126 2943 1198 2996 quae
1211 2931 1299 2997 magis
1307 2944 1340 2996 pn

183 3029 219 3081 ile
229 3031 293 3080 lesu
305 3029 420 3080 Domino
434 3030 586 3082 narraverit
597 3031 623 3081 S.
637 3032 723 3081 Lucas
735 3030 763 3080 in
781 3029 921 3095 evangelio
934 3043 983 3081 suo
997 3030 1123 3083 distincte
1135 3034 1222 3085 notat.

284 3126 321 3202 8⁰
337 3131 347 3221 i
351 3125 527 3227 Sulpicii]
546 3127 674 3205 Severi
703 3126 752 3204 de
778 3127 856 3205 vita
873 3127 994 3205 sancti
1013 3126 1165 3205 Martini
1185 3126 1314 3229 [liber]
1333 3135 1340 3213 t

333 3249 498 3349 ill-Divi,
519 3250 682 3352 epistola
701 3250 752 3326 ad
769 3250 981 3328 Eusebium
996 3249 1271 3350 presbyterum
1285 3273 1340 3351 po:

335 3374 563 3474 episcopum
583 3372 661 3466 (fol.
683 3372 855 3469 322332),
873 3372 1038 3474 epistola
1052 3372 1102 3449 ad
1115 3373 1320 3452 Aurelium
1337 3410 1340 3437 ‹

336 3520 474 3574 oonern
489 3496 568 3588 (t'ol.
582 3496 752 3591 33⁹-35n,
765 3496 928 3596 epistola
943 3496 993 3572 ad
1006 3518 1162 3573 socrum
1176 3518 1287 3575 suam
1304 3497 1340 3574 B:

336 3618 428 3708 larn,
449 3619 616 3720 qualiter
633 3628 788 3698 sanctus
804 3606 988 3697 Martinus
1015 3618 1064 3697 de
1082 3619 1157 3696 hoo
1175 3619 1329 3699 mundo

337 3742 459 3842 gravit
476 3742 559 3828 (fol.
581 3743 754 3834 35236').
1260 3830 1266 3838 ,

197 3937 199 3940 Υ
222 3873 270 3925 Ed.
285 3875 313 3926 Ρ.
326 3876 366 3938 L.,
380 3878 445 3925 tonr.
461 3874 512 3940 lix,
525 3885 552 3939 p.
568 3875 667 3927 libel.
680 3874 760 3926 Libro
778 3874 813 3926 de
833 3876 890 3927 vita
908 3874 1090 3939 praemittitur
1103 3871 1187 3925 index
1206 3873 1340 3938 capitulor

288 3970 326 4045 9ο
342 3970 542 4071 [Excerpta
556 3995 577 4048 e
592 3972 776 4072 Gregorio
796 3972 1009 4050 Turonensi
1030 3971 1079 4048 de
1097 3969 1222 4071 gloria
1240 3981 1340 4071 posti

339 4102 376 4177 s.
398 4102 562 4197 uarum]
582 4103 660 4190 uu.
682 4103 860 4204 sor-ao).

223 4232 302 4285 Hist.
316 4234 378 4298 lla,
392 4233 439 4285 lib.
452 4246 471 4295 1,
485 4247 543 4300 cap.
557 4235 605 4286 ult.
619 4239 646 4286 et
657 4235 700 4287 De
710 4235 878 4288 miraculis
896 4236 923 4288 S.
936 4235 1078 4303 Martini,
1093 4237 1141 4290 lib.
1154 4249 1173 4304 1,
1186 4250 1267 4304 capp.
1282 4239 1340 4300 bb

293 4331 353 4408 100
378 4332 567 4434 [Sulpicii]
595 4333 723 4413 Severi
755 4334 901 4436 dialogi
933 4336 973 4411 in
1003 4337 1082 4414 uita
1115 4338 1238 4415 sancti
1271 4337 1340 4414 Mai

344 4457 423 4552 uu.
445 4458 618 4559 aanor).

224 4590 271 4644 ro.
286 4593 313 4644 Ρ.
328 4593 368 4646 L..
382 4596 400 4642 t.
414 4593 465 4654 llll,
479 4606 505 4658 p.
520 4593 637 4646 rao-222.
650 4592 768 4660 Singulis
780 4592 895 4660 uialogis
908 4593 1089 4660 praemittitur
1102 4594 1185 4648 index
1198 4595 1340 4662 capitulor
