3156 5452
294 340 385 390 aran.
405 339 487 390 nar.
507 339 623 389 rums.
642 360 687 370 —
702 339 856 390 manno.
875 340 922 389 nn
939 339 1017 390 ceu.
1037 338 1101 389 ocos
1117 341 1153 389 n.
1271 323 1338 388 345

140 508 240 577 aphaca
258 509 339 562 altius
351 512 534 576 propagantur
546 512 572 561 et
582 507 668 576 gloria
680 508 847 562 vincentium
864 509 1009 574 triumphis
1028 508 1159 562 evehitur.
1174 508 1224 572 Qui
1235 507 1264 561 in
1276 508 1320 560 vic

140 610 214 662 ribus
222 609 433 673 vineitsemper,
442 608 562 672 ipsenon
576 607 711 670 vincitur3
725 612 751 658 ct
764 608 786 658 si
798 606 952 659 laudandus
961 611 1003 659 est
1012 607 1152 672 Dominus,
1163 611 1194 659 ut
1203 607 1334 672 scriptum

139 715 159 774 t,
172 710 202 760 in
215 708 316 760 sanctis
329 706 394 770 suis,
407 707 435 758 in
456 707 555 773 quibus
567 706 739 772 potissimum
752 705 907 760 laudandus
919 708 971 759 erit
989 708 1041 759 nisi
1056 707 1083 759 in
1097 707 1130 758 iis
1142 719 1211 774 quos
1225 705 1259 759 ad
1272 718 1336 760 con·

140 813 242 874 mptum
255 806 350 858 mortis
370 804 432 858 lidei
443 806 518 859 calor
539 810 566 859 et
586 806 644 872 spei
656 805 763 858 futurae
777 806 924 859 infractum
945 807 1029 859 robur
1047 805 1170 868 armavit,
1184 807 1212 858 in
1226 806 1337 873 quibus,

148 908 242 960 verius
262 906 361 970 dicam,
374 906 431 971 ipse
452 906 541 970 potius
559 905 696 957 dimicavit
712 911 739 958 et
759 905 844 957 vicit?
855 907 1095 958 communicemus
1115 918 1180 973 ergo
1198 910 1260 959 veta
1276 918 1339 958 cum

140 1008 220 1071 netis,
231 1019 349 1073 quorum
361 1019 377 1057 a
389 1004 468 1058 nobis
477 1004 640 1058 celebranda
654 1005 785 1058 momoria
797 1010 838 1057 est
850 1009 945 1058 saneta
957 1009 982 1057 et
993 1018 1041 1070 per
1050 1005 1143 1057 omnia
1152 1005 1338 1070 venerabilis;

148 1106 237 1171 siper
257 1104 442 1157 indomitatem
456 1105 546 1158 carnis
565 1105 664 1156 imitari
686 1110 732 1156 aut
753 1105 852 1157 mereri
875 1117 931 1158 non
955 1117 1112 1170 possumus,
1125 1108 1156 1157 ut
1177 1104 1301 1158 similiter
1313 1110 1341 1157 et

140 1219 160 1258 vs
172 1205 225 1270 ipsi
245 1204 377 1268 vivamus,
390 1204 485 1256 saltem
506 1203 728 1270 congaudeamus
746 1203 832 1270 passis
845 1209 872 1256 et
892 1203 1068 1269 spiritualiter
1089 1217 1164 1256 nunc
1184 1217 1254 1270 quae
1274 1209 1339 1257 sunt

140 1304 306 1357 vincibiliter
317 1307 392 1372 gesta
405 1303 601 1369 praedicemus,
617 1307 686 1355 utet
699 1316 749 1356 nos
761 1317 823 1356 eum
836 1306 891 1356 beo
900 1316 1031 1356 canamus
1040 1303 1141 1368 pariter
1152 1307 1179 1356 et
1191 1303 1316 1357 dicamus
1329 1320 1336 1355 :

140 1404 272 1459 saltavit
286 1404 432 1456 Dominus
452 1416 549 1457 cornu
556 1403 668 1471 popuii
687 1403 746 1471 sui,
760 1405 830 1457 laus
848 1403 987 1456 omuibus
1005 1403 1121 1458 sanctis
1138 1403 1213 1468 cius,
1227 1408 1257 1456 ut
1268 1407 1338 1458 licus

140 1504 294 1568 unipotens,
307 1503 354 1567 qui
373 1501 463 1555 studio
477 1501 539 1554 ildei
558 1515 622 1555 suae
635 1516 650 1554 a
664 1503 743 1556 nobis
764 1501 838 1555 videt
851 1508 1000 1568 martyrum
1020 1502 1136 1568 proferri
1155 1503 1241 1570 signa,
1255 1503 1336 1555 virtu·

141 1616 167 1654 m
181 1602 314 1654 retribuat
334 1614 482 1669 congruam
495 1615 557 1654 eum
569 1601 714 1654 devotione
736 1604 901 1656 mercedem.
916 1604 989 1656 inter
1001 1616 1097 1655 omnes
1110 1615 1229 1669 namque
1240 1603 1340 1655 beatis·

140 1712 192 1753 nos
205 1700 278 1752 viros
289 1712 358 1765 quos
371 1699 549 1764 triumphales
571 1700 697 1765 pulvinar
709 1700 805 1753 extulit
824 1701 1001 1754 admirandae
1018 1701 1199 1764 constantiae,
1213 1713 1339 1768 magnam

140 1805 173 1853 lto
185 1799 301 1865 gloriam
323 1799 495 1851 seminarum.
516 1799 650 1864 buplicari
672 1801 748 1852 enim
760 1801 879 1853 arbitror
899 1801 927 1853 in
941 1802 1051 1853 leminis
1071 1800 1146 1867 quod
1167 1799 1294 1854 laudatur
1309 1801 1336 1853 in

140 1899 180 1950 n's.
195 1901 254 1951 Uno
266 1898 340 1949 enim
353 1897 555 1963 quodammodo
567 1899 653 1965 gradu
666 1912 680 1950 u
693 1900 758 1951 viris
771 1899 887 1952 sortibus
904 1900 933 1951 in
947 1901 1117 1965 passionibus
1129 1900 1204 1952 solus
1218 1907 1332 1952 naturae

141 2003 253 2063 peratur
272 1995 402 2061 allectus3
416 2010 431 2048 a
445 1996 553 2048 lerninis
573 2009 637 2049 vero
650 2002 678 2049 et
694 1995 807 2050 allectus
819 1999 992 2063 proculcatur
1011 2003 1038 2050 et
1051 2011 1140 2051 sexus.
1155 1999 1261 2052 liabent
1273 2010 1336 2062 ergo

155 2109 244 2148 mares
258 2101 285 2147 et
305 2095 422 2147 feminae
444 2095 517 2161 quod
539 2095 637 2148 imitari
651 2110 707 2149 non
728 2096 855 2165 pigeant;
878 2098 942 2163 quia
963 2098 1037 2163 quod
1057 2097 1122 2150 vlris
1143 2096 1285 2149 confertur
1305 2097 1338 2149 ad

140 2195 231 2262 odem,
242 2195 398 2263 geminatur
410 2195 519 2247 leminis
531 2194 566 2247 ad
579 2197 722 2260 bonorem,
735 2203 817 2263 atque
834 2198 871 2250 ita
884 2196 955 2249 litut
974 2196 1048 2264 quod
1062 2198 1114 2250 viri
1127 2197 1298 2250 admirantur
1311 2198 1339 2248 in

140 2297 181 2361 ris,
195 2295 224 2346 id
245 2297 327 2348 etiam
349 2296 466 2348 feminae
488 2295 659 2349 admirentur
672 2297 700 2348 in
722 2296 840 2349 leminis.
855 2297 950 2349 liulier
972 2297 1056 2362 enim,
1073 2310 1123 2362 per
1143 2310 1225 2362 quam
1248 2296 1336 2362 prime

140 2395 236 2448 abolus
245 2394 379 2447 didicerat
390 2396 509 2460 vincere,
521 2409 595 2449 nunc
604 2397 638 2449 de
648 2396 758 2449 diabolo
768 2396 907 2449 invenitur
917 2409 966 2462 per
975 2397 1134 2463 martyrium
1143 2396 1336 2461 triumphasse.

140 2498 225 2546 luctae
236 2495 318 2560 igitur
330 2495 422 2546 salsae
443 2497 603 2562 martyrium
617 2497 768 2562 locuturus,
783 2509 861 2548 serus
881 2495 1002 2562 quidem,
1015 2501 1148 2562 quantum
1161 2500 1271 2560 tempus
1283 2493 1339 2546 dic·

140 2593 184 2657 vit,
196 2599 321 2646 narrator
334 2593 476 2659 invenier;
487 2594 536 2647 sed
550 2595 632 2647 luerit
644 2594 672 2645 in
683 2596 734 2648 boc
745 2608 801 2648 non
811 2596 933 2664 ignaviae
946 2596 1046 2662 [eulpa]
1056 2594 1103 2648 sed
1113 2595 1253 2659 scientiae,
1264 2593 1338 2661 quod

140 2694 255 2757 culmus,
268 2705 320 2745 nec
334 2692 475 2745 socordiae
488 2694 530 2746 vel
552 2694 674 2746 incuriae
687 2695 734 2747 sed
756 2695 925 2763 ignorantiae
943 2695 1083 2747 silentium
1104 2693 1264 2759 deputatum
1285 2698 1336 2745 est.

140 2792 160 2844 oi
172 2792 249 2844 cordi
263 2798 355 2845 nostro
376 2793 506 2845 scitorum
520 2793 606 2847 relatu
628 2794 734 2846 semina
746 2792 881 2859 quaedam
901 2800 966 2846 sunt
984 2793 1189 2847 reconditarum
1201 2792 1338 2845 insinuata

140 2893 246 2954 rtutum,
261 2891 343 2943 malui
357 2892 514 2944 temeritatis
525 2892 600 2959 argui
621 2905 703 2958 quam
721 2893 911 2945 taciturnitatis
923 2905 993 2945 noxa
1013 2891 1149 2946 damnari.
1164 2891 1333 2945 Excusabilis

139 2992 185 3043 vim
197 2990 312 3044 edicitur
324 2992 477 3060 ignorantia
489 3007 551 3046 eum
565 2992 697 3047 scientiae
711 3007 767 3046 non
779 2993 943 3047 adscribitur
961 2995 1052 3060 culpa,
1065 2998 1093 3047 et
1104 2999 1169 3046 tunc
1187 2993 1221 3047 ad
1233 2997 1339 3047 reatum

140 3092 307 3160 instringitur
327 3094 493 3146 conscientia
505 3107 567 3146 cum
580 3106 613 3146 ea
633 3107 703 3161 quae
716 3100 780 3146 sunt
792 3093 956 3160 publicanda
977 3093 1135 3160 palpaverit.
1150 3093 1270 3160 ideoque
1292 3093 1338 3159 qui

142 3192 197 3244 mel
218 3191 333 3245 fideliter
353 3193 494 3245 hausimus
505 3205 576 3260 quae
596 3198 688 3247 mente
708 3194 883 3258 serbivimus,
897 3205 968 3259 quae
989 3193 1033 3258 pio
1055 3205 1149 3246 amore
1160 3192 1337 3258 concepimus

140 3295 309 3355 tutaremus,
322 3297 352 3344 ut
372 3298 399 3344 et
410 3293 536 3361 genitalis
556 3298 665 3346 nostroe
682 3294 770 3345 vicem
790 3293 819 3345 in
842 3293 933 3359 aliquo
954 3267 1137 3357 rependamus
1158 3291 1290 3346 ecelesiae
1311 3297 1339 3345 et

142 3391 272 3443 rnaculae
285 3393 410 3460 martyris
422 3393 573 3446 referamus
587 3393 747 3459 simpliciter
760 3406 824 3446 eum
839 3391 967 3446 laudibus
979 3392 1146 3457 passionem.

143 3489 175 3543 2.
188 3491 249 3543 Fuit
260 3505 379 3560 namque
390 3492 584 3562 gloriosissima
595 3494 761 3546 seminarum
771 3493 944 3559 Tipasitanae
956 3491 1033 3543 urbis
1047 3490 1185 3557 indigena,
1196 3503 1227 3543 ac
1236 3490 1341 3556 primae

142 3590 203 3642 tatis
216 3589 378 3643 rudimentis
395 3591 510 3655 imbuta,
522 3592 603 3645 annis
616 3593 672 3644 lere
683 3604 741 3645 nun
760 3596 834 3653 nata,
848 3589 896 3643 sed
907 3591 964 3657 jam
978 3590 1100 3656 martyrii
1120 3588 1248 3643 felicitate
1260 3603 1340 3659 gran·

140 3700 212 3752 leva,
226 3687 317 3739 minor
336 3687 370 3740 ad
384 3702 512 3755 pugnam,
526 3689 613 3755 major
629 3689 664 3741 ad
682 3689 807 3757 gloriam,
830 3687 983 3754 provectior
1001 3685 1036 3739 ad
1056 3699 1196 3750 coronam,
1218 3692 1245 3739 ct
1267 3686 1340 3753 quod

140 3789 199 3845 inor
211 3787 375 3839 cernebatur
386 3787 415 3838 in
436 3788 604 3853 temporibus
618 3789 722 3852 aetatis,
736 3788 887 3852 perlectum
910 3787 1044 3839 emicabat
1061 3786 1089 3836 in
1112 3786 1268 3839 ostensione
1289 3786 1340 3838 vir·

140 3889 184 3948 tis,
199 3889 227 3939 in
248 3892 354 3938 tantum
372 3887 472 3939 donata
495 3890 547 3940 beo
570 3892 599 3939 ut
609 3889 664 3953 jam
687 3893 758 3940 esset
780 3887 978 3953 praedestinata
1000 3887 1147 3953 niartvri03
1164 3891 1191 3938 et
1210 3888 1340 3952 quoniam

140 3989 215 4040 triste
227 3988 256 4038 in
269 3988 396 4039 omnibus
409 4000 486 4039 suam
499 3994 708 4040 consecraverat
727 3993 857 4050 mentem,
869 3990 933 4038 aute
949 3999 1037 4038 annos
1050 3984 1222 4038 otmundum
1235 3986 1342 4052 procul-

141 4089 179 4141 vil
190 4092 218 4138 et
232 4100 354 4152 carnem,
366 4092 504 4153 spreverat
517 4088 563 4140 illa
575 4101 671 4140 omues
685 4089 838 4141 inlecebras
857 4062 1039 4139 saecularium
1052 4087 1234 4152 voluptatum,
1250 4091 1340 4138 natam

151 4186 266 4239 sciendo
279 4199 334 4238 non
347 4186 474 4246 saeculo;
488 4192 631 4238 cesserunt
643 4187 713 4239 bella
726 4200 789 4239 curn
804 4186 884 4247 vitiis,
896 4192 922 4238 ct
932 4185 1062 4239 adversus
1072 4199 1168 4238 omnes
1177 4185 1341 4250 cupiditates

139 4287 207 4338 undi
219 4285 406 4352 spiritualibus
419 4299 526 4352 semper
539 4287 661 4338 excubiis
683 4287 815 4339 militavit.
830 4288 866 4338 ilc
879 4299 913 4338 nc
927 4286 1044 4352 quisque
1065 4286 1190 4337 aestimet
1203 4288 1342 4339 sermonis

140 4386 230 4439 valeris
243 4390 350 4450 compta
368 4386 473 4452 jactari,
488 4386 645 4438 consideret
663 4399 718 4452 quo
731 4385 856 4438 tenderet
877 4385 1019 4452 laurigeris
1040 4385 1153 4437 saltibus
1173 4384 1298 4451 gradum,
1314 4393 1341 4439 et

140 4486 235 4537 ,veniel
257 4497 311 4535 non
333 4498 365 4536 ex
385 4485 458 4536 vitiis
478 4485 524 4538 sed
546 4486 580 4538 de
600 4487 744 4538 virtutibus
765 4485 902 4537 traducari
926 4485 1096 4550 martyrium.
1110 4486 1240 4537 llarimus
1262 4486 1341 4538 enim

141 4585 254 4654 boren,
267 4597 328 4636 cum
349 4585 382 4636 ad
402 4586 503 4652 fastigia
525 4586 596 4639 celsa
617 4584 819 4652 conscenditur,
841 4598 892 4637 nec
914 4588 1004 4659 potest
1025 4584 1060 4638 ad
1081 4599 1220 4638 summum
1235 4585 1340 4661 apicem
