3136 5482
175 318 242 386 380
513 335 640 386 cornu.
659 335 761 385 conn.
780 336 954 387 morcon.
974 336 1056 387 nes.

208 506 240 558 4.
252 508 390 560 Postremo
403 507 449 558 liei
464 504 637 558 ordinatione
649 518 695 557 rex
709 519 771 558 cum
783 519 834 558 suo
846 505 966 558 exercitu
978 505 1053 558 venit
1065 507 1100 559 ad
1112 505 1204 560 locum
1219 519 1295 574 quem
1306 508 1372 561 [toni-

176 619 230 660 nus
241 605 289 659 illo
301 618 382 659 caeco
395 605 442 672 qui
455 605 624 659 illuminatus
635 602 725 659 iuerat
733 605 862 658 ostendit.
875 604 996 672 Regulus
1007 618 1072 659 vero
1085 607 1236 660 monachus
1247 608 1368 660 aconsun·

175 705 354 771 tinopolitana
367 704 436 758 urbe
446 705 607 771 peregrinus
621 706 677 771 regi
689 705 807 758 obviavit
819 719 881 758 cum
900 705 1025 772 reliquiis
1037 706 1126 759 sancti
1138 705 1261 760 Andreae
1275 706 1366 773 aponi.

174 818 242 872 quas
254 818 347 858 secum
365 803 429 857 ilinc
442 805 495 857 huc
507 804 668 871 adduxerat,
682 805 716 859 ad
729 811 835 871 portam
848 817 919 870 quae
930 805 1032 858 dicitur
1042 806 1143 866 liutba,
1156 805 1185 858 id
1196 810 1237 859 est
1246 804 1363 859 lordum.

174 905 365 958 salutaverunt
377 918 406 957 se
418 905 533 958 inuicem
547 906 620 959 ciues
633 910 660 958 et
671 906 791 973 hospites
803 910 885 971 atque
898 906 1015 958 tentoria
1027 904 1066 958 ibi
1080 904 1200 958 suxerunt
1211 906 1255 959 ubi
1271 918 1327 959 nunc
1335 906 1384 957 esti

174 1004 235 1057 aula
248 1005 329 1072 regis.
343 1007 398 1057 lieu
410 1017 474 1058 uero
488 1007 579 1073 lingus
593 1006 666 1058 hunc
679 1005 769 1058 locum
782 1009 809 1058 et
821 1005 891 1058 bano
903 1004 1039 1057 civitatem
1052 1006 1107 1057 beo
1120 1005 1292 1072 omnipotenti
1305 1016 1362 1056 senc·

176 1109 257 1170 toque
269 1104 395 1158 Andreae
406 1105 529 1170 apostolo
541 1118 572 1158 ea
585 1119 695 1171 semper
707 1105 832 1159 libertate
850 1104 926 1158 dedit
942 1110 972 1158 ut
992 1105 1027 1156 sit
1044 1111 1126 1171 caput
1143 1111 1170 1158 et
1183 1104 1360 1159 materonuiun

174 1204 351 1258 ecclesiarum
363 1218 433 1271 quae
446 1209 510 1256 sunt
523 1206 551 1256 in
573 1218 657 1272 regno
677 1204 824 1258 Pictorum.
838 1203 878 1257 ld
895 1203 976 1257 istam
997 1204 1072 1257 enim
1084 1205 1221 1258 civitatem
1232 1202 1360 1259 eonsenimt

173 1304 310 1371 peregrini
323 1303 446 1370 palmarii
459 1303 493 1357 de
504 1303 666 1369 Jerusalem,
680 1304 804 1367 Romani,
817 1302 921 1368 Graeci,
934 1303 1065 1368 Armenii,
1085 1303 1238 1365 Tbeutonii‚
1248 1298 1357 1357 simun.

172 1406 302 1469 Saxones,
317 1403 393 1465 bani,
407 1403 547 1469 Gallicani,
561 1403 637 1470 (lolli,
651 1402 764 1470 Angliei.
779 1403 912 1466 britones,
926 1401 976 1454 viri
995 1407 1024 1455 et
1035 1402 1167 1467 feminae,
1180 1401 1269 1455 divites
1278 1397 1357 1465 etprin-
1368 1396 1389 1448 lt

173 1503 256 1569 cipes,
269 1504 328 1556 sani
341 1515 455 1569 corpore
467 1509 495 1557 et
506 1505 589 1571 aegri,
603 1502 692 1555 claudi
705 1508 733 1556 et
741 1503 824 1569 caeci,
837 1503 865 1555 in
878 1502 956 1569 equis
969 1508 996 1555 et
1004 1502 1133 1556 curribus
1143 1501 1245 1555 debiles
1255 1496 1356 1553 buc-dele

173 1607 271 1656 runtur
283 1608 364 1670 atque
386 1617 436 1669 per
456 1603 503 1656 bei
520 1602 735 1656 misericordiam
752 1602 787 1655 ad
804 1604 936 1657 honorem
957 1607 985 1656 ei
1003 1602 1118 1670 gloriam
1140 1604 1183 1656 sui
1201 1595 1357 1656 summistudi

29 1702 37 1720 '
49 1701 114 1778 cod.
170 1702 284 1769 apostoli
294 1703 420 1756 Andreae
432 1702 648 1768 perfectissime·
661 1708 800 1755 curantur.
816 1703 932 1754 Virtutes
944 1708 972 1754 et
982 1701 1060 1769 signa
1072 1708 1101 1754 et
1111 1699 1306 1755 innumerabilia
1315 1706 1356 1763 pro

8 1767 161 1822 s⁰⁵¹¹⁵⁵¹¹¹¹e·
171 1799 242 1870 digia
255 1815 395 1867 persuum
408 1810 531 1855 sanetum
544 1801 696 1869 apostolum
709 1802 844 1854 Andream
864 1802 994 1855 bominus
1012 1801 1086 1867 iecit,
1107 1801 1152 1855 bic
1165 1801 1226 1854 facit
1235 1798 1355 1854 etinctum

171 1905 222 1965 est,
236 1914 306 1967 quae
319 1901 430 1954 hicnon
444 1906 558 1968 possunt
570 1902 662 1955 scribi.
1365 1888 1386 1942 ¹³

204 2000 236 2052 5.
249 2000 367 2067 llegulus
378 2013 444 2054 uero
454 2001 539 2054 abbas
551 2007 632 2068 atque
645 2002 795 2055 monachus
816 2015 879 2054 cum
901 2002 958 2054 suis
974 2003 1046 2054 caris
1062 2002 1208 2055 comitibus
1222 1991 1355 2052 habitantia

172 2099 230 2152 loco
243 2100 302 2167 isto,
316 2100 345 2150 in
355 2100 513 2153 monachica
525 2101 578 2153 vita
591 2102 712 2154 serviens
725 2103 780 2154 beo
789 2101 833 2153 dio
846 2114 878 2154 ao
893 2106 973 2154 nocte
987 2102 1014 2152 in
1025 2100 1169 2154 sanctitate
1178 2105 1204 2153 et
1217 2098 1302 2165 justitia
1308 2104 1354 2145 tti-

170 2198 221 2250 ctis
232 2199 329 2251 diebus
341 2201 412 2252 vitae
425 2212 500 2253 suae.
511 2202 631 2263 Quorum
642 2213 756 2266 corpora
767 2200 809 2252 bic
822 2200 1009 2266 requiescunt.
1021 2201 1074 2253 iste
1089 2200 1206 2266 Regulus
1216 2198 1303 2251 tertiam
1312 2202 1352 2258 utr-

171 2301 224 2349 tem
237 2300 320 2351 totius
332 2300 438 2352 scotiae
448 2300 477 2351 in
488 2313 571 2352 manu
584 2312 631 2352 sua
645 2304 674 2352 et
683 2305 814 2367 potestate
825 2300 920 2353 habuit
930 2307 958 2353 et
971 2314 1020 2366 per
1032 2300 1156 2353 abbatias
1167 2297 1351 2357 ordinatumque

170 2399 318 2452 distribuit.
330 2400 417 2452 uatrra
430 2399 475 2452 ma
488 2400 622 2465 siquenm
636 2398 727 2463 aletis,
741 2400 837 2465 scotis,
848 2401 934 2465 nucis,
944 2400 1181 2469 norguagenmus
1190 2383 1381 2462 aasumensi

79 2492 84 2503 '
102 2527 109 2543 ·
169 2498 203 2551 ad
215 2499 376 2551 vastandum
390 2499 508 2551 insulam
520 2499 719 2566 applicuerant,
732 2500 784 2551 situ
798 2499 920 2552 locorum
934 2498 1149 2566 amoenitatique
1160 2498 1292 2565 panentu
1304 2491 1324 2542 tl
1334 2480 1356 2536 is

168 2598 316 2664 aliquando
329 2599 425 2667 refugii
434 2612 502 2665 opus
515 2600 620 2665 fuisset,
635 2605 722 2651 tutum
736 2599 939 2667 receptaculum
952 2599 992 2652 cis
1001 2611 1111 2666 semper
1120 2596 1274 2665 praestabat,
1280 2594 1349 2644 etscsc

168 2697 311 2749 introeam
325 2698 403 2763 quasi
416 2698 444 2749 in
457 2699 566 2764 propria
578 2702 665 2750 eastra
678 2702 853 2763 receperunt.

423 2797 639 2866 (Adrumpitur
651 2796 701 2852 llic
712 2797 850 2865 scrtpiio,
863 2797 987 2864 reliquo
999 2795 1079 2864 solio
1090 2809 1190 2852 vocito
1200 2790 1303 2849 relictui·

366 3208 531 3297 ccxiii.
555 3207 679 3297 Codex
709 3210 897 3316 signatus
928 3234 1040 3298 num.
1066 3208 1189 3299 4212.

198 3424 267 3476 Olim
279 3424 404 3477 coenobii
417 3424 623 3489 moissiacensis,
635 3424 736 3477 deinde
748 3399 922 3477 colbertinus
933 3424 992 3489 oue,
1001 3428 1096 3488 postea
1107 3424 1203 3492 Regius
1213 3423 1236 3473 G.
1244 3399 1342 3470 ΜΝ·

198 3524 334 3576 sonorum
358 3525 414 3588 ise,
429 3524 500 3575 meu.
519 3524 737 3588 (comunem),
759 3522 858 3590 partlm
879 3521 935 3586 (rol.
950 3524 1043 3585 urso),
1059 3522 1141 3575 nnels
1161 3518 1241 3588 plenis
1256 3502 1342 3565 ntuli

166 3635 237 3675 saec.
253 3625 281 3684 ll,
297 3623 395 3688 partim
407 3623 463 3685 (sol.
480 3624 597 3686 lor-ise)
608 3623 745 3675 columnis
760 3621 833 3676 binis
845 3636 916 3675 saec.
931 3621 985 3672 llll.

264 3718 359 3819 [vita
377 3719 498 3797 sancti
518 3719 725 3819 Ambrosii]
743 3719 819 3820 (iol.
844 3718 1062 3819 ldis-llll).

197 3854 312 3905 ductore
326 3851 449 3917 Paulino,
463 3851 506 3905 ed.
520 3855 549 3904 P.
562 3855 602 3916 L„
616 3858 682 3906 tom.
696 3855 760 3918 xlv,
774 3866 800 3918 p.
814 3854 896 3907 27-46.

369 4261 529 4349 ccxlv,
554 4261 680 4349 Codex
710 4265 899 4373 signatus
923 4290 1035 4356 num.
1061 4268 1184 4356 4214.

194 4473 260 4525 Olim
283 4475 408 4527 coenobii
434 4475 725 4543 fulcardimontensis,
739 4478 839 4531 deinde
859 4479 1032 4532 colbertinus
1053 4482 1129 4541 idol,
1141 4442 1331 4547 posteaneiiffic·

161 4571 234 4623 5750.
248 4570 273 4624 b.
288 4570 314 4625 b.
