3136 5482
168 337 235 404 586
512 318 637 403 curun.
657 352 760 402 copo.
779 352 954 402 nuaroen.
973 352 1055 402 nar.

265 521 306 598 2⁰
324 522 454 600 Passio
485 531 710 601 sanctorum
741 523 914 601 Processi
947 533 985 601 et
1010 522 1226 600 Martiniaui
1251 531 1356 620 marty·

313 667 415 734 rutn,
436 668 535 747 quae
555 653 612 723 est
629 655 735 723 sexta
753 668 875 724 nonas
889 645 978 745 julii
996 647 1092 746 (pag.
1114 644 1250 746 aaut).

199 775 248 829 Ed.
261 776 325 829 Act.
341 776 398 843 SS.‚
412 777 446 829 ad
459 776 485 830 d.
500 778 592 838 itui.³
610 783 677 831 torn.
690 779 711 841 i,
725 793 751 844 p.
766 780 849 832 mot.

264 873 304 951 3⁰
324 874 523 954 Gloriosus
541 885 579 955 et
596 902 618 954 a
645 877 724 956 Deo
757 875 971 978 dispositus
988 876 1178 955 adventus
1196 877 1235 953 in
1251 898 1357 955 66616

313 997 381 1078 bio
400 999 635 1078 Floriacensi
650 1001 722 1078 rite
740 1009 877 1079 vocato
897 1000 1009 1078 electi
1027 1007 1065 1078 et
1082 998 1283 1101 praeelecti
1294 1005 1357 1074 ante

313 1123 444 1201 omnia
462 1125 616 1202 saecula
634 1124 833 1202 Benedicti
852 1124 974 1225 patris
988 1124 1122 1201 eximii
1141 1125 1235 1224 (pag.
1252 1119 1355 1215 aaut

199 1257 302 1308 Relatio
312 1258 467 1324 conscripta
476 1259 510 1310 ait
523 1257 677 1324 idatiano,
691 1258 736 1311 ed.
750 1259 815 1312 Act.
828 1257 888 1325 SS.,
901 1257 976 1310 add.
989 1260 1019 1310 tt
1031 1261 1118 1321 itart,
1132 1263 1198 1310 torn.
1213 1259 1254 1322 lii,
1266 1255 1357 1322 puoto

165 1356 212 1408 sed
233 1355 374 1407 nonnullis
395 1357 423 1408 in
436 1357 497 1409 cod.
512 1356 612 1410 additis
633 1361 660 1410 et
680 1358 845 1410 lectionibus
856 1357 1024 1410 variantibus
1037 1362 1068 1410 ut
1080 1357 1108 1409 in
1127 1352 1358 1410 contenderunt

162 1455 265 1520 (Attal.
279 1454 370 1520 Boiu,
386 1460 450 1507 tom.
465 1459 494 1519 Ι,
509 1471 535 1522 p.
549 1458 608 1520 525,
624 1458 685 1522 ii0).

260 1549 300 1625 l⁰
319 1549 456 1631 Sermo
475 1553 612 1632 doinni
644 1553 791 1633 Odonis
821 1553 1064 1634 venerandae
1096 1547 1358 1631 memoriaeati

310 1673 411 1753 batis
430 1676 470 1753 in
503 1678 687 1756 omnibus
706 1679 814 1756 festis
832 1678 1019 1779 legendus
1036 1677 1235 1754 Benedicti
1252 1669 1356 1754 eximii

309 1798 431 1899 patris
447 1800 543 1902 (pag.
565 1801 705 1902 50-57).

195 1928 243 1981 Ed.
257 1943 300 1995 ap.
314 1932 436 1997 llarrier,
448 1932 526 1986 Btot.
541 1934 639 2000 Cltm„
653 1950 680 2000 p.
696 1936 795 1988 ttoni.
810 1937 839 1987 in
853 1933 907 1987 tine
920 1951 926 1986 :
941 1933 1191 2002 Explioitocrmo
1203 1931 1299 1987 donini
1308 1926 1358 1982 Odi

160 2028 212 2081 rtis
217 2028 295 2095 piae
305 2031 474 2084 rncotoriac
485 2031 604 2085 obbatis
617 2033 828 2088 Floriacenot's
839 2034 984 2089 coenobii.

257 2126 297 2202 5⁰
315 2127 398 2205 Vita
419 2128 521 2207 beati
546 2129 741 2232 Carilephi
773 2132 1018 2230 confessoris,
1040 2135 1152 2233 quus
1168 2123 1356 2209 venerabile

306 2273 448 2353 corpus
467 2255 676 2355 requiescit
694 2256 734 2331 in
752 2256 932 2334 Anisolae
949 2256 1200 2346 monasterio,
1217 2252 1356 2332 celebra·

307 2382 447 2476 turque
478 2380 561 2478 ejus
596 2378 781 2458 festivitas
817 2380 881 2457 die
912 2380 1169 2458 kalendarum
1199 2379 1354 2480 jutarum

305 2498 401 2599 [pag.
423 2500 555 2603 tit-tit).

192 2631 224 2681 ut
237 2629 264 2680 tn
278 2629 338 2682 con.
352 2633 426 2700 6166,
439 2635 484 2686 aar
495 2626 637 2704 (supra'p.
651 2639 719 2702 tot).

256 2726 295 2803 6⁰
313 2729 397 2807 Vita
428 2732 531 2811 beati
565 2735 699 2814 Goaris
730 2736 962 2815 confessoris
995 2736 1152 2834 Christi,
1173 2758 1269 2838 quae
1284 2728 1358 2808 cele

305 2851 441 2931 bratur
458 2881 486 2931 11
509 2880 630 2936 nonas
644 2858 733 2958 julii
748 2860 843 2960 (pag.
865 2858 1004 2959 tit-tt).

189 2982 235 3034 Ed.
251 2984 314 3037 Act.
328 2986 388 3050 SS.,
402 2988 435 3039 nd
449 2989 475 3041 d.
489 2991 505 3040 o
518 2991 582 3049 iul,
598 2997 662 3043 torn.
677 2994 709 3054 11,
724 3008 750 3057 p.
765 2995 865 3043 55151.

254 3083 292 3156 7⁰
311 3084 440 3162 Passio
460 3098 614 3165 sauctae
632 3090 841 3167 Felicitatis
855 3099 1086 3190 septemque
1101 3089 1270 3167 tiliorum
1282 3088 1357 3184 ejus.

303 3221 479 3307 quaeest
500 3237 534 3286 vr
555 3213 643 3289 idus
657 3214 745 3312 julii
765 3215 860 3313 (pag.
884 3213 1020 3312 tlsstu).

188 3338 235 3389 Ed.
251 3338 327 3399 inid,
341 3341 374 3391 ad
389 3342 416 3394 d.
432 3346 461 3394 ta
473 3345 537 3407 lul,
553 3351 617 3397 torn.
632 3348 676 3407 ΙΙΙ,
693 3362 717 3411 p.
736 3349 815 3398 tt-t5.

131 3461 138 3474 ·
252 3436 291 3510 8Ο
309 3437 424 3515 liber
454 3441 603 3520 Leontii
631 3445 806 3545 episcopi
834 3445 1047 3546 Neapoleos
1076 3445 1301 3545 Cypriorum
1317 3441 1360 3514 iu·

302 3563 408 3640 sulae
441 3565 489 3641 de
519 3567 596 3644 vita
628 3577 665 3643 et
683 3569 835 3645 actione
853 3568 975 3645 sancti
1008 3568 1198 3646 Jolraunis
1228 3569 1362 3644 Alexan-

300 3684 403 3760 drini
423 3688 596 3789 episcopi
616 3691 712 3789 (pag.
735 3691 896 3788 itt-1109).

72 3848 77 3857 ι
192 3816 240 3868 Ed.
255 3817 332 3882 ibid,
346 3820 379 3870 ad
392 3820 419 3871 d.
433 3823 465 3871 25
477 3824 549 3882 turn,
565 3829 629 3874 tour.
645 3824 676 3890 it,
691 3839 717 3888 p.
734 3826 850 3876 taedii.

252 3913 291 3989 9Ο
302 3916 385 3993 Vita
397 3921 663 3997 sanctissimae
677 3921 836 4021 virginis
852 3923 994 4000 Christi
1020 3924 1361 4025 dmalbergaetpnp

304 4041 486 4142 ‘toti-itti).

186 4162 234 4214 uu.
249 4162 326 4228 nin,
340 4166 373 4215 au
386 4166 412 4217 u.
431 4170 459 4219 ro
470 4170 534 4227 tu..
550 4176 614 4222 tom.
630 4173 674 4229 ru.
689 4188 714 4237 p.
729 4174 833 4224 oo-ror.

254 4262 316 4337 10Ο
335 4263 531 4343 'lornellus
551 4267 729 4346 Radbodi
749 4281 903 4348 sauctae
926 4273 1181 4372 Trajectensis
1199 4269 1363 4350 ecclesiae

300 4389 473 4489 episcopi
512 4393 561 4467 do
598 4394 676 4470 vita
711 4406 749 4471 et
785 4397 934 4473 ureritis
969 4397 1190 4497 paradoxae
1224 4391 1364 4494 virginis

299 4512 552 4615 Arnalliergue
570 4519 665 4619 (pag.
690 4521 875 4618 ‘tt8-2t3t).

186 4632 235 4684 uu.
249 4633 328 4701 tntu,
342 4652 368 4702 p.
386 4641 467 4691 rosi.
