3136 5482
163 314 232 383 522
510 331 635 383 cuum.
654 331 756 382 cono.
774 332 949 384 uauiouu.
967 332 1051 384 nav.

162 503 302 567 troissent,
317 501 451 555 bemetria
472 501 571 555 timore
591 501 735 568 perterrita
752 500 844 554 emisit
863 502 998 570 spiritum,
1012 508 1112 558 octavo
1133 503 1248 560 decimo
1269 505 1374 559 lalanda

162 602 234 669 julii.
248 604 325 655 Tunc
338 602 431 668 itaque
441 601 565 654 lulianus
577 602 708 655 confusus
721 602 787 654 dixit
800 623 806 651 ι
820 602 1014 669 Requiratar
1029 603 1152 658 mulier
1168 606 1374 673 praepucium

164 701 288 754 erudiet
301 700 448 755 doctriua
460 700 598 754 deorum.
613 702 645 752 lit
656 700 718 753 data
739 706 780 752 est
791 701 901 753 viviane
921 699 1031 754 cuidam
1043 702 1198 772 sacrilegae
1218 703 1255 757 ad
1274 704 1376 758 erudu-

164 801 242 865 dum,
254 801 367 853 nomine
391 798 514 852 lluduae.
527 801 603 852 Tune
623 800 733 853 viviana
754 804 846 852 mente
864 799 917 852 lide
928 800 1010 865 plena
1028 801 1160 868 sepelivit
1177 815 1301 857 sororem
1318 816 1377 857 mu

161 902 237 968 juxta
250 905 365 954 matrem
378 901 515 965 communi
527 893 556 951 'in
570 899 709 967 sarcofago
722 899 750 951 in
765 899 846 952 domu
860 911 917 952 sua.
988 874 992 882 ¹
1159 964 1165 974 ι
1387 902 1400 954 l

200 1003 231 1054 6.
246 1003 297 1054 Per
309 1013 419 1053 menses
432 1013 478 1052 sex
490 999 637 1068 urgebatur
648 999 785 1052 vivianae
803 997 900 1052 lludna
914 1003 945 1051 ut
957 998 1125 1054 sacrificaret
1146 1000 1203 1054 diis
1221 1006 1250 1055 et
1268 1001 1382 1069 usupare

165 1099 252 1152 illium
265 1101 324 1166 ejus
336 1100 364 1151 in
378 1098 543 1167 conjugium.
559 1098 669 1151 liviana
681 1103 773 1151 autem
786 1096 839 1151 ilde
852 1098 951 1150 Christi
964 1111 1160 1164 perseverans,
1174 1099 1316 1154 deridebat
1323 1096 1382 1152 lul·

163 1213 245 1262 nam;
259 1203 286 1252 el
297 1198 368 1251 dum
381 1198 540 1264 frequenter
553 1202 625 1251 esset
637 1197 735 1251 afflicta
748 1198 843 1265 plagis,
858 1210 1009 1265 numquam
1021 1199 1129 1266 quievit
1142 1201 1285 1253 Gbristum
1296 1199 1380 1266 praedi·

164 1297 263 1352 cando.
276 1300 352 1351 lunc
364 1296 461 1352 lludna
482 1297 647 1351 renuntiavit
663 1296 820 1362 imperatori
840 1296 959 1350 iuliano.
973 1296 1021 1350 ille
1041 1309 1112 1350 vero
1133 1299 1236 1352 eodem
1258 1298 1302 1352 die
1315 1297 1384 1365 iussit

164 1411 224 1452 eam
245 1398 390 1464 plumbatis
409 1397 518 1462 [caedi].
541 1399 614 1462 Quae
632 1409 694 1449 cum
715 1396 764 1448 diu
785 1395 955 1462 caederetur,
976 1401 1075 1462 quarto
1097 1397 1145 1450 die
1168 1404 1235 1464 post
1252 1396 1415 1466 lussiuueutt

164 1499 264 1552 iuliani
286 1496 405 1551 reddidit
428 1497 565 1564 spiritum.
588 1497 670 1564 cujus
694 1509 793 1563 corpus
814 1496 921 1564 jacebat
941 1495 1026 1549 biduo
1046 1497 1077 1548 in
1100 1496 1163 1551 foro
1185 1499 1269 1552 'lauri
1290 1499 1385 1564 jubente

163 1598 282 1651 iuliano.
296 1600 371 1650 Tunc
382 1597 521 1650 lohannes
534 1596 676 1662 presbyter
688 1602 767 1648 noete
780 1595 889 1663 collegit
899 1608 1001 1661 corpus
1022 1594 1084 1661 elus
1097 1599 1125 1648 et
1137 1597 1267 1662 sepelivit
1277 1597 1305 1649 iu
1316 1597 1382 1649 doru

164 1697 198 1750 ad
211 1700 292 1762 caput
312 1697 405 1748 matris
424 1695 580 1761 sororisque
601 1695 661 1761 ejus
673 1696 702 1746 in
721 1694 848 1748 cubiculo
868 1707 982 1748 romano
1000 1695 1079 1761 Juxta
1099 1696 1237 1762 palatium
1257 1695 1382 1756 liciniani,

164 1801 261 1864 quarto
273 1808 361 1849 nonas
374 1794 545 1860 decembris;
559 1793 606 1848 ubi
625 1795 785 1861 frequenter
795 1795 934 1848 lohannes
946 1798 974 1846 et
993 1794 1154 1861 Pigmenius
1166 1794 1316 1862 presbyteri
1331 1807 1382 1848 uun

164 1896 320 1949 veniebant.
1393 1893 1415 1944 ll

198 1995 230 2047 ’1.
252 1995 309 2058 Quo
329 1995 422 2048 audito
440 1995 566 2048 lulianus
595 1995 731 2062 praecepit
751 1993 909 2062 Pigmenio,
930 1993 1026 2046 dicens
1047 2009 1055 2046 ι
1080 1994 1185 2062 Perae
1208 2003 1382 2062 murumque

164 2093 310 2148 volueris.
327 2093 393 2147 Tibi
404 2092 454 2148 bic
466 2094 561 2147 aalla
572 2092 764 2148 mercabitur
775 2093 850 2146 uita.
863 2094 930 2146 isla
943 2095 1048 2146 tamea
1058 2094 1205 2148 seruitiis
1216 2094 1280 2148 rua
1290 2092 1380 2156 rodda

164 2192 348 2261 caelibari
362 2193 501 2261 praedia
522 2205 602 2260 qaae
606 2191 799 2261 possidebas.
813 2195 874 2259 lpse
891 2193 964 2245 enim
980 2191 1127 2246 collectum
1148 2192 1291 2247 lulianum
1306 2203 1379 2245 assu·

165 2293 248 2359 guine
261 2293 374 2346 nutrivit
393 2299 420 2345 et
430 2293 610 2346 christianum
631 2293 741 2355 recitet,
755 2293 826 2345 sicut
845 2305 861 2345 a
881 2291 1008 2358 pluribus
1027 2290 1124 2358 didici,
1146 2292 1248 2346 litteris
1268 2290 1379 2345 emdirit

165 2391 305 2460 Pigmenio
317 2392 429 2459 quidem
442 2397 581 2460 pergente,
594 2392 694 2445 iuliani
708 2391 784 2445 furor
795 2405 927 2444 accensus
937 2397 979 2444 est
987 2392 1017 2444 iu
1027 2391 1187 2446 iohannem
1197 2394 1379 2461 presbyterum,
1390 2388 1413 2439 lt

166 2495 193 2542 et
204 2492 293 2544 tenuit
305 2505 368 2544 eum
380 2497 407 2545 et
428 2493 455 2544 in
467 2491 570 2544 aditum
585 2492 668 2544 invia
680 2490 782 2544 salaria
799 2496 863 2544 ante
875 2491 1051 2545 simulacrum
1072 2491 1141 2544 solis
1156 2491 1194 2545 ad
1206 2492 1306 2546 clivum
1314 2501 1380 2543 cucu-

165 2589 248 2642 meris
259 2589 389 2644 decollari
411 2592 555 2657 praecepit.
568 2592 651 2658 Cujus
671 2604 771 2657 corpus
783 2591 812 2642 in
833 2589 931 2643 eodem
947 2586 1008 2644 luco
1028 2602 1045 2643 a
1065 2591 1223 2645 concordio
1237 2590 1379 2658 presbvtem

166 2690 301 2755 sepultum
313 2696 353 2744 est
362 2692 441 2758 juxta
452 2692 598 2744 concilium
612 2696 769 2758 martyrum,
782 2697 877 2745 octavo
890 2690 1019 2744 kalendas
1029 2691 1103 2758 julii.

198 2787 229 2841 8.
242 2791 318 2843 Tunc
330 2791 485 2857 Pigmenius
498 2791 554 2843 ibat
565 2790 598 2843 ad
612 2790 761 2854 Persidem,
774 2791 867 2858 ibique
880 2792 942 2845 tecit
954 2802 1043 2844 annos
1059 2795 1203 2858 quattuor,
1221 2792 1339 2846 etractus
1347 2794 1380 2841 cst

165 2902 261 2943 caecus
281 2891 388 2942 amissis
409 2891 504 2943 oeulis.
529 2893 589 2943 Post
610 2904 698 2944 annos
719 2897 847 2958 quattuor
867 2890 896 2943 in
918 2891 1022 2944 somnis
1043 2892 1167 2945 munitus
1188 2896 1229 2945 est
1249 2905 1265 2944 a
1282 2884 1410 2943 llomioob

163 2988 291 3042 dicente:
314 2989 465 3056 Pipmeai
486 2993 640 3043 revertere
663 2991 793 3044 Roaiam
815 2993 845 3043 ct
873 2989 1117 3043 illuminaberis.
1140 2994 1285 3060 Exurgens
1302 2997 1377 3042 autern
1404 2967 1411 2979 ⁰

165 3103 255 3153 mane,
268 3090 358 3141 navim
371 3089 493 3142 ascendit
504 3093 674 3156 Romanique
685 3090 768 3142 venit.
782 3091 845 3143 Post
856 3103 967 3142 menses
978 3094 1107 3156 quattuor
1118 3090 1260 3158 ingressus
1272 3092 1376 3143 boman

165 3190 252 3254 coepit
273 3189 420 3242 ascendere
438 3203 484 3254 per
505 3190 606 3241 clivum
626 3192 736 3242 Sacram
756 3190 826 3241 viam
839 3203 894 3241 una
913 3202 975 3241 cum
994 3201 1089 3254 puero.
1103 3190 1137 3241 ut
1158 3203 1226 3242 ecce
1245 3188 1377 3254 procedens

164 3291 310 3356 imperator
324 3291 351 3341 in
364 3296 422 3342 rota
434 3303 517 3342 aurea
529 3290 597 3342 vidit
609 3305 624 3342 a
637 3291 717 3357 longe
731 3266 910 3357 Pigmenium.
924 3290 1009 3353 Quem
1023 3293 1052 3341 ut
1064 3289 1204 3356 cognovit,
1216 3290 1304 3342 vocari
1315 3298 1375 3353 prae

163 3391 242 3456 cepit.
262 3390 390 3453 Quicum
411 3390 545 3442 adductus
564 3390 659 3442 fuisset
680 3395 742 3442 ante
763 3395 941 3454 conspectum
961 3389 1147 3454 imperatoris,
1162 3391 1274 3443 intuens
1285 3389 1311 3440 in
1321 3381 1406 3440 cumi)

163 3489 251 3541 dixit:
277 3489 386 3542 Gloria
407 3489 470 3541 diis
491 3488 666 3555 deabcmqae
685 3489 771 3555 meis,
785 3489 861 3555 qaia
883 3491 912 3541 te
930 3489 1029 3542 uideo.
1053 3489 1209 3554 Respondit
1230 3488 1374 3555 Pigmenius

163 3591 236 3641 clara
256 3602 321 3641 voce
333 3589 427 3641 dicens
442 3604 448 3641 ι
466 3588 577 3642 Gloria
598 3588 726 3641 Domino
746 3591 852 3642 nostro
872 3589 947 3641 Jesa
972 3587 1091 3641 Christo
1111 3589 1281 3642 Nazaretuo
1295 3583 1374 3642 cruci

163 3690 238 3756 siau,
252 3688 328 3755 quia
342 3691 371 3740 te
383 3701 445 3741 auia
457 3688 553 3741 uideo.
567 3689 642 3739 Tunc
657 3689 741 3740 iratus
752 3688 877 3740 lulianus
894 3687 977 3753 jussit
989 3700 1051 3739 eum
1069 3701 1120 3752 per
1132 3695 1244 3754 pontem
1262 3688 1372 3752 majorem

163 3788 345 3854 praecipitari.
359 3789 441 3853 Cujus
452 3800 551 3852 corpus
563 3787 707 3839 collectum
720 3791 798 3840 estet
810 3787 945 3852 sepultum
959 3787 988 3839 in
1006 3787 1142 3840 cimiterio
1155 3787 1279 3841 Pontiani
1290 3789 1368 3839 contra

164 3887 305 3947 Palatium,
318 3887 481 3940 duodecimo
495 3886 623 3939 kalendas
636 3888 735 3939 martii.
1382 3878 1403 3930 5

195 3987 226 4037 9.
240 3986 342 4038 Eodem
356 3986 436 4052 igitur
449 3991 570 4052 tempore
582 3986 701 4037 surrexit
713 3986 816 4037 bellum
830 3988 982 4049 Persarum,
994 3991 1021 4039 et
1033 3986 1187 4038 ambulavit
1199 3978 1371 4052 imperatorii

162 4085 310 4138 Persidem.
324 4086 380 4147 Quo
394 4099 455 4137 cum
472 4087 650 4150 pervenisset,
666 4098 756 4152 pugna
769 4084 912 4138 condictus
925 4086 1012 4138 vietus
1034 4090 1063 4137 et
1074 4084 1186 4138 deditus
1205 4092 1247 4138 est
1257 4085 1370 4138 tutanos.

164 4188 196 4238 lit
207 4185 357 4251 adligentes
369 4199 432 4237 eum
445 4186 535 4237 vivum
547 4185 755 4237 decoriaverunt
768 4199 783 4237 a
795 4187 896 4239 vertice
908 4186 1003 4252 capitis
1020 4199 1109 4253 usque
1122 4186 1156 4239 ad
1170 4187 1289 4253 plantam
1300 4181 1370 4251 pedis.

164 4291 190 4338 et
202 4285 315 4337 intincta
338 4291 379 4337 ost
396 4284 474 4350 pellis
494 4285 660 4338 vermiculis.
675 4287 768 4352 ltaque
790 4299 836 4338 rex
850 4288 992 4338 Persarum
1014 4287 1089 4337 omni
1103 4289 1237 4352 ternpore,
1251 4285 1311 4338 dun
1320 4292 1369 4334 uun

161 4386 263 4436 tionum
277 4384 401 4447 babebat,
413 4397 495 4447 super
505 4384 608 4434 corium
619 4384 718 4435 iuliani
730 4385 842 4437 sedebat
851 4383 1043 4443 laetabundus
1054 4386 1101 4450 oui
1112 4390 1260 4450 tyrannum
1269 4381 1366 4435 vicisset
1379 4374 1400 4423 d

197 4482 246 4535 10.
261 4486 322 4535 Post
344 4488 458 4535 mortem
478 4494 542 4534 vero
560 4483 659 4536 iuliani
682 4487 742 4536 orat
762 4484 895 4550 quaedam
920 4483 1028 4547 mulier,
1051 4484 1164 4536 numine
1189 4484 1325 4550 Olympias·
1344 4475 1370 4527 dt

161 4597 262 4651 genere
284 4583 402 4634 Faviani.
417 4585 488 4645 Quae
509 4596 571 4635 cum
594 4583 713 4635 audisset
734 4584 899 4637 exstinctum
919 4583 1068 4647 lulianum,
1086 4582 1211 4636 introivit
1231 4585 1259 4635 in
1280 4582 1369 4633 domum
