3156 5452
263 317 356 368 arao.
377 317 460 367 nar.
480 317 598 368 raram.
617 339 662 349 -
679 318 833 368 repono.
854 319 900 369 ao
917 318 993 368 con.
1013 316 1086 366 aera.
1230 300 1289 364 151

72 489 216 546 numium
236 489 394 555 importune
406 500 437 540 se
457 487 559 541 nostris
573 487 686 541 auribus
707 490 844 556 ingerunt,
868 486 1026 541 tentationis
1048 486 1149 539 bellum
1167 487 1195 538 in
1213 485 1295 539 cordc

74 587 167 646 elide
175 590 299 658 gigntm,
308 578 336 641 et
347 587 471 654 quamvls
482 588 550 641 baec
560 591 588 640 et
599 589 669 641 ratio
682 592 792 654 respuat
803 593 829 641 et
842 588 934 655 lingua
944 585 1137 654 reprehendat,
1148 585 1192 638 vix
1202 591 1294 638 tamcn

74 700 124 744 mm
136 687 277 744 laboreab
299 687 396 742 intimo
412 685 503 741 cordis
522 686 755 755 expellitur-quod
777 688 898 743 exterius
911 687 1030 755 quadam
1050 701 1111 740 cum
1131 686 1293 740 auctoritate

76 786 186 844 auditur.
195 786 273 842 Unde
284 799 399 842 necessa
409 790 468 840 erat
479 792 509 840 ut
523 787 562 840 nil
574 787 608 841 ad
620 800 701 841 aures
713 787 764 841 riri
776 788 822 841 bei
834 788 942 842 veniret
953 786 1027 854 quod
1036 785 1111 840 cordi
1124 785 1183 852 ejus
1193 785 1293 839 bellum

43 894 64 945 5
78 900 210 956 ιιπιιιιιι
221 887 392 956 cogitationis
405 885 550 954 ingereret,
560 888 721 953 praesertim
735 901 796 943 cum
809 887 926 955 Spiritus
938 891 1060 949 sanctus,
1071 886 1117 955 qui
1131 885 1292 952 disciplinae

80 982 180 1053 atnght
190 985 292 1049 dotum,
305 986 394 1040 aufert
405 989 519 1039 semela
538 986 746 1054 cogitationibus
760 998 830 1052 quae
851 989 916 1038 sunt
928 985 988 1038 sine
1005 985 1156 1051 intellectu,
1170 990 1198 1038 et
1209 983 1295 1038 corri-

83 1086 159 1151 piatur
177 1099 192 1139 a
210 1085 423 1152 superveniente
444 1085 597 1152 iniquitate.
620 1085 673 1138 Sed
694 1085 760 1152 quia
779 1085 915 1152 benignus
937 1089 979 1137 est
1001 1083 1075 1137 idem
1099 1082 1159 1150 ipse
1180 1083 1294 1150 Spiritus

87 1182 225 1251 sapientiae,
238 1184 328 1239 noluit
339 1198 449 1238 serrum
461 1198 541 1237 suum
554 1198 570 1237 a
582 1198 632 1237 suo
644 1183 782 1238 desiderio
794 1184 967 1248 defraudare,
979 1184 1063 1251 magis
1073 1185 1154 1237 etiam
1166 1182 1293 1251 dignatus

90 1287 120 1334 cn
128 1279 191 1337 illud
201 1297 249 1351 pro
260 1284 331 1337 rotis
343 1283 402 1351 clus
413 1283 572 1350 adimplere.

56 1384 82 1433 tlt
117 1379 143 1433 8.
154 1384 181 1437 ln
191 1396 224 1437 ea
233 1383 356 1451 denique
369 1382 508 1449 provincia
520 1394 590 1450 quae
603 1382 713 1449 proprie
722 1384 821 1435 lteorra
832 1383 866 1449 (l)
877 1379 987 1443 dicitur,
999 1383 1070 1435 inest
1081 1381 1192 1449 quidam
1206 1381 1293 1443 locus,

93 1475 167 1547 etipse
184 1483 294 1550 quidem
305 1479 341 1535 de
361 1481 562 1537 nominevallis
573 1482 702 1547 Caprasia
713 1481 748 1546 (Β)
769 1485 965 1548 nuncupatur:
986 1482 1054 1549 qui·
1074 1481 1157 1534 etiam
1180 1480 1292 1534 reducto

93 1581 205 1644 nubium
219 1583 323 1636 ambitu
342 1582 450 1648 atpium
461 1583 496 1647 (3)
508 1581 541 1636 ad
565 1583 655 1635 sidera
675 1582 802 1636 verticem
825 1582 979 1637 tollentium
1000 1583 1208 1650 circumseptus,
1222 1582 1289 1636 nulli

94 1689 186 1748 tomam
198 1685 286 1738 marat
295 1684 416 1750 pervius,
426 1682 542 1750 ideoque
551 1687 657 1736 tantum
669 1683 761 1736 animo
772 1682 892 1749 cupienti
904 1697 933 1736 se
945 1684 1082 1749 acceptior
1090 1688 1193 1750 quanto
1202 1696 1290 1736 secre-

93 1777 166 1836 tiorct
183 1796 198 1836 a
218 1782 374 1837 mortalium
396 1794 508 1835 accessu
528 1793 638 1848 quoque
659 1781 798 1835 remotior.
821 1783 897 1835 llunc
918 1786 1009 1835 autem
1032 1781 1129 1835 christi
1151 1783 1292 1836 confessor

61 1873 202 1937 llbrlcncius
213 1882 333 1937 libenter
353 1881 429 1949 adiit,
442 1881 536 1949 ibique
557 1882 586 1933 in
606 1880 709 1934 devexo
731 1880 832 1934 montis
844 1880 928 1934 latere
949 1881 1098 1934 oratorium
1112 1881 1166 1935 sibl
1183 1883 1288 1934 statuit.

91 1977 249 2037 holcudiuum
262 1984 344 2037 etiam
354 1983 383 2035 in
395 1982 482 2036 rivulo
495 1983 599 2035 lsaurio
608 1983 653 2047 (l),
666 1980 714 2048 qui
725 1994 774 2048 pro
787 1981 892 2036 foribus
901 1981 1013 2035 oratorii
1024 1981 1200 2048 praeterfluit,
1212 1981 1291 2034 dissi-

90 2076 132 2130 uiti
143 2080 253 2136 aliorum
274 2081 405 2149 qualitate
426 2080 605 2134 nibilominus
625 2085 785 2134 construere
803 2080 907 2133 studuit
921 2081 1072 2156 iquoniam
1090 2093 1152 2133 cum
1175 2081 1291 2133 allorum

87 2179 193 2251 ltneque
217 2183 309 2237 molae
326 2182 485 2249 ferrumque
506 2183 535 2234 ln
556 2181 673 2236 invicem
694 2195 754 2234 sese
776 2182 956 2248 perfricantes
975 2182 983 2199 ·
1005 2195 1021 2234 a
1042 2195 1091 2235 suo
1112 2182 1195 2248 priori
1220 2186 1289 2235 statu
1341 2198 1431 2253 wod,

84 2271 190 2335 ternant
204 2288 231 2336 et
248 2280 304 2350 a[d]
323 2281 439 2334 nibilum
461 2279 491 2333 in
509 2280 638 2335 molendo
660 2279 826 2348 quandoque
847 2279 1015 2349 redigantur,
1030 2281 1079 2334 iste
1099 2294 1188 2348 usque
1206 2266 1486 2336 hodiellssfffioemes·

50 2359 265 2434 zoiftttnutabillter
285 2380 435 2447 persistere
449 2380 581 2446 probatur
599 2377 629 2431 in
641 2379 738 2433 eodem
759 2379 886 2445 principii
907 2381 950 2432 sui
972 2384 1053 2443 statu,
1067 2380 1191 2447 quamvis
1205 2381 1285 2432 etiam

79 2464 180 2542 idimon
200 2484 295 2533 contra
313 2492 418 2532 morem
438 2478 508 2546 exigi
528 2477 663 2532 videatur.
676 2479 752 2542 Quod
773 2491 837 2546 crgo
859 2479 882 2530 si
902 2479 964 2545 quis
984 2479 1128 2546 diligenter
1149 2477 1286 2545 inspiciat,

76 2562 148 2628 fache
157 2576 291 2645 colligitur
302 2576 398 2643 quanti
420 2575 509 2628 meriti
521 2576 563 2629 vir
580 2580 692 2630 sanctus
704 2575 776 2643 apud
798 2576 964 2629 immensum
977 2576 1133 2644 largitorem
1146 2578 1287 2643 habeatur,

72 2672 146 2739 cttius
155 2691 221 2746 opus
234 2682 273 2731 tot
294 2678 376 2732 etiam
397 2677 514 2732 saeculis
534 2690 588 2731 usu
600 2675 737 2730 cotidiano
758 2677 875 2744 peractis
888 2677 978 2731 nullos
991 2677 1153 2731 immutandi
1167 2678 1291 2730 minuen-

68 2760 133 2829 (live
142 2775 258 2833 defectus
270 2779 399 2845 patiatur.
413 2779 449 2830 lte
462 2789 517 2844 quo
530 2775 662 2829 nimirum
672 2775 775 2842 aliquid
789 2776 987 2843 referturquod
998 2776 1158 2830 incredibile
1168 2777 1291 2830 fortassis

10 2852 13 2859 ¹
31 2850 176 2941 “tidem
188 2878 241 2930 nisi
253 2877 441 2943 experimento
453 2875 488 2930 ad
501 2889 632 2942 praesens
645 2876 753 2941 saepius
767 2876 937 2941 probaretur.
952 2874 1101 2943 cujuslibet
1114 2877 1187 2930 enlm
1201 2889 1288 2930 asser·

60 2956 106 3019 ι50
122 2976 246 3045 estquod
264 2977 340 3030 nullo
356 2980 471 3044 cogente
488 2975 612 3041 persistat
628 2976 736 3041 saepius
753 2975 782 3027 in
803 2989 853 3028 sua
875 2976 993 3029 naturali
1013 2976 1124 3044 quidem
1143 2977 1288 3031 immobili-

58 3056 131 3137 ²³10,
139 3079 324 3129 verumtamen
343 3073 474 3141 quicquid
491 3076 647 3141 impositum
662 3074 780 3127 molendi
794 3075 902 3141 expleto
922 3075 1003 3128 fuerit
1024 3089 1106 3143 opere
1118 3094 1125 3143 ;
1139 3077 1286 3143 plurimum

54 3165 146 3228 etiam
164 3175 281 3242 idipsum
302 3176 332 3229 in
346 3172 453 3228 sabbati
466 3173 511 3227 die
533 3173 592 3226 fleri
613 3187 721 3240 semper
739 3174 857 3238 celebre,
870 3179 901 3228 ut
921 3175 987 3228 hora
1009 3175 1062 3228 diei
1083 3190 1194 3244 quoquo
1217 3190 1288 3230 nona

52 3264 182 3340 ⁰⁰eperit
200 3274 307 3328 adesse.
325 3276 450 3327 Attamen
471 3287 527 3327 non
548 3273 648 3326 mirum
668 3271 787 3336 videtur,
802 3272 872 3326 stad
893 3274 1074 3342 indagandam
1093 3280 1120 3328 et
1141 3277 1288 3328 memoriae

17 3344 243 3435 ”lehumnum
261 3373 355 3427 famuli
377 3373 420 3426 sui
432 3374 645 3427 sanctitudinem
666 3373 790 3425 christus
804 3371 871 3440 quid
893 3374 945 3426 tale
966 3374 1128 3427 miraculum
1151 3379 1289 3441 operetur,

50 3467 130 3527 eum
141 3475 185 3530 ille
199 3481 265 3529 tune
283 3473 345 3527 fidei
361 3473 491 3526 fundatus
509 3472 642 3526 immobili
655 3472 790 3540 firmitate,
805 3478 1012 3538 praeceptorum
1032 3475 1092 3541 ejus
1111 3475 1238 3528 inventus
1250 3481 1291 3527 est

48 3563 124 3626 non
134 3573 286 3640 immernor,
299 3572 349 3627 sed
362 3573 447 3641 magis
464 3571 544 3626 etiam
558 3571 674 3627 idoneus
689 3577 716 3624 et
733 3572 896 3625 fortissimus
909 3577 1047 3626 executor.
1062 3572 1139 3626 Unde
1160 3575 1290 3639 scriptum

47 3665 128 3726 eat:
144 3673 200 3734 Qui
209 3673 392 3742 glorificant
405 3661 462 3738 mc,
472 3685 534 3726 non
547 3674 640 3725 erum
653 3668 809 3739 ignobiles,
823 3671 900 3738 quia
917 3684 979 3725 non
997 3673 1154 3727 immerito
1171 3673 1253 3740 fiunt
1270 3685 1290 3726 a

45 3763 116 3822 ”te
134 3771 264 3839 ptortoai
286 3775 315 3825 et
339 3770 542 3825 honorabiles.
565 3771 633 3823 llinc
655 3770 735 3823 etiam
766 3770 991 3838 psalmographus
1013 3771 1048 3823 ita
1068 3789 1075 3824 z
1097 3772 1137 3825 Et
1149 3772 1288 3837 justitia,

90 3949 133 4016 (ι)
148 3956 201 4008 Seu
214 3953 357 4021 Bigorra,
376 3953 404 4006 in
417 3953 556 4007 vasconia.
575 3980 608 3990 -
625 3954 659 4018 (t)
678 3955 707 4004 ln
728 3952 910 4005 instrumento
927 3952 1009 4004 medii
1028 3951 1130 4005 sacculi
1151 3954 1213 4017 xlv,
1236 3969 1290 4020 quo

45 4029 251 4092 mansiones
272 4038 400 4092 coenobii
421 4037 512 4091 Sancti
532 4035 646 4090 orientii
667 4036 701 4089 dc
722 4036 817 4089 lleulla
839 4039 1026 4097 recensentur,
1048 4034 1186 4089 indicatur
1207 4037 1289 4090 etiam

46 4110 148 4193 ,Vinea
163 4123 198 4175 iac
215 4123 300 4175 valle
320 4121 457 4189 caparra
471 4121 522 4175 sita
533 4121 629 4186 (Gall.
646 4120 768 4186 Christ,
782 4124 848 4173 tom.
866 4120 887 4185 l,
901 4135 927 4187 p.
944 4122 999 4172 1117.
1014 4123 1037 4172 ι.
1050 4122 1085 4184 n).
1100 4122 1176 4173 Hanc
1187 4120 1287 4174 vallem

46 4198 87 4244 ¹¹¹
118 4206 215 4272 mappis
230 4203 421 4273 geographicis
432 4204 565 4272 signatam
578 4218 634 4258 non
649 4204 819 4270 repperimus
831 4221 838 4269 3
852 4203 901 4255 sed
913 4202 1045 4256 credibile
1058 4208 1099 4256 est
1111 4203 1186 4256 illam
1201 4204 1289 4270 ipsam

50 4284 131 4338 esse
141 4287 166 4341 in
178 4302 231 4356 qua
243 4294 430 4342 constructum
443 4295 484 4342 est
496 4288 564 4341 illud
576 4288 751 4353 coenobium,
764 4288 807 4339 cui
821 4288 943 4352 proxime
957 4285 1063 4352 adjacet
1075 4288 1176 4341 Lacus
1188 4288 1292 4342 sancti

54 4355 198 4423 Orienti
212 4373 302 4436 (carte
317 4369 353 4424 de
369 4371 483 4434 cassini,
501 4373 533 4422 20
550 4371 568 4423 F
585 4370 614 4422 in
626 4370 726 4438 angulo
744 4369 865 4422 infcriori
882 4369 917 4421 ad
929 4369 1063 4433 laevam):
1079 4368 1150 4423 lacui
1163 4369 1253 4423 influit
1263 4378 1291 4425 et

57 4453 233 4508 benennon
245 4454 373 4508 fluviolus
385 4455 432 4522 qui
446 4467 521 4507 nunc
533 4452 686 4520 appellatur
699 4452 787 4506 Izabi
798 4457 826 4505 et
837 4454 907 4506 lbrte
920 4450 993 4504 idem
1008 4452 1115 4504 censeri
1129 4457 1217 4518 potest
1228 4467 1290 4507 cnm

62 4527 170 4591 1’ῖιὶιιῑο
180 4537 303 4592 haurio
315 4537 350 4591 de
366 4550 421 4604 quo
434 4537 514 4604 paulo
527 4536 642 4590 inferius
655 4548 747 4588 sermo
759 4540 809 4588 est.
830 4563 864 4574 -
880 4536 914 4598 (3)
931 4534 961 4588 ld
973 4538 1017 4588 eat
1030 4537 1241 4601 pyrenaeorum.
1260 4565 1293 4576 -

66 4605 107 4667 lb
127 4614 172 4669 cfr.
184 4632 274 4686 supra,
288 4624 344 4673 not.
360 4622 376 4672 ‘t
388 4624 456 4672 extr.
