3136 5482
282 308 326 373 52
626 320 749 371 ouran.
770 319 871 369 coon.
890 319 1064 372 naamon.
1084 319 1164 370 aar.

281 492 432 545 remittite
452 504 509 543 me.
531 489 625 542 Credo
637 488 721 541 enirn
740 490 771 541 et
782 488 860 556 tides
873 501 944 541 mea
964 490 1018 556 eat,
1032 488 1107 554 quia
1128 487 1231 541 cirtae
1250 491 1281 542 et
1300 486 1413 542 merita
1428 487 1472 541 lea

283 590 433 646 Rachottia
447 590 503 643 titt
515 588 670 642 laetitiam
682 586 801 642 etmihi
815 587 930 641 tribuet
942 587 1120 641 eaecitatem.
1139 588 1189 653 Qui
1210 588 1359 655 productus
1377 588 1412 641 ad
1441 566 1443 571 ¹
1553 648 1563 665 .

282 704 358 745 orum
376 689 446 743 beati
459 688 593 742 lioclionis
605 686 751 751 pontilicis,
765 686 893 752 precibus
907 691 934 739 et
946 686 1051 739 meritis
1064 688 1132 753 ejus,
1146 685 1263 741 domino
1273 689 1340 740 iesu
1354 686 1532 751 auxiliantca

283 795 393 845 curatus
406 802 421 842 a
433 788 520 855 lehre,
534 787 568 840 ad
579 785 693 840 domum
705 784 789 839 rediit
798 784 913 838 laudans
924 790 953 839 et
963 785 1119 853 glorIdeans
1130 788 1227 840 Deum.

315 889 438 958 [Lectio
453 887 603 952 septima.
616 913 645 923 -
658 884 740 955 Q]nid
753 885 852 952 plura?
864 887 897 938 Ut
913 884 1012 939 achdit
1029 885 1103 953 quod
1120 884 1241 953 quadarn
1258 884 1303 939 die
1320 885 1435 954 quidam
1453 898 1508 953 pre

282 991 373 1058 sbyter
381 988 449 1042 sidit
459 988 597 1041 nominem
606 985 717 1041 bladum
727 985 919 1054 flagellantem,
929 984 1026 1040 dicitei
1035 986 1173 1041 :Festum
1184 985 1267 1040 beati
1277 984 1433 1042 Roottmt-is
1439 998 1512 1055 poa·

283 1089 379 1158 tipicis
391 1090 437 1143 eat
452 1087 542 1140 teate
553 1088 582 1140 et
594 1086 678 1151 [non]
692 1085 762 1138 iicet
773 1084 911 1152 operari.
925 1084 975 1138 dul
997 1084 1167 1152 respondens
1178 1085 1249 1139 dixit
1259 1084 1335 1153 quod
1347 1085 1416 1140 satis
1430 1089 1516 1140 trans

281 1188 417 1257 gredierat
429 1187 495 1240 alias
507 1191 535 1238 et
543 1184 633 1238 adime
645 1184 900 1252 transgrediemur,
911 1183 990 1251 quasi
1003 1182 1215 1238 contemnendo.
1228 1185 1261 1238 lii
1273 1183 1423 1238 confestim
1434 1184 1517 1238 ladas

282 1288 356 1342 illius
369 1287 463 1341 rustici
476 1291 548 1340 retro
569 1296 702 1339 conversa
715 1288 765 1336 est.
778 1283 828 1348 Qui
841 1288 908 1337 tunc
928 1283 978 1336 luit
995 1282 1094 1337 ductus
1114 1283 1150 1337 ad
1164 1283 1311 1338 eeclesiam
1331 1296 1429 1339 coram
1440 1284 1518 1339 altari

283 1388 369 1441 saneti
388 1385 508 1441 tuchoni
531 1398 593 1438 cum
606 1383 725 1452 quadarn
736 1386 838 1436 retorta
857 1382 938 1451 ligata
952 1382 981 1436 in
994 1382 1064 1437 collo
1081 1382 1150 1450 eius.
1167 1384 1199 1436 at
1215 1383 1273 1449 ipse
1284 1383 1443 1450 deprecans
1458 1396 1517 1438 san·
1535 1384 1563 1437 lt

283 1492 357 1540 ctum
369 1487 526 1541 lioclionem
538 1488 567 1536 et
578 1488 674 1550 petens
686 1481 894 1550 indulgentiam,
909 1481 1000 1535 statim
1012 1495 1062 1548 per
1073 1483 1120 1537 liei
1132 1483 1248 1551 gratiam
1258 1486 1286 1537 et
1298 1482 1520 1541 misericordiam

284 1584 366 1639 iacies
375 1585 435 1650 ejus
448 1596 580 1638 conversa
590 1582 670 1635 estin
683 1581 828 1647 pristinum
840 1586 951 1634 statum.

315 1683 437 1752 [Lectio
456 1687 585 1736 coam
608 1709 640 1722 -
661 1679 733 1747 Plost
752 1681 820 1734 haee
845 1680 978 1747 contingit
999 1680 1074 1747 quod
1094 1679 1206 1748 guidam
1226 1680 1309 1735 homo
1330 1681 1463 1747 portabat
1484 1678 1519 1735 de

284 1796 381 1849 rampo
392 1797 442 1837 suo
455 1783 565 1836 bladum
575 1794 656 1835 sunm
669 1780 697 1833 in
709 1780 778 1834 iasio
791 1781 876 1833 sancti
890 1781 1037 1836 lloclionis.
1050 1781 1099 1835 cui
1112 1781 1211 1849 aliquis
1223 1783 1369 1850 presbyter
1380 1782 1523 1850 prohibuit

286 1898 321 1938 ne
334 1883 378 1936 illa
391 1882 435 1936 dic
448 1884 548 1936 iaceret
565 1882 638 1934 talia.
657 1883 689 1934 lit
700 1881 746 1932 ille
765 1877 847 1934 homo
860 1881 1000 1946 respondit
1013 1897 1021 1933 ε
1035 1882 1209 1948 Antequam
1220 1880 1521 1951 semicinctiam
1539 1882 1563 1933 ii

285 1982 414 2036 atatam
424 1994 527 2035 meam
547 1982 590 2034 aa
607 1981 733 2035 domum
750 1992 852 2034 meam
870 1979 1043 2047 deportabo.
1063 1982 1140 2034 Tunc
1159 1981 1243 2035 boues
1255 1983 1315 2048 ejus
1332 1989 1362 2034 et
1373 1994 1478 2035 curma
1497 1986 1524 2035 et

287 2082 397 2135 bladum
409 2086 501 2148 aperta
522 2086 594 2134 terra
614 2081 785 2134 intraverunt
805 2080 943 2147 abyssum.
957 2082 988 2133 lit
997 2081 1054 2148 jam
1067 2093 1123 2134 non
1135 2086 1178 2133 est
1189 2081 1236 2134 diu
1256 2080 1331 2148 quod
1353 2082 1525 2136 uenerabilis

288 2186 364 2247 pater
388 2179 518 2233 eirardus
538 2181 673 2247 gloriosae
694 2180 841 2232 memoriae
871 2179 1014 2247 episcopus
1042 2179 1193 2233 aeduensis
1209 2181 1243 2245 (r)
1263 2193 1354 2248 nuper
1373 2180 1525 2235 defunctus

287 2281 393 2347 aperuit
409 2279 533 2347 ejusdem
546 2279 616 2332 beati
627 2280 748 2332 iioclioni
761 2279 896 2332 tumulum
906 2284 934 2332 et
943 2279 1047 2332 invenit
1059 2283 1182 2332 sanetum
1195 2292 1296 2346 corpus
1308 2281 1370 2347 elus
1382 2280 1524 2350 integrum

289 2385 317 2431 et
326 2379 438 2432 anulum
447 2380 506 2444 ejus
515 2380 543 2430 in
553 2377 637 2446 digito
650 2382 678 2429 et
689 2379 849 2432 vestimenta
861 2376 1027 2443 pontificalia
1038 2391 1101 2431 cum
1114 2377 1280 2445 quibusdum
1292 2390 1361 2431 sana
1373 2383 1403 2432 et
1414 2379 1522 2433 illaesa.
1539 2378 1563 2432 w

323 2477 442 2546 [hoedo
462 2491 553 2530 nona.
566 2505 600 2515 -
611 2476 688 2543 Clum
707 2477 823 2530 maxima
844 2477 1019 2531 ueneratione
1031 2483 1059 2530 et
1076 2478 1267 2544 reverentiam,
1282 2476 1381 2531 multis
1402 2478 1526 2532 lacrimis

288 2576 354 2628 lusis
366 2587 431 2641 prae
441 2574 550 2642 gaudio,
558 2573 713 2640 sepulcrum
722 2572 912 2641 gloriosissimi
920 2573 1037 2640 episcopi
1051 2578 1078 2627 ct
1087 2574 1360 2642 martyrisiiocltonis
1368 2574 1523 2643 diligenter

288 2674 466 2727 consecrauit.
482 2674 584 2725 lterum
596 2677 687 2724 autem
701 2684 762 2723 cum
776 2685 875 2737 corpus
895 2672 1018 2738 ejusdem
1038 2671 1225 2741 gloriosissimi
1243 2672 1331 2725 sancti
1355 2672 1385 2725 in
1404 2672 1527 2727 ecclesia

287 2770 434 2825 cathedrali
445 2776 506 2837 post
519 2771 724 2824 translationem
737 2771 797 2836 ejus
809 2770 1106 2824 inissetuenerabiliter
1116 2771 1288 2838 collocatum,
1298 2770 1430 2827 videlieet
1440 2786 1527 2841 super

286 2875 415 2936 quattuor
444 2869 586 2922 columnas
606 2868 736 2935 lapideas,
758 2870 787 2921 in
810 2868 928 2935 quadam
949 2867 1080 2935 cappella,
1105 2869 1292 2937 pergratiam
1318 2870 1367 2923 liei
1392 2870 1431 2924 de
1456 2874 1563 2927 auroli

286 2970 415 3022 deaurata
428 2973 454 3020 et
465 2973 577 3036 argento
589 2973 617 3020 et
630 2967 767 3033 lapidibus
780 2967 916 3036 redimita,
936 2973 964 3021 et
986 2967 1110 3021 indultus
1126 2968 1243 3035 populus
1263 2970 1292 3023 in
1309 2967 1387 3023 dicta
1405 2972 1526 3026 ecclesia

178 3078 181 3083 ·
286 3070 322 3122 ol)
333 3081 454 3122 amorem
467 3074 494 3122 et
506 3070 686 3122 reuerentiam
699 3069 771 3122 beati
783 3070 909 3138 martyris
925 3067 1101 3136 quatriduani
1119 3069 1230 3133 mortui,
1240 3070 1319 3136 cujus
1330 3082 1438 3138 corpus
1450 3073 1525 3139 apud

287 3167 458 3222 aeduensem
480 3168 614 3221 civitatem
634 3168 781 3234 requiescit
797 3169 838 3232 (a),
851 3181 901 3234 per
919 3169 966 3222 liei
987 3171 1102 3236 gratiam
1123 3173 1276 3234 conversat,
1289 3168 1444 3237 impulsum
1461 3172 1528 3226 dieti

288 3268 380 3336 populi
398 3268 506 3335 capsula
519 3281 581 3322 cum
593 3281 706 3335 corpore
719 3268 784 3321 dicti
807 3266 933 3336 martyris
950 3270 1088 3323 iloehonis
1105 3282 1188 3336 super
1205 3269 1338 3336 populum
1358 3271 1464 3325 cecidit
1477 3289 1486 3338 ;
1500 3278 1529 3325 et

288 3380 377 3434 neque
394 3368 506 3433 capsula
524 3367 627 3434 aliquid
649 3366 779 3420 laesionis
799 3367 903 3433 habuit,
926 3381 1017 3435 neque
1039 3366 1157 3434 populus
1188 3380 1271 3434 super
1299 3380 1386 3435 quem
1414 3370 1563 3435 ceciditd

288 3466 413 3532 quamuis
431 3466 557 3518 immensi
583 3471 656 3518 esset
681 3461 962 3533 ponderis,'aliquan
980 3466 1131 3520 laesionem
1152 3464 1195 3518 vel
1221 3464 1360 3519 modicam
1383 3466 1531 3529 sustinuit.

289 3570 444 3631 praestante
462 3565 576 3619 Domino
589 3569 681 3619 nostro
693 3567 756 3619 iesu
775 3565 892 3631 christo,
905 3566 952 3632 qui
965 3578 1028 3619 eum
1041 3568 1119 3619 Patre
1136 3570 1163 3618 et
1183 3565 1284 3631 spiritu
1297 3570 1398 3623 saneto
1418 3568 1487 3621 uiuit
1505 3574 1531 3623 ei

290 3667 384 3729 regnat
396 3666 467 3715 Deris
478 3677 525 3728 per
537 3664 629 3717 omnia
642 3663 752 3716 saecula
764 3664 949 3718 saeculorum.
962 3667 1058 3718 Amen.
1150 3686 1155 3695 ·

520 4105 666 4195 XVIII.
689 4105 814 4194 codex
844 4107 1032 4217 signatus
1062 4130 1174 4196 num.
1199 4104 1294 4197 917.

327 4343 395 4395 Olim
408 4343 589 4398 bibliothecae
604 4344 695 4410 regiae
708 4343 853 4396 diesensis.

317 4532 360 4665 Ῐξι)
374 4535 427 4665 ἓιᾶ.
439 4534 556 4587 watto.
569 4534 622 4587 Cir.
640 4533 724 4590 dati.
738 4532 863 4595 dhrist..
877 4540 942 4586 tom.
957 4534 999 4597 lv,
1010 4547 1036 4599 p.
1049 4534 1153 4586 stota.
1166 4558 1200 4571 -
1211 4531 1246 4597 (a)
1263 4532 1291 4585 S.
1305 4532 1402 4587 Lazari
1418 4534 1532 4589 scilicet

295 4615 372 4666 cn
393 4615 401 4664 i
424 4618 579 4682 „pssum
