3136 5482
292 328 355 392 146
634 344 759 393 curru.
779 344 881 393 cour.
901 342 1074 393 aaaroon.
1094 342 1174 392 unu.

287 515 340 565 tica
352 511 480 565 incedere
493 525 549 563 non
561 512 665 578 salens,
678 513 756 579 quasi
769 493 886 578 mortua,
900 513 959 578 ipsa
967 515 1046 566 nocte
1055 512 1133 579 juxta
1147 510 1279 564 teretrum
1289 508 1381 563 sancti
1394 511 1526 563 auderti

285 625 367 664 orans
379 613 509 678 permissa
518 616 559 664 est
578 612 678 665 morari
695 625 784 678 :quae
802 625 883 665 mane
897 612 967 666 tacto
979 611 1125 665 incolumis
1137 614 1178 665 est
1189 609 1312 663 inventa.
1326 611 1398 663 (ium
1421 617 1525 675 autem,

286 726 319 764 eo
330 710 585 778 quoddenominata
597 711 657 766 loca
668 711 803 765 haberent
812 725 861 779 per
869 723 941 779 quae
951 692 1085 765 deberent
1092 712 1220 772 transire,
1228 710 1265 764 ad
1274 707 1423 777 quendam
1431 710 1523 766 locurn

288 809 388 863 vellent
401 809 449 874 ire,
471 822 569 876 corpus
590 814 714 863 sanctum
727 822 836 864 movero
856 809 1014 863 nullatcnus
1026 813 1184 876 potuerunt,
1200 808 1329 875 pluribus
1342 809 1430 863 etiarn
1443 809 1526 864 solito

288 909 445 962 nominibus
463 910 498 962 ad
519 909 681 975 portandum
701 908 846 975 adjunctis,
867 909 955 962 donec
974 908 1008 962 ad
1021 909 1105 962 aliurn
1126 909 1217 961 locum
1237 920 1395 976 confinium
1409 909 1558 967 eirene-a

289 1016 361 1063 runt.
376 1010 481 1063 invilla
494 1023 558 1063 vero
569 1023 640 1076 quae
652 1009 828 1063 Fraxinidum
840 1009 949 1075 dicitur,
962 1008 1098 1076 quaedam
1115 1007 1216 1061 muller
1231 1020 1247 1061 a
1261 1007 1362 1074 spiritu
1375 1008 1527 1064 immundo

288 1114 382 1162 vexata
402 1114 469 1176 erat,
491 1122 561 1176 quae
580 1122 596 1162 a
614 1109 775 1176 propinquis
796 1110 942 1162 tenebatur
959 1112 1093 1161 catenata.
1113 1108 1187 1171 Quae
1206 1112 1324 1177 tangens
1338 1107 1459 1175 pallium
1471 1123 1527 1177 quo

285 1209 425 1276 tegebatur
435 1210 621 1275 gestatorium,
635 1209 725 1261 statirn
741 1208 862 1263 evomuit
878 1208 1031 1261 inimicum.
1049 1206 1170 1262 Tandem
1189 1205 1224 1260 ad
1235 1209 1443 1261 monasterium
1456 1212 1524 1264 Fon·

284 1308 399 1361 tenellae
412 1314 554 1372 uenerunt,
566 1312 594 1360 et
605 1307 707 1361 ibidem
720 1306 869 1362 nonorltlce
877 1319 977 1375 corpus
989 1308 1075 1360 sancti
1088 1305 1216 1361 ansberti
1225 1306 1304 1383 Juxta
1316 1319 1424 1375 corpus
1438 1311 1526 1363 sancti

285 1402 370 1470 patris
381 1403 560 1471 Gandregisili
576 1405 751 1470 sepelierunt,
772 1419 847 1459 anno
864 1407 971 1460 llonrini
993 1405 1191 1460 sexcentesimo
1209 1406 1395 1474 nonagesimo
1414 1407 1524 1475 quinto,
1542 1410 1554 1463 l

286 1502 382 1568 quinto
394 1502 457 1555 idus
470 1504 569 1556 martii.

322 1705 472 1754 canutus
498 1707 541 1755 uu
566 1708 595 1754 s.
622 1707 763 1756 cortona
788 1707 1009 1755 cuunraouusr
1025 1686 1108 1775 (Cir.
1128 1708 1242 1774 supra,
1260 1708 1294 1774 p.
1319 1691 1400 1771 142,
1421 1692 1488 1773 4⁰).

694 1876 745 1928 Ad
757 1873 867 1928 villam
882 1874 1104 1929 silviniacum.

516 2024 671 2089 silviniaca,
685 2030 745 2076 tuas
757 2037 839 2093 cogor
851 2038 926 2078 nunc
938 2025 1053 2078 reddere
1065 2037 1161 2078 causas
1178 2041 1186 2089 3

580 2124 710 2189 incipiam
723 2125 828 2190 laudes,
842 2124 997 2190 Silviniaca,
1011 2130 1082 2178 tuas.

515 2223 617 2276 tiarrdia
628 2237 727 2293 inagna
739 2226 822 2291 capis,
835 2226 952 2292 geminis
964 2222 1074 2278 suffulta
1086 2226 1233 2289 columnis,

582 2323 677 2375 inclita
686 2323 848 2378 christicolis
859 2324 959 2392 gaudia
970 2336 1068 2393 magna
1081 2325 1165 2390 capis.

516 2423 620 2475 Maronia
632 2437 750 2491 narnque
762 2429 808 2478 tua
824 2425 938 2479 ltaiolus
950 2424 1073 2479 condidit
1085 2424 1185 2491 ampla,

580 2523 760 2589 ltultiplicans
771 2525 869 2590 opibus
883 2526 990 2579 maenia
1002 2537 1121 2591 namque
1132 2528 1188 2577 tua.

514 2631 590 2684 udilo
602 2637 663 2698 post
675 2634 789 2685 veniens
801 2633 897 2686 eadem
910 2632 1048 2687 studiosus
1060 2631 1186 2689 adornat.

579 2732 696 2797 ampliat
707 2737 734 2785 et
746 2738 858 2786 renouat
869 2731 948 2786 odilo
959 2737 1020 2800 post
1031 2734 1156 2786 veniens.

511 2830 638 2884 coetibus
651 2832 797 2899 consociat,
811 2845 874 2885 cunr
887 2845 947 2887 sors
958 2837 1080 2886 extrema
1091 2832 1271 2899 propinquat,

580 2933 649 2983 llors
661 2932 707 2984 uhi
719 2931 856 2997 dissociat,
869 2945 899 2984 se
910 2930 960 2986 tilii
973 2932 1122 2986 consociat.

511 3029 588 3081 odilo
600 3028 665 3082 dum
678 3031 801 3095 moritur,
814 3044 870 3084 non
883 3044 965 3096 parva
978 3032 1106 3098 trophaea
1119 3032 1245 3096 resumis,

576 3130 769 3183 accumulatur
781 3131 869 3184 honos
881 3130 960 3184 odilo
973 3131 1040 3184 dum
1053 3130 1178 3184 moritur.

514 3229 664 3294 Perstrepe,
677 3228 776 3294 plaude
786 3230 861 3295 satis,
875 3231 957 3282 tantis
968 3229 1095 3283 decorata
1108 3229 1265 3295 triumphis,

576 3332 620 3382 llis
631 3337 728 3383 ornata
740 3331 806 3383 siris
818 3336 969 3397 perstrepe,
982 3331 1081 3397 plaude
1095 3331 1169 3383 salis.

509 3429 615 3482 rsaltite
627 3443 683 3495 ros,
697 3429 833 3498 monachi,
847 3435 1003 3484 sanctorum
1016 3430 1114 3483 uiuere
1126 3430 1185 3483 dari

572 3532 659 3581 iturea
673 3542 736 3582 vasa
748 3531 805 3595 liei,
819 3529 924 3595 psallite
937 3543 995 3594 vos,
1008 3531 1145 3584 monachi.

507 3626 627 3680 Plaudite
637 3640 694 3693 vos,
708 3628 810 3694 populi,
825 3633 914 3682 tantos
926 3630 1060 3682 meruisse
1072 3633 1214 3695 patronos,

572 3725 854 3795 t'ooiliusonrnigenis
867 3728 987 3793 plaudite
1000 3739 1060 3793 vos,
1073 3727 1178 3794 populi.

509 3824 626 3877 caelitus
639 3825 683 3877 lric
695 3825 787 3879 ueniat
799 3827 906 3880 llonrini
919 3827 1062 3889 benedicta
1075 3831 1202 3892 potestas,

573 3916 807 3984 sanctificansque
820 3931 918 3971 rnanus
932 3919 1044 3972 caelitus
1057 3918 1109 3970 lruc
1120 3919 1220 3970 veniat.

506 4013 594 4067 llloria
607 4028 705 4083 rnagna
717 4018 787 4071 Patri
802 4023 919 4083 maneat,
929 4019 1079 4084 (lenitoque
1091 4019 1207 4071 tonanti.

571 4117 608 4165 sit
621 4115 679 4169 laus
691 4117 812 4182 spiritui,
825 4117 912 4185 gloria
922 4129 1020 4184 magna
1034 4117 1114 4170 Patri.

787 4215 990 4281 epytafium.

506 4315 572 4373 liert,
586 4326 667 4380 quarn
677 4315 820 4368 ooniusurn
834 4315 924 4368 reddit
935 4329 996 4369 sora
1007 4316 1102 4370 ultima
1115 4316 1254 4382 plancturn
1269 4338 1276 4373 ε

570 4414 683 4466 Maxima
696 4414 740 4467 lux
753 4412 829 4467 orbis
842 4415 885 4467 tric
895 4416 968 4480 jacet
979 4415 1124 4469 exanimis.

506 4502 581 4556 udilo
593 4504 633 4556 sir
645 4512 765 4568 sanctus,
778 4505 977 4560 monachorum
990 4507 1103 4574 signiter
1115 4507 1215 4570 almus,

569 4602 690 4656 Nobilior
699 4604 785 4666 caelo,
797 4604 934 4659 clauditur
944 4607 996 4660 hoc
1009 4606 1123 4660 tumulo.
