3136 5482
185 333 253 399 580
530 350 655 400 caran.
675 349 776 401 cono.
796 349 969 400 nneroon.
990 350 1071 400 nar.

180 580 184 585 ,
218 519 249 571 6.
263 516 382 581 Quadam
395 515 496 569 etenim
514 515 633 580 dicrum,
655 517 720 568 dum
742 514 860 568 lacobus
882 518 944 567 nata
956 515 991 568 de
1004 527 1085 568 causa
1096 513 1241 582 egrediens
1254 512 1320 566 solus
1329 510 1381 562 sun
1435 486 1437 537 3

185 620 318 683 carperet,
331 614 429 668 accidit
440 620 470 668 ut
482 615 593 682 quidam
606 615 731 682 leprosus
743 613 857 667 veniens
874 627 1048 680 sequensque
1068 617 1129 679 post
1146 618 1252 681 tergum
1265 616 1354 678 rogaret
1362 614 1383 661 ut

184 715 368 781 elemosynam
380 715 432 767 sibi
454 715 636 781 impenderet.
649 718 682 767 llt
702 715 748 767 ille
761 713 986 780 circumspiciens
1006 718 1034 767 et
1054 713 1196 767 neminem
1207 716 1311 779 praeter
1330 714 1384 761 sest

186 826 333 879 pauperem
355 813 461 877 videns,
485 812 550 866 dum
573 826 628 866 non
648 813 759 865 timeret
778 812 959 878 praesentiam
978 811 1094 878 alicujus
1107 824 1168 864 sese
1180 805 1384 868 videntisdnndo

185 911 371 978 elemosynam
384 924 496 965 manum
508 911 648 965 osculatur
658 912 827 978 accipientis.
840 914 898 975 Quo
911 916 1004 964 sancto
1022 910 1116 964 osculo
1129 910 1256 976 leprosus
1272 906 1405 971 tactnsabi

186 1012 261 1065 omni
282 1013 445 1079 contagione
469 1012 560 1077 leprae
581 1012 671 1064 statim
693 1011 841 1065 mundatus
859 1015 909 1064 est.
931 1011 981 1075 Qui
1003 1010 1130 1064 nesciens
1150 1007 1312 1063 beneficium
1328 1020 1386 1060 suun

186 1111 285 1174 celare,
300 1124 348 1177 per
361 1111 463 1177 plateas
475 1109 613 1164 clamitare
625 1111 715 1177 coepit
725 1110 856 1164 iacobum
868 1109 1070 1163 emundationis
1082 1122 1149 1162 suae
1166 1121 1278 1162 causam
1287 1107 1387 1161 extitisse

186 1209 263 1262 t'olat
275 1209 346 1261 lama
359 1221 407 1274 per
427 1209 582 1277 circuitum,
602 1221 656 1275 quo
678 1208 780 1261 volatili
799 1213 910 1261 nonest
929 1207 1050 1261 velocius
1066 1206 1165 1273 ullum,
1179 1213 1206 1259 et
1218 1206 1283 1259 velit
1292 1203 1387 1259 uolitdc

188 1308 340 1373 prehensus
368 1313 408 1360 est
425 1289 534 1374 juvenis
552 1308 649 1360 iecisse
672 1306 829 1374 hujusmodi
850 1308 963 1360 lurtum.
984 1309 1022 1360 b'e
1043 1319 1166 1371 vereare,
1187 1305 1288 1358 lamule
1306 1303 1352 1363 bei,
1364 1313 1388 1353 nc

186 1420 300 1460 vereare
317 1407 474 1474 popularem
499 1407 617 1461 laudem.
639 1407 727 1461 llabes
747 1407 821 1460 enim
841 1410 904 1474 post
926 1409 1010 1460 beum
1030 1406 1153 1472 jndicem
1174 1397 1416 1460 conscientianabtt

187 1507 261 1560 omni
275 1521 360 1561 naevo
372 1508 497 1561 vanitatis
510 1521 617 1574 puram,
630 1507 664 1560 ab
676 1507 752 1561 omni
765 1508 835 1560 fastu
851 1507 997 1573 superbiae
1015 1508 1159 1573 integram,
1179 1503 1296 1559 invidiae
1307 1502 1386 1556 lacibus

187 1606 382 1674 incorruptam.
396 1606 467 1659 Nibil
479 1607 527 1660 tibi
540 1605 695 1660 timendum
707 1612 748 1660 est
765 1606 800 1659 de
819 1606 959 1660 favoribus
976 1605 1088 1670 saeculi,
1109 1618 1192 1673 quem
1211 1605 1308 1658 retinet
1321 1607 1388 1656 tastu

188 1718 266 1758 amor
280 1706 308 1759 in
320 1706 432 1759 caritate
444 1706 553 1759 Christi.

220 1805 252 1857 7.
262 1806 293 1857 lu
305 1810 409 1858 tantum
423 1818 488 1858 vero
500 1805 590 1858 timuit
603 1818 742 1859 rumorem
756 1819 805 1872 per
819 1806 945 1859 viciniam
963 1818 1116 1872 expansum
1129 1810 1160 1858 ut
1174 1818 1257 1872 quem
1269 1797 1388 1857 anteana

188 1910 282 1957 sancta
294 1910 458 1967 servaverat,
471 1918 533 1957 cum
547 1906 706 1959 Gnetbnoco
725 1906 808 1958 tratre
820 1904 854 1957 ad
874 1906 1066 1958 monachicum
1083 1905 1267 1973 transfugeret
1283 1894 1418 1955 habitanti

188 2005 256 2055 buce
266 2003 347 2055 ambo
360 2004 485 2055 monachi
506 2003 568 2055 iacti
589 2009 616 2055 et
638 2004 806 2071 asperiorem
826 2004 907 2056 vitam
929 2004 1058 2071 aggressi,
1075 2002 1199 2071 gaudent
1219 2016 1258 2065 se,
1271 2002 1390 2066 utputant

187 2103 307 2155 evasisse
323 2102 448 2166 publicae
463 2102 577 2155 actionis
589 2102 745 2155 versatilem
765 2102 858 2155 ludum
880 2108 962 2170 atque
984 2104 1117 2155 transisse
1135 2103 1165 2154 in
1183 2096 1390 2167 contemplationis

189 2200 303 2267 asylum.
316 2202 375 2252 lam
388 2201 469 2252 vestis
479 2199 611 2266 liispidior
631 2206 659 2252 et
671 2200 748 2253 cibus
760 2202 892 2267 asperior,
905 2201 1007 2254 scilicet
1026 2201 1134 2254 lumbos
1151 2201 1288 2269 stringens
1299 2196 1390 2251 cilicium

189 2301 217 2350 et
228 2298 325 2364 epulae
345 2297 451 2351 radices
472 2299 629 2364 herbarum,
650 2298 801 2353 ostendunt
819 2301 864 2353 bei
877 2301 993 2353 athletas
1012 2313 1096 2353 carne
1109 2300 1167 2352 sola
1177 2308 1278 2352 terram
1290 2297 1391 2351 colereet

189 2399 286 2464 spiritu
298 2398 388 2451 caelos
401 2399 563 2452 inhabitare.
585 2399 638 2452 sed
658 2406 761 2467 quanto
783 2400 844 2466 plus
865 2400 991 2454 laborant
1010 2414 1070 2453 sese
1082 2399 1202 2466 deicere,
1214 2405 1288 2452 tanto
1298 2387 1421 2451 occurriii

189 2498 229 2550 eis
240 2497 427 2550 abundantius
447 2499 606 2552 clarescere.
630 2499 810 2553 creberrimis
832 2501 933 2554 etenim
955 2501 1057 2554 micant
1068 2500 1227 2567 virtutibus,
1243 2497 1288 2566 qni
1300 2510 1327 2550 se
1336 2500 1394 2562 puta

190 2598 256 2650 bant
266 2597 379 2650 alienari
393 2598 520 2650 humanis
532 2598 670 2652 laudibus.

222 2694 254 2748 8.
267 2698 325 2748 tlon
339 2696 420 2763 longo
432 2697 535 2762 qnippe
554 2698 681 2764 sequenti
702 2698 854 2765 intervallo,
873 2698 940 2751 dum
952 2713 1016 2752 cum
1036 2699 1188 2753 coenobitis
1207 2698 1307 2765 proprii
1325 2705 1396 2748 mona·

189 2795 263 2846 sterii
276 2793 310 2846 ad
324 2793 479 2848 metendam
493 2797 704 2849 messiunculam
717 2798 835 2863 exirent,
846 2799 918 2852 lnter
929 2799 1003 2865 ipsos
1016 2798 1173 2864 manipulos
1182 2810 1295 2864 serpens
1306 2794 1370 2849 latuit
1378 2797 1398 2844 et

190 2905 274 2943 unum
288 2904 323 2943 cx
336 2892 464 2944 fratribus
485 2893 598 2957 periculi
622 2895 761 2947 incautum
782 2896 937 2949 momordit.
963 2897 1010 2948 (lui
1033 2896 1205 2948 mortiferum
1223 2906 1351 2947 venenum
1362 2885 1430 2956 pet&

190 2989 311 3041 membra
324 2991 412 3055 coepit
430 2988 557 3057 diffundi,
580 2999 607 3043 ct
628 2992 698 3044 nihil
719 2993 793 3045 aliud
807 2995 834 3046 in
848 3007 880 3046 eo
893 3008 974 3060 quam
988 2995 1083 3047 mortis
1096 2995 1246 3061 imaginem
1259 2992 1348 3045 videri.
1358 2985 1398 3039 Sed

190 3088 287 3140 fratres
300 3090 410 3151 uterini,
425 3096 545 3142 materna
559 3093 627 3143 uniti
640 3094 761 3151 caritate,
775 3094 889 3145 accincti
906 3095 1017 3146 inomni
1029 3095 1137 3161 negotio
1151 3106 1320 3145 succurrere.
1332 3101 1399 3156 quan·

191 3189 278 3240 tocius
292 3201 324 3240 eo
340 3203 428 3255 usquc
441 3195 588 3256 properant
599 3199 626 3243 et
639 3206 701 3244 cum
714 3206 784 3258 aqua
797 3194 940 3246 benedicta
953 3195 1011 3246 loca
1029 3191 1119 3246 diffusi
1138 3194 1239 3245 veneni
1253 3191 1400 3255 anticipaut;

191 3286 313 3352 iactaque
327 3290 448 3340 oratione
462 3294 489 3340 ct
510 3289 641 3355 impressa
660 3291 779 3357 desuper
798 3291 919 3345 vivificae
941 3294 1029 3344 crucis
1043 3293 1171 3359 imagine.
1185 3290 1305 3344 reddunt
1317 3287 1399 3340 incolu-

191 3398 261 3436 mem
275 3391 301 3437 et
314 3399 411 3438 sanum
424 3401 505 3452 quem
520 3389 600 3452 paulo
613 3396 676 3441 ante
688 3392 821 3455 putabant
832 3391 877 3442 alii
892 3404 953 3443 mox
966 3390 1165 3456 sepeliendum.
1184 3394 1242 3454 Quo
1253 3392 1319 3442 lacto
1330 3379 1434 3440 cremii

190 3491 254 3535 sunt
273 3498 369 3537 omnes
390 3486 508 3538 divinam
531 3490 677 3552 potentiam
700 3490 873 3556 benedicere,
896 3504 966 3556 cyuae
986 3491 1096 3558 dignata
1115 3497 1155 3543 est
1170 3492 1211 3542 eis
1223 3491 1290 3543 tales
1303 3486 1401 3541 medicos

191 3596 363 3650 praeparare.

223 3683 254 3734 9.
269 3685 298 3734 ln
311 3685 446 3737 territorio
459 3687 540 3737 etiam
554 3687 606 3737 illis
619 3688 707 3740 vicino
721 3695 779 3741 erat
791 3689 927 3755 quaedam
940 3689 1030 3753 vidua,
1042 3703 1115 3755 quae
1128 3695 1183 3742 tam
1197 3690 1278 3757 longo
1292 3690 1402 3754 languore

191 3792 272 3845 quarn
286 3794 408 3833 maerore
420 3785 519 3837 attrita.
533 3798 613 3836 caeca
626 3787 695 3838 facta
706 3793 754 3839 est.
769 3788 821 3839 Sed
834 3787 934 3840 auditis
947 3794 987 3840 tot
1006 3789 1202 3840 miraculorum
1221 3788 1314 3855 signis,
1331 3793 1401 3848 usquc

191 3880 218 3930 in
233 3881 412 3944 praesentiam
426 3888 580 3935 sanctorum
594 3885 708 3937 fratrum
723 3900 752 3938 se
772 3887 834 3940 lecit
854 3886 964 3951 adduci,
983 3896 1011 3940 et
1028 3888 1145 3954 pedibus
1159 3901 1255 3940 eorum
1268 3876 1433 3952 promiscii

189 3980 321 4031 auxilium
334 3980 480 4034 festinabat
492 3983 628 4036 invocare.
641 3986 693 4038 Sed
706 4000 768 4039 mox
780 3993 810 4038 ut
823 3988 912 4040 fronte
925 4000 974 4039 sua
988 3987 1071 4053 pedcs
1090 3993 1250 4040 sanctornm
1262 3983 1399 4040 summatim

191 4079 284 4143 tetigit,
298 4079 414 4131 celerius
426 4094 509 4146 cyrtam
521 4081 574 4134 dict
587 4084 673 4136 valeat
686 4084 838 4138 illuminata
851 4088 978 4138 surrexit.

224 4176 272 4228 10.
287 4178 354 4240 Quid
368 4186 479 4243 agerent
496 4193 543 4245 per
557 4187 639 4233 totam
653 4182 795 4250 regionem
808 4185 882 4237 illam
896 4184 1017 4253 languidi
1039 4192 1066 4238 ct
1078 4198 1177 4239 omnes
1199 4186 1298 4238 diversi
1310 4180 1400 4252 generis

189 4277 326 4328 morbidi?
338 4278 386 4340 Qui
398 4279 512 4342 pedibus
521 4281 621 4336 valent.
633 4282 762 4335 festinant
771 4298 882 4337 currere
892 4303 900 4347 3
911 4287 957 4352 qui
968 4299 1063 4353 gressu
1073 4294 1226 4351 nequeunt,
1240 4283 1361 4338 vehiculis
1373 4277 1398 4330 ad

187 4377 335 4439 patrocinia
348 4384 503 4430 sanctorum
516 4393 575 4431 sese
588 4381 691 4433 iaciunt
708 4382 854 4435 adtestari.
875 4384 923 4436 Ubi
945 4398 1051 4437 summa
1065 4386 1166 4450 pietate
1180 4391 1289 4438 ostensa
1301 4389 1357 4435 sunt
1366 4371 1429 4429 nisu

187 4475 316 4528 virtutum
329 4476 400 4527 dona
411 4483 478 4542 quot
489 4477 580 4531 dicere
600 4480 675 4532 nulla
694 4482 784 4534 valent
804 4482 912 4549 eloquia
927 4498 933 4534 :
949 4485 1020 4535 sicut
1042 4485 1117 4536 enim
1135 4484 1304 4550 impossibile
1322 4480 1396 4532 fuitei

188 4572 341 4639 singulatim
354 4575 503 4640 percipere.
527 4577 562 4628 ita
583 4577 750 4642 impossibile
772 4588 813 4631 est
833 4593 866 4633 ea
885 4583 1044 4647 singulatim
1058 4595 1183 4635 narrare.
1198 4583 1276 4635 Caeci
1288 4578 1395 4646 equidem
