3136 5482
188 288 255 354 424
532 300 657 352 caran.
677 301 777 352 eonn.
793 302 969 354 cremeas.
988 300 1071 353 nar.

185 474 274 527 laudis
286 473 490 526 concluderem.
504 471 580 536 Quod
601 485 666 539 ergo
687 477 783 525 natura
796 472 887 526 minus
908 473 1000 538 nabet,
1012 476 1059 527 tua
1077 477 1172 526 sancta
1191 473 1338 527 intercessio
1352 471 1387 526 ad·

11 577 21 594 '
36 574 161 642 0111311-
188 573 323 626 ministret
335 575 353 625 ·.

0 654 107 763 *ahgi
116 645 174 706 Μ’
218 672 268 725 18.
282 672 495 726 Consuetudinis
508 675 565 724 erat
581 671 660 724 beato
680 672 794 726 ltrnulio
807 673 934 740 episeopo
954 673 1069 741 singulis
1081 673 1209 728 noctibus
1220 686 1281 726 eum
1291 672 1386 726 suisele

185 773 248 825 rieis
261 771 401 825 matutinis
413 770 540 824 laudibus
561 770 693 823 interesse
706 776 778 824 etex
791 770 936 825 deuotione
948 786 995 826 eas
1008 773 1150 827 lneobare.
1164 774 1284 840 cumque
1294 771 1385 840 quadan

184 874 242 926 viee
256 874 383 925 Domine
396 871 480 925 tabia
491 884 559 925 mea
572 871 694 938 aperies
707 872 828 925 initiaret
848 877 876 925 et
887 874 976 926 omnis
998 873 1100 927 chorus
1116 885 1268 940 omnesque
1277 871 1318 939 qui
1328 867 1405 938 praei

184 978 275 1026 sentes
287 972 402 1025 aderant
414 973 572 1035 tacuissent,
586 971 731 1024 subsecuta
743 975 785 1024 est
796 985 858 1024 eum
872 984 923 1025 vox
934 970 1055 1039 angelica
1068 985 1139 1039 quae
1161 971 1298 1038 respondit
1307 987 1314 1023 :
1324 970 1386 1024 litet

184 1083 284 1124 meum
307 1070 505 1125 annuntiabit
527 1070 650 1122 maciem
671 1072 767 1122 iteum.
783 1070 912 1136 Sequenti
924 1084 1035 1138 quoque
1048 1076 1129 1125 noete
1150 1071 1185 1125 ad
1203 1071 1333 1125 ecclesian
1342 1082 1386 1137 per·

184 1184 259 1236 gens,
272 1169 437 1237 psalmodiae
449 1182 514 1222 suae
527 1181 638 1220 eursum
649 1167 820 1221 decantabat.
835 1170 901 1221 cum
914 1182 978 1237 crgo
991 1169 1113 1236 psalterii
1126 1169 1211 1224 finem
1223 1171 1315 1223 lacere
1324 1175 1384 1235 aque

184 1270 217 1322 ad
231 1271 304 1322 bunc
316 1283 424 1322 versum
438 1269 551 1322 veniens
564 1282 570 1317 ε
584 1266 779 1320 Ecultobunt
796 1268 899 1321 saneti
912 1268 945 1320 in
963 1269 1078 1338 gloria,
1091 1269 1239 1335 paululum
1256 1268 1384 1335 respirando

9 1367 129 1421 concinit
142 1372 165 1421 1.
182 1367 354 1434 substitisset,
369 1380 478 1421 rursum
491 1379 541 1419 vox
555 1366 647 1418 divina
660 1367 718 1418 voci
732 1366 791 1431 ejus
803 1366 942 1419 concinuit
953 1368 973 1431 ·,
987 1367 1165 1420 subintereus
1179 1382 1186 1418 :
1200 1365 1382 1421 Laocoonta
1392 1367 1412 1417 11

20 1471 98 1524 'one
112 1471 138 1523 2.
181 1468 303 1521 autem'
316 1465 349 1517 in
362 1464 512 1518 eubilibus
523 1463 598 1517 suis.
612 1466 687 1516 'runc
701 1463 834 1517 intellexit
846 1464 886 1516 vir
904 1467 958 1518 lieo
976 1464 1074 1532 plenus
1091 1465 1168 1532 quod
1179 1465 1265 1518 saneti
1276 1476 1382 1532 perpree

183 1565 300 1617 sentium
314 1564 437 1618 laborum
459 1576 560 1631 agones
581 1563 757 1616 exultationis
776 1568 905 1616 aeternae
921 1563 1034 1631 gloriam
1056 1565 1217 1631 meruerint,
1236 1564 1281 1618 ubi
1297 1568 1332 1618 cst
1346 1575 1382 1617 tot

182 1663 299 1717 laetitiae
318 1676 350 1716 ao
371 1663 475 1727 salutis,
489 1675 520 1715 ao
540 1663 657 1729 qualiter
678 1663 849 1729 episcopatus
870 1663 910 1715 sui
934 1664 1077 1730 bonorem,
1099 1663 1133 1716 ad
1154 1677 1237 1731 quem
1256 1666 1380 1729 assumptus

181 1766 278 1830 luerat,
291 1766 454 1820 declinando
475 1768 581 1834 fugeret
602 1767 698 1820 tacitus
711 1767 739 1819 in
760 1765 843 1819 corde
866 1771 980 1819 tractare
992 1766 1091 1833 eoepit.
1105 1766 1278 1820 Existimabat
1288 1764 1348 1820 eum
1359 1775 1380 1816 se

7 1869 16 1886 ·
28 1879 144 1944 praesen
180 1866 307 1931 pastorali
319 1879 383 1918 cura
396 1866 498 1933 aliquid
520 1866 637 1931 prioris·
650 1866 720 1919 tilae
733 1865 859 1932 perdere,
873 1870 901 1919 et
910 1865 971 1920 ideo
990 1879 1103 1920 securus
1115 1867 1218 1919 terreni
1239 1865 1328 1935 negotii
1337 1860 1409 1916 abeli

50 1937 83 1985 1¹⁶
95 1934 120 1986 ²·
182 1979 234 2030 que
249 1965 450 2032 impedimentis
470 1965 655 2019 saecularibus
673 1966 788 2018 bomine
800 1965 908 2019 solebat
928 1965 1040 2019 servire.
1055 1968 1145 2020 Pauco
1167 1964 1275 2033 quidem
1287 1970 1378 2030 terame

34 2077 93 2119 om.
104 2068 128 2117 l.
180 2065 312 2117 eeclesiae
325 2065 334 2084 ·
348 2065 468 2132 regimen
481 2065 577 2130 tenuit,
593 2064 640 2118 sed
655 2070 746 2118 tamen
759 2063 886 2119 fidelibus
898 2064 1016 2118 fideliter
1029 2065 1156 2132 praeluit.

33 2176 92 2218 om.
105 2167 128 2216 1.
213 2164 263 2220 te.
276 2164 315 2216 acl
329 2165 387 2230 ejus
411 2165 502 2232 itaque
523 2170 625 2230 spectat
645 2165 772 2217 meritum
794 2171 821 2218 et
838 2165 973 2233 'gloriam
986 2169 1013 2218 et
1026 2164 1059 2218 ad
1076 2177 1228 2231 perennem
1239 2163 1318 2218 laudis
1330 2172 1378 2214 otte

180 2244 300 2328 titulum,
314 2263 386 2330 quod
400 2263 601 2330 praedicatione
613 2277 662 2317 sua
674 2277 784 2317 omnem
796 2278 859 2317 cum
874 2278 936 2332 rege
948 2278 979 2318 ae
992 2263 1094 2331 populo
1106 2265 1240 2319 conuertit
1248 2261 1374 2329 numum

181 2367 208 2414 et
219 2362 342 2415 sobolem
355 2363 468 2416 bomine
479 2363 574 2431 genuit
585 2376 633 2430 per
646 2363 810 2430 baptismum
829 2363 992 2431 adoptivam.
1005 2365 1089 2430 (iuius
1105 2363 1287 2419 conversionis
1300 2354 1407 2413 moduli

181 2459 224 2512 bie
245 2461 327 2513 luisse
347 2461 483 2514 scribitur.
498 2463 595 2515 Beatus
615 2462 736 2529 pontifex
757 2462 792 2515 tle
804 2476 858 2529 quo
870 2475 961 2515 sermo
980 2463 1105 2529 babetur,
1118 2468 1261 2531 postquam
1277 2456 1374 2527 inpouti·

181 2558 275 2612 licatus
287 2559 328 2612 sui
341 2559 429 2614 olllcio
442 2574 545 2613 annum
567 2574 654 2613 unum
666 2568 693 2613 et
704 2561 800 2614 decem
821 2566 848 2615 et
859 2567 963 2629 septem
984 2561 1043 2615 dies
1054 2568 1168 2616 strenue
1181 2562 1289 2630 peregit,
1300 2555 1373 2613 relleffl

180 2658 278 2710 itemm
291 2658 419 2711 omnibus
431 2661 607 2724 temporalem
629 2661 762 2713 bonorem
780 2660 857 2729 sugit,
870 2666 898 2714 et
908 2661 1015 2714 occulte
1025 2659 1182 2722 discedens.
1196 2661 1297 2729 penitus
1309 2659 1330 2712 le
1353 2657 1372 2720 l,

180 2762 260 2822 atquc
274 2756 307 2809 ad
321 2758 550 2824 peregrinandum
564 2759 635 2812 riam
647 2759 782 2826 disposuit
798 2760 953 2826 pariterque
970 2760 1095 2827 arripuit.
1107 2763 1160 2815 Per
1176 2761 1296 2815 undecim
1305 2760 1372 2811 autem

178 2859 335 2908 annorum·
355 2857 470 2921 spatium
492 2872 560 2924 cpuas
580 2861 666 2924 potuit
687 2859 885 2913 ferventissimo
906 2860 963 2913 zelo
985 2862 1111 2929 regiones
1130 2861 1296 2928 perlustravit
1311 2850 1402 2921 abaci

179 2968 265 3019 paene
278 2957 434 3008 universum
447 2959 540 3010 orbem
555 2958 762 3023 praedicationis
773 2961 857 3026 gratia
871 2960 1001 3026 replevit;
1016 2961 1165 3013 novissime
1173 2973 1236 3014 vero
1248 2955 1368 3025 ltisparian

178 3055 362 3107 illustraturus
374 3058 498 3109 accessit.
513 3059 560 3110 Ubi
573 3072 635 3111 eum
648 3059 744 3112 incolis
757 3060 810 3111 illis
824 3063 906 3112 beum
921 3061 1090 3113 incessanter
1102 3060 1270 3128 praedicaret
1280 3064 1303 3112 et
1312 3060 1334 3108 ut
1345 3051 1368 3103 tl

178 3153 311 3207 idolorum
332 3157 438 3209 cultura
459 3164 598 3210 cessarent
615 3174 734 3226 eumque
754 3161 801 3227 qui
821 3162 848 3211 in
868 3159 949 3213 caelis
968 3133 1064 3228 regnat
1082 3163 1230 3215 adorarent
1240 3162 1294 3213 sine
1304 3155 1366 3218 atique

178 3254 385 3320 interpolatione
407 3263 539 3314 moneret,
553 3259 636 3325 aliqui
657 3261 716 3326 ejus
733 3261 844 3313 monitis
862 3259 1025 3314 salutaribus
1038 3262 1136 3314 imbuti
1149 3261 1230 3315 fidem
1242 3256 1365 3323 recepetltl¹1

176 3354 378 3407 christianitatis
390 3360 471 3422 atque
491 3370 567 3410 sacra
579 3372 628 3411 sua
648 3360 833 3426 relinquentes
854 3361 977 3426 baptizati
997 3362 1103 3413 suntin
1117 3364 1229 3415 nomine
1246 3364 1333 3413 sancte
1347 3338 1392 3399 ⁶¹³

177 3452 333 3506 individuae
345 3456 491 3508 trinitatis.
507 3457 616 3508 Plurimi
630 3464 720 3510 autem
742 3473 789 3525 per
802 3461 851 3512 boe
872 3462 967 3528 ruajori
985 3462 1012 3513 in
1026 3467 1153 3516 sanetum
1165 3462 1312 3516 exarserunt
1321 3447 1364 3503 ind·

176 3549 237 3603 diae
248 3552 356 3605 stimulo
369 3560 396 3605 et
416 3556 574 3621 frequenter
595 3571 656 3608 eum
677 3557 772 3623 alapis,
786 3559 923 3611 interdum
942 3560 1103 3613 verberibus
1124 3573 1158 3614 ae
1172 3561 1253 3627 plagis
1274 3542 1362 3608 inseelelt'

8 3650 16 3668 ·
31 3650 101 3703 lcrro
116 3654 141 3702 i.
175 3656 247 3712 sunt,
262 3665 468 3719 nonnumquam
482 3656 560 3706 eliam
575 3657 665 3707 stricto
677 3656 767 3722 gladio
779 3658 787 3674 '
800 3660 973 3723 appetierunt
986 3676 992 3710 :
1006 3661 1053 3725 qui
1067 3661 1257 3713 incunctanter
1266 3651 1362 3708 conica

177 3752 290 3801 tetendit
302 3758 328 3803 ct
341 3753 532 3816 spiculatorem
546 3762 575 3806 ut
597 3756 689 3807 lerirct
709 3758 804 3809 orant.
819 3759 906 3811 blultis
926 3773 1036 3825 quoque
1054 3764 1083 3812 et
1101 3760 1252 3812 innumeris
1267 3742 1361 3819 angusti

176 3851 295 3915 injuriati
309 3857 381 3910 sunl,
396 3859 424 3904 ut
437 3853 512 3905 illum
527 3868 540 3906 a
555 3854 654 3908 linibus
666 3858 722 3909 suis
736 3857 880 3922 pellerent.

207 3949 262 4001 20.
276 3951 328 4002 Sed
342 3965 387 4002 rex
399 3953 486 4018 gentis
507 3954 578 4005 illius
596 3968 658 4007 eum
681 3956 800 4009 audisset
821 3958 918 4009 lamam
940 3958 1105 4012 uenerabilis
1127 3959 1189 4023 uiri,
1201 3957 1310 4025 protinus
1324 3942 1359 3997 ill‘

6 4048 14 4124 j
28 4051 59 4109 (s
75 4063 99 4101 e.
111 4051 143 4116 j)
174 4062 236 4101 cum
247 4050 348 4114 jussit·
362 4053 513 4118 aspectibus
527 4055 705 4118 praesentari.
719 4058 739 4106 Α
752 4056 893 4108 lictoribus
915 4056 977 4109 ilico
989 4059 1206 4124 comprehensus
1218 4064 1243 4112 cl
1254 4054 1358 4110 adductus.

5 4128 24 4178 J·
42 4129 66 4166 ⁰·
80 4130 103 4167 ⁵·
118 4119 142 4168 ²·
173 4156 235 4201 ante
245 4164 339 4217 ¹regem
353 4153 425 4203 stetit
438 4153 644 4218 imperterritus.
659 4156 712 4207 Rex
724 4161 814 4209 autem
828 4171 888 4208 cum
910 4157 1054 4211 miraretur
1070 4160 1219 4214 claritatem
1232 4159 1308 4212 vultus
1320 4147 1358 4212 01⁰⁵

1369 3828 1388 3880 3

16 4248 93 4300 'eac
106 4250 131 4300 Ξ.
173 4263 203 4302 ae
216 4250 377 4303 bilaritatem
392 4254 489 4304 inentis
502 4256 510 4272 ·
523 4268 604 4320 quam
619 4256 812 4319 praetendebat
825 4258 852 4308 in
865 4259 965 4323 specie,
980 4258 1159 4327 interrogauit
1171 4275 1231 4315 eum
1243 4261 1356 4327 cujusce

173 4347 284 4401 ditionis
296 4357 376 4402 cssel.
392 4351 438 4403 llle
451 4357 541 4403 autem
555 4354 696 4418 respondit
709 4369 738 4406 se
759 4357 937 4409 cltrisliattutu
957 4371 1025 4410 esse.
1040 4358 1079 4412 Ee
1095 4373 1177 4426 qaae
1196 4366 1247 4427 esi,
1259 4338 1383 4415 11111111ι

14 4450 92 4501 'orm
109 4453 131 4500 l.
171 4446 350 4511 superstitio
369 4462 405 4501 ae
426 4463 505 4502 noua
526 4451 671 4504 doctrina
689 4455 890 4523 quatriremes,
907 4459 962 4509 out
983 4459 1053 4523 qais
1073 4459 1128 4513 ilie
1141 4464 1149 4481 '
1162 4463 1238 4515 Deus
1252 4451 1355 4529 quemfi

170 4546 388 4599 contitineiiam
401 4547 528 4601 deorum
541 4562 679 4602 eteorum
692 4552 849 4617 eoiijcbec
859 4555 872 4607 i
883 4557 925 4607 att
938 4572 945 4607 :
965 4557 1176 4625 Ouranipotenti
1188 4562 1244 4616 Deo
1256 4570 1298 4613 voa
1311 4563 1356 4606 cvl*
