3136 5482
163 307 232 374 202
509 324 634 378 caran.
654 325 756 374 cono.
775 321 949 373 noardes.
968 322 1049 373 nar.

161 492 242 547 modo
259 506 358 561 gerens
377 498 404 545 et
424 506 472 560 pro
489 492 651 546 defensione
672 491 829 559 hujusmodi
852 504 953 557 ponere
968 491 1090 547 animam
1111 505 1168 547 nen
1189 503 1301 555 mouens,
1315 484 1357 555 qui

163 594 240 660 quasi
253 592 373 646 nominis
393 593 435 646 sui
454 594 533 645 ireres
553 593 693 658 Proculus,
713 593 790 659 qnasi
813 593 955 659 pauculus,
977 592 1131 658 dicebatur,
1143 604 1236 645 verum
1253 603 1300 643 nou
1314 583 1358 641 tide
1409 626 1411 637 .

163 705 265 760 paucus
278 692 380 746 necilli
393 694 436 746 oui
455 697 580 758 mortem,
594 695 649 745 beo
669 692 843 758 disponente,
857 692 947 746 intulit
959 692 1065 746 viribus
1077 691 1206 745 inventus
1221 693 1261 743 est
1271 698 1356 755 pervus.
1409 728 1411 735 ,

165 795 288 846 Exeunte
309 793 444 859 siquidem
462 795 547 859 Lupo,
569 791 639 847 sicut
659 793 761 846 «lictum
782 796 833 857 est,
852 793 886 845 ab
907 793 1026 847 oratorio
1047 797 1075 845 et
1093 797 1158 845 ante
1179 794 1277 858 portam
1292 786 1356 855 ipsiu
1408 764 1411 795 ¹

163 891 345 944 domunculae
358 896 553 958 perstrepente,
567 891 614 944 ille
636 891 826 945 interecteros
848 891 935 944 stabat
955 898 1082 958 spectans
1103 896 1131 943 et
1148 882 1378 967 dolenscuuprot
1407 856 1411 933 Ι

165 988 233 1041 tioso
245 988 332 1054 spolio
344 1001 407 1042 curn
425 989 519 1055 abire;
533 994 559 1042 et
571 993 643 1043 totns
663 990 721 1043 zelo
733 991 778 1043 bei
792 994 954 1055 commotus,
969 1002 1024 1042 non
1038 987 1180 1041 haesitavit
1190 987 1297 1055 pugione
1310 994 1356 1037 rct-

164 1087 268 1141 tissimo
281 1094 361 1155 caput
372 1090 431 1155 ejus
440 1089 521 1142 ferire
534 1091 570 1142 ita
580 1089 685 1144 tortiter
698 1094 727 1143 ut
738 1089 812 1141 inter
824 1089 1058 1142 circumstantium
1072 1100 1171 1141 manus
1183 1085 1226 1140 rix
1237 1085 1355 1140 subsistat

165 1190 266 1252 posset.
289 1187 471 1253 Paupcrculus
489 1193 580 1241 autem
598 1189 645 1242 ille
664 1187 737 1242 ultor
755 1188 871 1255 injuriae
893 1187 1056 1240 sanctissimi
1076 1185 1206 1241 liertialis
1224 1184 1357 1239 multisono·

166 1286 255 1340 tessus
267 1286 425 1341 vulneribus
437 1287 538 1341 ibidem
560 1289 619 1342 sine
631 1287 762 1342 dilatione
778 1287 897 1342 reddidit
917 1287 1042 1354 spiritum
1054 1305 1062 1354 3
1075 1292 1103 1341 at
1117 1286 1195 1340 illurn
1213 1285 1291 1339 sandi
1304 1294 1357 1335 ure

167 1385 234 1438 sotei
248 1384 360 1452 impium
372 1385 531 1441 violatorem
544 1400 579 1440 ex
591 1385 639 1440 illo
657 1387 713 1440 ictu
724 1399 798 1440 mors
810 1386 932 1452 eorporis
944 1385 1025 1439 simul
1037 1398 1100 1439 eurn
1113 1390 1202 1440 morte
1212 1374 1390 1439 auimmmbtt

168 1489 261 1538 secuta
273 1490 332 1552 est;
351 1491 388 1549 et,
404 1484 530 1540 mirabile
544 1487 629 1551 (lietu,
642 1486 743 1552 inipso
756 1485 870 1540 articulo
883 1484 978 1540 mortis
989 1498 1025 1539 ex
1035 1484 1151 1538 vulnere
1161 1484 1256 1551 eapitis
1265 1478 1359 1549 apparuit

167 1588 287 1657 signum.
299 1590 366 1641 Nam
379 1589 455 1655 periit
468 1590 525 1655 ipse
537 1589 640 1650 infelix,
653 1589 731 1657 quasi
743 1587 867 1655 ejusdem
880 1586 969 1641 sancti
980 1585 1180 1654 promeruisset
1189 1584 1359 1653 grauemque

166 1689 241 1741 tinus
253 1701 288 1740 ex
299 1687 361 1741 oleo
373 1695 478 1753 sancto,
492 1688 566 1754 quod
587 1688 655 1741 inibi
671 1688 793 1753 ardebat,
811 1688 889 1755 plaga
906 1685 1129 1753 pertunderetur,
1148 1696 1259 1752 sperans
1277 1675 1358 1747 aliqum

167 1785 320 1841 remedium
332 1787 406 1841 unde
423 1787 461 1839 ilii
475 1787 562 1855 malus
575 1791 719 1841 venturum
731 1792 790 1840 erat
801 1786 1006 1840 detrimentum.
1020 1784 1098 1850 Quod
1110 1797 1174 1839 cum
1186 1780 1314 1837 celerrime
1323 1778 1358 1831 tte

168 1891 225 1939 tum
238 1886 342 1951 luisset,
356 1887 428 1951 ilico,
447 1899 479 1940 ac
491 1886 514 1938 si
539 1886 595 1954 igni
609 1887 775 1953 impositum,
789 1885 958 1940 horribiliter
977 1883 1124 1939 excanduit
1135 1888 1165 1938 et
1184 1880 1357 1947 mmuninpn
1368 1867 1399 1925 ¹⁸.

128 1994 132 2003 ’
170 1992 225 2038 tem
248 1999 310 2038 curn
332 1986 418 2039 fetore
439 1986 546 2052 emisit;
560 1986 723 2053 flammaque
746 1985 872 2038 fumifera
893 1984 1001 2048 reluxit,
1019 1984 1122 2037 misero
1143 1982 1240 2036 mortis
1261 1976 1359 2034 udidtd

169 2090 196 2139 et
207 2090 335 2139 aeternae
348 2087 577 2140 concremationis
587 2087 698 2155 signans
715 2086 806 2153 ignem
825 2090 977 2153 aeternum,
990 2083 1026 2138 ad
1042 2096 1127 2150 quern
1139 2095 1197 2136 non
1217 2081 1295 2135 mutto
1310 2076 1358 2144 pti·

170 2199 232 2239 sero
244 2186 315 2253 licet,
329 2186 494 2240 daemonum
515 2193 649 2240 cuneatus
669 2186 750 2255 globo
770 2186 892 2239 animam
913 2184 1072 2239 transmisit.
1087 2185 1159 2237 liora
1179 2176 1360 2249 siquidenotrr

171 2286 233 2339 dem
247 2286 300 2339 diei
321 2299 404 2351 nona,
418 2285 624 2354 ingravescente
645 2287 787 2355 languore,
805 2286 865 2353 ipse
880 2284 986 2339 solutus
1005 2295 1150 2350 acumem
1171 2281 1270 2336 multer
1285 2274 1361 2333 soldtt

171 2390 279 2443 timore.
293 2390 461 2458 Ubicumque
481 2391 541 2457 ejus
561 2390 738 2443 nuntiabatur
759 2387 897 2451 interitus,
910 2390 965 2441 beo
983 2387 1085 2456 gratias
1102 2391 1130 2440 ct
1151 2382 1248 2438 laudes
1267 2360 1397 2449 praesb*

170 2488 252 2541 simul
264 2493 291 2540 et
302 2489 399 2557 vulgus
411 2491 512 2555 passim
524 2489 762 2552 concelebrabant,
775 2492 925 2558 sanctoque
936 2485 1049 2541 llartiali
1062 2498 1119 2540 non
1130 2478 1363 2539 mediocriterne

170 2587 305 2653 dicebant,
319 2589 409 2655 ipsum
421 2602 481 2642 esse
492 2589 666 2643 liberatorem
681 2589 785 2655 patriae
797 2595 825 2641 et
836 2586 1056 2654 potentissimum
1068 2585 1186 2639 ultorem
1198 2582 1304 2651 injuriae
1316 2578 1362 2629 tw

170 2687 301 2741 dicentes.
320 2691 353 2741 lit
372 2688 442 2742 sicut
462 2689 590 2743 omnibus
610 2689 762 2741 incusserat
784 2692 897 2753 metum,
910 2686 947 2739 ila
968 2689 1092 2753 optatum
1112 2684 1259 2739 defunctus
1275 2664 1364 2733 ΝΜ

170 2786 310 2856 gaudium.
332 2790 405 2854 Quae
425 2789 500 2842 enim
520 2786 615 2842 civitas
634 2793 681 2841 aut
694 2792 813 2841 castrum
825 2787 961 2840 autricus
979 2786 1084 2852 absque
1103 2784 1166 2851 etus
1183 2783 1262 2837 eraut
1275 2764 1364 2832 tinen!

170 2886 301 2939 liimirum
315 2888 400 2953 ipsam
414 2889 485 2955 repis
496 2889 587 2941 autam
600 2887 675 2939 iltius
687 2885 804 2940 termido
817 2884 980 2952 perculerat,
994 2884 1022 2937 in
1040 2895 1134 2951 quarn,
1147 2880 1201 2935 nisi
1221 2878 1363 2941 moneat*
1373 2852 1405 2909 Τ

170 2991 267 3038 ventus
280 2986 384 3053 fuisset,
395 2988 545 3041 conabatur
565 2986 713 3040 extendere
735 2985 881 3052 impietatis
893 2997 958 3038 suae
977 2984 1062 3037 aciem
1075 2986 1112 3048 et,
1126 2981 1149 3034 si
1161 2984 1261 3047 posset,
1272 2972 1365 3031 obtinet
1409 2958 1411 3011 ἷ

172 3086 367 3139 monarchiam.

205 3185 339 3251 btlbtbt.
353 3187 474 3251 Quodam
487 3187 587 3241 deinde
606 3192 727 3253 tempore
738 3187 812 3240 inter
823 3184 1004 3252 frequentiam
1021 3181 1108 3250 plebis
1126 3182 1225 3236 crebro
1236 3178 1295 3233 illuc
1310 3168 1367 3227 titt

172 3285 275 3338 nientis
284 3286 371 3338 iurem
383 3286 484 3339 intrare
494 3287 616 3354 contigit,
627 3287 783 3352 furtumque
794 3298 829 3337 ex
838 3282 965 3350 pretiosis
974 3293 1044 3348 quae
1056 3279 1159 3333 ibidem
1171 3282 1250 3333 erant
1258 3275 1368 3331 orttamttr

172 3386 207 3437 tis
219 3397 348 3452 peragere
359 3386 505 3438 volentem.
520 3386 595 3450 Quod
617 3387 734 3452 equaliter
754 3389 911 3451 perpetrare
923 3388 1023 3449 posset,
1036 3382 1088 3433 bae
1108 3379 1228 3446 illaeque
1243 3346 1411 3431 orbarer*

172 3483 259 3536 lorum
281 3485 455 3545 convolvens,
475 3486 545 3538 intra
565 3485 697 3538 ambitum
718 3484 859 3537 interioris
879 3487 988 3549 cryptae
1001 3496 1030 3535 se
1047 3481 1156 3534 latitare
1165 3491 1247 3546 pesse
1263 3462 1368 3543 caputii&

171 3595 242 3649 quac
250 3582 327 3636 ducis
338 3585 467 3649 Stephani
480 3584 598 3637 retinere
608 3585 740 3637 hactenus
750 3584 828 3638 busta
838 3583 956 3647 videtur,
966 3593 1111 3649 quousque
1120 3568 1370 3633 eunetisexeonrtbvt

173 3682 229 3747 ipse
242 3695 291 3747 per
308 3682 394 3735 amica
407 3685 495 3736 noetis
515 3685 620 3737 silentia
642 3697 713 3750 quae
725 3683 902 3749 concupierat
913 3688 1021 3748 raptum
1038 3681 1078 3734 ire
1096 3670 1371 3746 temptarettanrt'tt⁰

173 3780 230 3833 sole
242 3785 340 3834 ruente
352 3794 415 3834 curn
432 3795 493 3835 sese
514 3787 620 3834 oratum
634 3795 731 3836 omnes
752 3783 799 3848 qui
817 3781 1010 3848 undecumque
1031 3778 1224 3832 conduxerant
1235 3762 1372 3841 reeep'ssetl

172 3880 201 3931 in
227 3892 285 3944 sua,
310 3880 491 3947 custodesque
515 3881 644 3935 basilicae
664 3882 809 3948 diligenter
829 3880 1053 3946 circumspexisse
1078 3877 1279 3931 arbitrarentur
1294 3840 1408 3927 οιιιιιίίι5

172 3976 343 4031 diverterunt
353 3983 380 4031 et
390 3979 449 4045 ipsi,
458 3984 488 4032 ut
498 3985 559 4046 post
571 3981 691 4033 laborem
706 3979 836 4033 diurnum
848 3979 1063 4045 requiescerent.
1073 3976 1161 4030 Atiile
1171 3988 1228 4029 non
1238 3962 1375 4030 obfirmavi

172 4089 321 4143 exsurgens
341 4077 376 4129 de
395 4077 518 4141 occultis,
532 4078 629 4130 lustrat
647 4078 712 4144 quid
730 4079 764 4130 ad
782 4082 874 4130 votum
893 4076 1094 4142 subdelegeret.
1115 4076 1149 4126 ltr
1171 4074 1261 4141 primo
1279 4068 1377 4139 quidet,

172 4174 303 4240 quoniam
331 4174 403 4228 tarne
424 4176 602 4236 laboraverat,
625 4189 713 4243 poma,
732 4188 802 4242 quae
822 4176 908 4243 qratia
929 4172 1069 4228 suavitatis
1089 4172 1214 4239 bonique
1233 4169 1323 4226 odoris
1340 4164 1382 4219 illit

173 4275 373 4341 dependebant,
392 4277 452 4329 sinc
474 4282 547 4329 metu
567 4277 657 4342 coepit
675 4276 827 4329 comedere.
855 4274 932 4339 inde,
954 4274 1099 4342 sacrilegas
1118 4285 1221 4326 rnanus
1240 4268 1385 4327 urendam

173 4372 299 4440 deposuit
310 4375 442 4429 nonnulla
454 4376 513 4428 auri
526 4376 685 4443 argentique
706 4387 821 4428 munera
833 4379 898 4427 ante
918 4386 1026 4426 sacrum
1047 4371 1185 4426 tumulum
1203 4360 1411 4439 dependentia!

174 4473 222 4527 sed
234 4478 262 4526 et
273 4473 307 4526 de
318 4475 433 4543 genimis
450 4474 541 4527 aureis
562 4475 730 4527 ornamentis
751 4474 978 4527 interlucentibus
997 4470 1126 4525 muffulas
1138 4483 1254 4525 suarum
1270 4480 1394 4524 munau

174 4573 337 4641 complerit3
351 4579 377 4626 et
394 4573 518 4628 sumcere
539 4574 590 4627 sibi
611 4575 728 4629 credens
748 4574 821 4641 quod
840 4574 1017 4635 abstraxerat,
1030 4585 1086 4640 qua
1106 4576 1184 4637 parte
1204 4572 1283 4624 exire
1303 4574 1397 4637 posset,
