3136 5482
334 334 426 383 mnu.
445 334 529 385 nar.
549 335 663 384 ernis.
683 355 729 366 -
743 335 897 385 arpenn.
916 336 963 385 nn
980 336 1058 386 con.
1077 332 1153 387 5275.
1295 323 1361 389 455

128 499 268 566 duribus,
281 502 363 555 nullis
375 502 555 568 proficiebant
567 502 767 556 conaminibus.
782 505 838 567 Qua
857 503 892 555 do
914 516 943 557 re
962 517 1058 558 omnes
1072 506 1156 559 nimia
1168 508 1359 563 ammiratione

128 600 249 665 attoniti,
262 600 360 653 iterum
372 605 494 654 statuunt
506 603 580 655 senis
596 601 769 668 pmdentiam
791 602 935 656 consulere
948 604 1108 656 venerandi.
1122 605 1171 667 Qui
1190 607 1360 673 respondens

128 697 159 752 tit
173 716 181 753 :
195 700 330 754 Accedat
348 701 556 768 unusquisque
575 702 737 754 consulum
757 705 787 755 et
810 714 880 756 cum
891 702 958 755 suis
971 705 1234 775 temptetsacruut
1245 717 1356 774 corpus

128 812 231 853 enare
242 798 278 851 in
289 800 482 853 curriculum
495 818 502 866 ;
515 802 545 853 et
556 800 608 854 cui
618 798 716 867 fuerit
724 801 911 868 permissum
924 801 1007 854 illud
1025 816 1045 855 a
1059 803 1173 856 tellure
1184 803 1354 871 sublevare,

128 898 291 967 suiipsius
311 899 467 966 reqimtem
483 899 539 952 Dei
558 901 637 952 nutu
657 899 767 953 sciatis
789 900 892 966 ipsunt
913 899 1096 968 transferri.
1113 903 1189 955 Tunc
1206 903 1359 956 secundum

128 999 202 1052 uenis
214 998 334 1052 edictum
348 998 444 1052 consul
455 997 627 1052 Redonensis
639 999 744 1064 primus
764 1001 887 1064 accessit,
902 1005 929 1054 et
945 1012 1008 1053 cum
1027 1001 1084 1053 suis
1096 1007 1220 1054 sanctum
1232 1013 1331 1069 corpus
1343 1016 1359 1055 a

128 1098 229 1152 ellure
241 1110 294 1166 qua
304 1097 411 1165 jacebat
423 1097 529 1165 erigere
541 1098 690 1163 temptavit.
705 1099 804 1151 verum
816 1099 868 1151 boc
880 1111 935 1152 non
949 1099 1037 1165 potuit
1051 1114 1058 1150 τ
1071 1099 1111 1152 uis
1130 1101 1203 1153 enim
1216 1101 1307 1154 diuina
1320 1101 1358 1154 illi
1408 1096 1410 1100 ⁴

128 1197 234 1250 tbnuit.
249 1199 311 1249 Post
323 1197 396 1249 bunc
409 1195 568 1248 venetensis
580 1195 676 1249 consul
689 1195 787 1249 eadem
805 1208 885 1265 agere
899 1202 1023 1259 conatus,
1042 1197 1101 1263 ipso
1120 1199 1265 1251 conamine
1278 1199 1360 1252 cessit

128 1299 281 1349 lustratus.
302 1296 403 1348 Consul
423 1307 488 1349 voro
509 1295 705 1348 cornubiensis
726 1295 816 1349 adbuc
837 1296 967 1360 restabat,
990 1299 1017 1348 et
1038 1297 1161 1362 priorum
1171 1298 1357 1363 experimenta

128 1400 261 1463 emptore
272 1394 484 1448 dissimulabat:
507 1400 565 1447 erat
585 1395 660 1447 enim
682 1394 778 1447 ‹lextro
796 1408 910 1448 mancus
929 1396 1051 1460 brachio,
1073 1397 1101 1447 in
1124 1380 1228 1462 praelio
1245 1397 1358 1475 vulnere

128 1500 249 1561 recepto.
262 1494 311 1558 Qui
323 1500 416 1546 umen
437 1493 561 1546 omnium
579 1493 667 1559 jussu,
690 1494 774 1546 immo
792 1497 913 1559 precatu,
925 1492 1060 1547 accedens
1079 1493 1112 1547 ad
1125 1506 1233 1547 sacmm
1245 1507 1354 1561 corpus,

128 1606 179 1647 ron
192 1592 283 1646 solum
296 1591 363 1645 illud
376 1605 392 1645 a
403 1591 501 1644 tellure
512 1591 583 1644 iacili
597 1591 741 1644 conamine
750 1591 859 1657 erigens
869 1592 1005 1645 curriculo
1021 1593 1160 1659 imposuit,
1170 1606 1265 1645 verum
1275 1593 1355 1646 etiam

128 1692 269 1747 unitatem
280 1692 424 1759 pristinam
436 1690 540 1743 dudum
553 1695 641 1744 aetate
653 1691 782 1743 amissam
794 1692 974 1757 recuperavit.
987 1691 1116 1745 llirandis
1129 1691 1254 1746 miranda
1263 1705 1355 1745 succe·

128 1793 201 1847 lunt.
224 1794 310 1846 Boves
332 1793 424 1858 enim,
445 1795 525 1845 antea
546 1790 692 1856 indomiti,
709 1791 782 1844 ierre
797 1792 893 1859 jugum
912 1791 1080 1857 insolentes,
1100 1805 1156 1845 non
1177 1791 1213 1845 ad
1233 1791 1355 1845 dextram
1374 1774 1381 1786 ’

128 1890 260 1959 usquead
272 1891 410 1945 sinistram
431 1889 611 1954 declinantes,
634 1890 709 1943 nullo
729 1889 830 1943 visibili
853 1894 964 1958 regente
983 1890 1148 1944 incedebant
1160 1889 1289 1944 concordi
1303 1896 1354 1943 tra·

128 1992 186 2045 uite
197 1991 303 2059 absque
312 1990 369 2044 ullo
381 1990 527 2042 resistente
540 2001 665 2055 rancore,
676 2002 707 2042 ac
720 1990 741 2041 si
753 1989 799 2042 illo
812 1987 906 2042 diatim
919 1988 1102 2042 assiduissent
1113 2002 1207 2057 opere.
1219 1989 1354 2054 Quemad-

128 2090 234 2145 nodum
255 2091 321 2145 olim
341 2091 423 2143 binae
444 2090 527 2142 boves
546 2094 618 2143 retro
639 2090 736 2142 diebus
758 2090 827 2142 actis
847 2091 918 2143 ierre
935 2091 1031 2158 jugum
1050 2090 1184 2143 inbabiles
1197 2103 1287 2143 aream
1307 2089 1352 2142 ltei

128 2188 316 2242 mandatorum
328 2187 468 2256 legiferam
481 2188 510 2240 in
522 2192 595 2241 terra
604 2188 673 2240 luda
686 2188 818 2252 terebant,
827 2194 857 2240 ut
868 2190 971 2257 Regum
984 2189 1065 2254 primi
1077 2188 1139 2241 libri
1152 2201 1227 2242 sacra
1239 2192 1353 2241 testatur

128 2290 245 2349 bistoria
257 2288 297 2342 sic
308 2301 358 2355 par
369 2288 463 2353 boum,
476 2293 506 2339 ut
527 2285 654 2340 sudatum
671 2293 723 2353 est,
745 2288 907 2341 sacerrimos
926 2289 1090 2341 sanctissimi
1108 2289 1212 2341 llonani
1229 2289 1351 2354 corporis

128 2396 196 2443 artus
208 2387 347 2442 cebebant
359 2387 393 2442 ad
415 2387 613 2442 occidentalem
630 2388 726 2441 mundi
744 2388 861 2456 plagam,
884 2387 913 2440 id
932 2393 972 2441 ost
984 2402 1072 2456 usque
1084 2389 1259 2443 cornubiam.
1273 2392 1348 2443 lunc

128 2495 178 2544 erat
188 2487 360 2543 deicolamm
371 2500 485 2541 cernere
499 2486 701 2541 multitudinem
714 2487 898 2554 sequentium,
911 2488 1018 2540 tinnula
1034 2488 1140 2542 cbristo
1155 2487 1244 2554 jubila
1259 2490 1349 2542 conci·

128 2589 256 2651 nentium,
269 2586 309 2640 sic
328 2592 453 2640 sanctum
467 2584 621 2638 mirificanti
643 2588 797 2649 ltonanmn,
809 2586 856 2653 qui
869 2587 898 2638 in
916 2587 1016 2639 sanctis
1029 2587 1085 2638 suis
1097 2599 1205 2653 semper
1215 2592 1257 2640 est
1270 2586 1349 2641 mira·

128 2688 182 2741 tilis
193 2692 222 2741 et
233 2700 329 2740 eorum
348 2685 515 2740 indeficienti
529 2686 674 2752 praeconio
687 2687 715 2739 in
734 2690 898 2753 perpetuum
910 2686 1109 2739 collaudabilis.
1124 2688 1239 2754 Dignum
1259 2693 1287 2740 el
1302 2689 1347 2753 ju-

128 2791 191 2840 stum
201 2791 260 2840 erat
268 2790 299 2838 ut
308 2785 435 2854 legiterae
445 2785 531 2837 instar
543 2797 623 2837 arcae
634 2783 796 2837 sanctissimi
807 2784 911 2838 Ronani
921 2784 1042 2850 corporis
1051 2796 1143 2837 arcam
1155 2783 1350 2838 indomitorum

128 2885 279 2940 inimalium
300 2883 462 2938 rationabile
482 2883 647 2949 obsequium
667 2883 789 2943 veheret,
810 2882 840 2936 in
861 2884 939 2949 cujus
959 2881 1042 2936 conle
1063 2894 1183 2947 maneo,
1207 2881 1350 2936 desideriis

130 2983 265 3039 nceutlsis
275 2984 388 3048 mundo,
398 2982 500 3051 digitus
511 2983 557 3036 ltei
567 2983 633 3051 legis
642 2982 802 3051 decalogum
812 2982 990 3048 spiritualiter
999 2987 1167 3037 exaraverat.
1175 2985 1229 3036 llec
1236 2983 1346 3047 mirere,

128 3085 245 3152 puisquis
256 3096 286 3136 es
298 3081 489 3150 hujuscemodi
502 3081 635 3135 mirabilis
646 3081 707 3134 iacti
731 3081 817 3134 lector
838 3082 881 3136 vel
902 3081 1021 3145 auditor,
1033 3083 1104 3135 hano
1117 3094 1167 3135 nos
1178 3082 1348 3136 assimilatio-

128 3183 263 3237 lembulo
283 3181 415 3248 opusculo
432 3182 563 3243 inserere,
585 3180 644 3234 ausi
665 3193 747 3247 parua
768 3182 873 3248 magnis
890 3194 1065 3247 componere.
1087 3183 1158 3234 llaec
1178 3185 1349 3250 suntmaqna

128 3282 230 3349 upemi
243 3281 439 3347 dispensatoris
452 3279 595 3346 magnalia,
606 3280 635 3332 in
644 3281 723 3346 cujus
734 3279 842 3334 dicione
855 3285 956 3333 cuncta
968 3286 1032 3333 sunt
1042 3281 1138 3347 posita,
1146 3281 1222 3346 juxta
1234 3280 1262 3333 id
1274 3280 1347 3348 quod

128 3381 153 3434 dt
165 3380 304 3449 psalmista
316 3396 323 3432 ε
340 3379 449 3432 Omnia
458 3390 666 3445 quoecumque
674 3379 773 3433 uoluit
783 3379 930 3432 Dominus
941 3377 1017 3446 fecit
1026 3378 1060 3432 in
1072 3381 1157 3433 caelo
1169 3380 1240 3433 etin
1250 3366 1347 3448 terra,

128 3480 155 3534 tn
164 3479 252 3534 muri
263 3482 293 3535 et
305 3479 338 3531 in
351 3477 492 3531 omnibus
503 3477 631 3544 abyssis.
644 3480 711 3531 curn
724 3479 805 3546 igitur
817 3492 866 3546 per
883 3481 949 3531 satis
966 3492 1107 3546 proceram
1120 3486 1255 3533 terramm
1267 3481 1348 3533 inter-

128 3580 279 3648 apollinem
300 3580 386 3633 sancti
407 3579 530 3645 corporis
549 3579 667 3646 glebam,
691 3592 803 3631 curmm
824 3578 945 3645 angelico
966 3577 1067 3632 ducatu
1088 3585 1209 3647 regente,
1223 3580 1347 3635 mirabile

128 3692 204 3732 soum
216 3678 382 3731 famulamen
393 3677 514 3747 pelleret,
528 3689 678 3730 concursus
690 3681 717 3729 et
728 3690 858 3730 occursus
870 3678 1017 3731 multorum
1030 3678 1117 3731 iactus
1128 3683 1170 3731 est
1181 3679 1346 3746 populorum

128 3778 153 3832 ld
165 3779 296 3846 exequias
307 3777 393 3830 sancti
403 3776 800 3841 catervatimconvenientium,
811 3777 894 3830 Laus
911 3775 975 3845 tibi,
992 3776 1191 3845 Coristesreoc
1202 3780 1348 3831 aeterruoe

128 3877 240 3939 dorice
256 3875 425 3930 unanimiter
436 3875 650 3941 concinentium,
666 3888 775 3929 necnon
796 3877 934 3929 Alleluia
954 3890 1018 3930 cum
1029 3891 1126 3946 magna
1138 3876 1285 3931 devotione
1297 3877 1347 3930 ire

128 3981 235 4047 tuenter
246 3975 487 4030 conclamantium.
502 3977 618 4027 Emenso
628 3987 691 4028 vero
703 3975 783 4044 longo
794 3981 928 4029 terrarum
941 3977 1037 4042 spatio,
1048 3982 1158 4029 rentum
1168 3982 1209 4029 est
1218 3976 1252 4029 ad
1261 3991 1345 4044 quan·

128 4082 180 4133 lam
193 4078 290 4131 sallem
303 4089 375 4143 quae
387 4076 478 4143 lingua
490 4076 594 4143 vulgari
607 4079 684 4129 Tnou
696 4077 778 4129 Balau
791 4077 954 4143 appellatur.
968 4077 1017 4130 liic
1027 4090 1092 4131 vero
1106 4077 1243 4145 quoddam
1262 4077 1347 4130 exeri·

128 4194 160 4234 ur
171 4176 352 4231 memorabile
365 4175 530 4243 prodigium,
543 4178 598 4229 beo
617 4181 742 4228 sanctum
763 4190 843 4228 suum
865 4176 1026 4229 mirificante
1048 4181 1242 4244 perpetratum.
1262 4178 1346 4231 Boves

128 4281 191 4336 nim
202 4277 280 4332 oneri
290 4277 335 4343 pio
345 4276 475 4342 suppositi
489 4281 517 4328 et
528 4275 563 4328 ad
576 4288 662 4342 usque
674 4275 772 4328 vallem
785 4273 967 4341 supradictam
980 4275 1083 4342 absque
1096 4276 1152 4329 ulla
1162 4276 1346 4342 probibitione

128 4394 165 4436 er
173 4376 325 4447 progressi,
336 4379 405 4427 nutu
415 4374 508 4427 divino
522 4373 713 4427 inedicibiliter
723 4375 851 4441 correpti,
864 4374 911 4428 illo
922 4375 950 4426 in
960 4375 1021 4428 loco
1029 4375 1066 4427 ita
1075 4375 1228 4428 immobiles
1236 4375 1346 4428 astitere

128 4490 136 4536 t
150 4476 320 4534 nullatenus
330 4474 426 4539 pedem
439 4473 554 4526 ulterius
567 4470 639 4525 ier're
649 4473 781 4526 valerent.
795 4471 885 4527 biifert
897 4478 988 4526 autem
1004 4474 1083 4526 uallis
1095 4474 1142 4526 illa
1154 4474 1270 4527 miliario
1290 4487 1347 4528 uno

128 4594 139 4637 t
152 4574 283 4635 oratorio
296 4571 369 4639 quod
387 4573 445 4639 ipse
456 4571 491 4624 de
504 4583 559 4638 quo
571 4571 662 4638 agitur
673 4571 738 4625 olim
751 4570 803 4625 sibi
815 4573 891 4637 juxta
903 4573 1032 4626 Nemeam
1044 4577 1242 4637 construxerat,
1256 4573 1347 4639 inquo
