3156 5452
294 359 296 362 ψ
340 329 433 378 eras.
453 327 536 378 rtur.
555 327 671 379 euers.
691 347 736 359 —
752 326 905 377 neruum
924 325 972 375 an
989 324 1066 374 oon.
1089 321 1152 371 asco
1165 324 1200 371 u.
1318 308 1384 374 347

149 498 332 564 victoriatum
346 509 442 551 secura
454 500 481 550 et
501 496 593 550 sutura
604 496 702 565 gaudia
722 509 771 550 sua
790 495 896 549 arcanis
918 493 1133 550 volutationibus
1153 493 1318 547 ruminabat.
1331 494 1385 547 Sed

151 598 196 651 ubi
217 597 254 650 ad
266 597 358 650 locum
377 600 491 649 rentum
503 601 553 657 est,
571 595 638 650 vidit
658 596 739 650 aedes
760 595 927 649 daemonicis
952 594 1049 660 plenas
1071 592 1256 658 saltatoribus
1269 593 1385 659 parietes

151 697 220 752 lauri
241 696 370 751 trondem
390 695 542 759 redimitos,
557 700 644 762 myrto
657 699 685 747 et
708 695 808 761 populo
831 695 919 747 virere
940 693 1092 760 columnas,
1106 692 1274 759 calamisque
1294 698 1385 760 postes

153 801 275 864 ornatos,
289 797 402 850 cortinis
421 796 539 850 obducta
558 796 700 860 vestibula,
722 795 782 848 vela
800 794 871 862 pieta
897 792 1017 860 pendere
1039 792 1194 858 posterulis,
1208 798 1236 845 et
1257 794 1385 859 profanos

154 896 289 950 antistites
301 895 377 948 omni
389 895 457 948 luxu
469 896 592 961 impurae
604 895 613 912 ·
626 893 769 947 hilaritatis
778 892 893 946 amietos
904 905 1014 945 versare
1024 893 1078 944 hue
1090 896 1173 958 atquo
1185 891 1253 944 illuc
1265 896 1386 944 mentem
1443 903 1451 919 ·
1463 900 1528 954 cod,

155 996 236 1050 torvis
249 996 258 1015 ·
270 995 367 1060 oeulis,
381 1008 427 1048 ore
448 1006 579 1048 converso
591 993 733 1060 despicere
754 992 844 1059 potius
858 1005 940 1058 quam
962 991 1093 1057 aspicere.
1115 992 1213 1044 Sancta
1235 1004 1309 1055 vero,
1319 1006 1380 1045 eum
1394 967 1571 1087 ggguffiis

155 1095 297 1148 inhonesta
309 1095 431 1158 vidisset,
443 1096 560 1148 tremere
570 1093 667 1160 spiritu
678 1093 776 1146 etaltis
788 1092 914 1158 suspiriis
926 1095 1029 1145 secreta
1038 1091 1128 1157 eoepit
1137 1091 1259 1157 eorporis
1270 1091 1381 1159 agitare,

156 1206 267 1247 exosam
283 1194 410 1260 judicans
431 1193 520 1247 lucem
541 1206 611 1260 quae
630 1192 771 1246 obtutibus
789 1193 846 1245 suis
861 1197 916 1245 tam
939 1191 1047 1244 tunesta
1065 1194 1126 1243 vota
1139 1190 1286 1257 impietatis
1302 1191 1389 1259 inges-

155 1299 242 1361 serat3
255 1294 357 1348 deinde
377 1296 563 1348 horrerearas
583 1294 669 1347 bustis
691 1294 815 1359 fetentes,
832 1293 906 1346 iocos
928 1292 1008 1344 lentis
1031 1304 1087 1345 non
1108 1296 1162 1344 tam
1182 1291 1279 1345 ardere
1302 1303 1385 1359 quam

157 1396 250 1456 putere
269 1392 445 1457 turicremis,
467 1393 595 1447 detestari
615 1394 714 1447 choros
734 1390 905 1455 ludentium,
927 1391 1091 1443 lascivorum
1112 1389 1217 1458 mugire
1241 1395 1387 1457 tympana,

157 1489 262 1543 ululare
273 1491 444 1558 symphonia,
458 1504 559 1560 organa
572 1491 712 1558 populosis
724 1491 838 1545 vocibus
850 1490 941 1558 digitis
959 1488 1192 1558 interrogantibus
1209 1502 1386 1556 concrepare,

159 1587 258 1642 tinnire
278 1591 404 1657 cytharas
424 1590 552 1658 lyrasque
574 1591 689 1659 garrire,
710 1590 779 1644 alios
800 1589 865 1642 terri
887 1590 1032 1658 terrigeros
1058 1592 1086 1640 et
1107 1588 1135 1641 in
1156 1586 1269 1641 modum
1289 1600 1387 1654 caprae

160 1686 277 1742 hirsutos
289 1688 407 1755 pellibus
425 1694 547 1756 strepere
569 1689 693 1743 saltando
714 1689 852 1754 tintinnis,
867 1693 893 1741 et
910 1688 978 1741 alios
991 1687 1133 1741 luxurioso
1145 1692 1223 1755 gestu
1240 1687 1387 1755 circumagi

158 1787 275 1854 uesbgiis
292 1787 502 1851 inimicantibus,
516 1787 601 1841 iluido
622 1788 746 1841 lascivire
767 1787 895 1854 tripudio.
909 1787 956 1841 ilio
977 1786 1092 1840 cadebat
1104 1798 1177 1838 unus
1198 1785 1300 1852 ebriae,
1319 1785 1388 1838 alius
1472 1796 1475 1803 ·

158 1884 304 1952 palpitabat
314 1886 378 1939 vino
391 1887 581 1953 tumulentus;
596 1887 640 1940 ille
654 1886 815 1941 instridebat
827 1887 965 1947 uentibus,
978 1888 1048 1939 alter
1068 1886 1213 1953 spumabat
1232 1898 1310 1939 more
1322 1886 1387 1954 lym·

159 1983 264 2048 phatico
277 1984 509 2047 bacchabundus;
525 1986 568 2038 hic
588 1986 766 2052 semetipsum
779 1985 899 2038 laniabat
921 1985 1033 2052 spiculis
1052 1984 1221 2050 lancearum,
1234 1984 1303 2037 alius
1320 1988 1388 2038 rota-

160 2085 215 2135 tum
227 2083 256 2136 in
268 2097 298 2136 se
311 2084 440 2152 ingerens
452 2084 617 2139 huribundus
630 2085 778 2149 ferebatur,
792 2089 847 2139 toto
859 2098 907 2138 ore
918 2089 945 2137 et
958 2097 1077 2151 corpore
1088 2088 1255 2137 cruentatus.

189 2182 219 2233 5.
234 2185 308 2236 inter
329 2184 395 2238 haee
408 2189 482 2238 tanta
494 2185 621 2238 funebria
641 2191 703 2238 vota
717 2185 823 2252 puellae
846 2185 955 2237 animus
969 2184 1139 2251 puritabatur
1150 2184 1187 2249 (i)
1197 2184 1226 2236 in
1243 2185 1323 2247 iram,
1337 2185 1386 2236 seu

158 2280 311 2335 refrenabat
324 2284 455 2349 patientia
467 2284 645 2337 conscientia.
659 2286 730 2337 llaec
741 2284 863 2346 intuens,
876 2283 976 2335 talibus
989 2295 1050 2336 orsa
1070 2282 1162 2335 verbis
1174 2286 1288 2335 cunctos
1308 2283 1387 2335 satel-

157 2376 217 2431 lites
230 2379 372 2444 pestiierae
386 2380 550 2453 celebritatis
567 2381 672 2435 invadit
685 2398 692 2434 :
705 2381 774 2435 Heu
791 2381 908 2447 miseri,
927 2380 1026 2448 inquit,
1035 2381 1205 2448 parentes!
1219 2379 1285 2432 Heu
1297 2379 1387 2447 cives,

155 2489 229 2545 quos
240 2479 391 2546 antiquus
404 2480 457 2534 itte
468 2493 595 2548 serpens
606 2493 689 2534 nune
701 2480 796 2533 draeo
809 2480 948 2546 decepit!
963 2479 1042 2539 Quid
1062 2478 1180 2546 agitis?
1197 2491 1256 2545 quo
1278 2478 1384 2547 ruitis,

156 2591 251 2646 quove
271 2581 465 2635 vertamini?
483 2583 530 2635 vet
553 2582 686 2650 itaquae
711 2594 763 2634 aas
779 2582 973 2649 praecipitia
998 2583 1154 2635 tortuosus
1176 2580 1298 2636 coluber
1324 2594 1382 2635 sua

156 2683 264 2748 sponte
273 2683 411 2747 jactavit
421 2682 433 2736 t
445 2683 513 2737 Nou
526 2684 637 2738 videtis
651 2683 703 2737 cui
714 2684 855 2751 captivas
877 2683 1040 2738 inclinatis
1052 2682 1106 2736 sub
1126 2681 1211 2751 salsa
1232 2682 1385 2750 retipioue

155 2779 297 2847 eervices,
318 2781 370 2836 eui
389 2781 521 2850 ferenda
535 2783 617 2837 cotta
638 2782 841 2837 submittitis?
864 2783 920 2836 Aes
941 2784 995 2849 est,
1018 2781 1136 2849 miseri,
1157 2781 1240 2848 quod
1258 2779 1390 2856 artifex·

155 2876 251 2947 fredit,
265 2881 346 2946 quod
356 2880 437 2947 flatu
448 2894 502 2935 suo
515 2882 661 2937 aerarius
674 2882 846 2949 combussit,
861 2882 943 2950 quod
954 2883 1056 2936 lutum
1067 2881 1212 2951 depinxit,
1222 2881 1304 2947 quod
1315 2892 1388 2934 cera

154 2976 316 3046 distinxit,
329 2979 411 3045 quod
429 2994 560 3048 pypsum
582 2981 732 3048 implevit,
745 2981 827 3048 quod
846 2981 977 3035 malleus
991 2980 1156 3049 producit,
1174 2981 1256 3048 quod
1278 2992 1388 3048 grossa

155 3073 285 3144 derasit,
298 3078 379 3142 quod
390 3078 485 3132 limae
496 3079 651 3147 asperitas
664 3079 823 3147 expolivit,
834 3080 877 3135 ad
888 3083 1063 3135 extremum
1075 3081 1157 3147 quad
1168 3093 1279 3134 manus
1292 3079 1387 3134 homi-

153 3174 206 3227 nis
225 3175 309 3228 malo
328 3190 383 3231 suo
400 3177 490 3232 docta
510 3178 679 3247 composuit
700 3180 730 3232 et
749 3178 882 3233 bracteis
900 3178 1045 3247 phaleris
1069 3179 1233 3247 levigando
1254 3180 1288 3233 iu
1308 3179 1389 3234 haue

153 3269 283 3328 bestiam
300 3277 409 3344 perita
429 3276 590 3345 formarit.
616 3279 701 3332 certe
721 3279 772 3333 det
793 3279 877 3332 uobis
898 3279 1027 3346 aliquod
1048 3279 1132 3333 iuter
1155 3278 1210 3333 bos
1235 3281 1387 3334 tumultus

154 3372 438 3444 turbulentiamque
456 3391 647 3447 responsum.
660 3379 832 3434 Audiamus
853 3378 883 3432 si
898 3379 1070 3447 quidquam
1087 3382 1189 3447 potest
1211 3379 1307 3434 draeo
1329 3379 1388 3432 iste

151 3484 299 3541 narrare,
312 3476 367 3541 qui
383 3478 461 3530 solet
479 3478 564 3531 mata
583 3478 733 3545 loquendo
752 3477 904 3544 decipere.
919 3477 975 3532 Ilii
995 3478 1055 3532 soli
1068 3479 1128 3532 Dea
1147 3478 1387 3546 supplicandum

152 3575 207 3640 est,
221 3572 374 3643 infelices,
387 3579 416 3629 et
429 3576 483 3631 ille
500 3578 584 3631 sotus
596 3577 779 3631 morandus
792 3577 947 3631 altaribus
960 3578 1016 3644 qui
1028 3578 1149 3632 caelum
1162 3577 1246 3645 fecit,
1261 3578 1316 3645 qui
1328 3581 1388 3632 ter·

153 3686 224 3727 ram
235 3672 392 3742 fundavit,
406 3677 511 3730 maria
522 3678 706 3745 seprepacit,
720 3677 899 3731 luminaria
918 3678 1068 3745 instituit,
1086 3678 1245 3733 animatia
1257 3678 1388 3745 creauit,

149 3784 266 3838 pecora
279 3774 443 3842 producit,
457 3775 595 3829 uolucres
616 3777 745 3843 occavit,
760 3776 913 3831 elementa
935 3777 1097 3846 disposuit,
1112 3780 1251 3845 terupora
1269 3778 1303 3830 in
1324 3778 1390 3831 suis

155 3872 395 3927 successionibus
418 3875 597 3938 ordinavit,
620 3877 771 3930 mundum
798 3890 868 3931 eura
899 3877 1112 3931 animantibus
1140 3877 1259 3932 curretis
1283 3891 1390 3933 rerum

152 3972 278 4025 uatwir
291 3974 512 4042 pecoribusque
526 3974 695 4042 distribuit,
711 3975 869 4030 bominem
876 3979 949 4044 post
961 3977 1068 4030 omnia
1088 3976 1183 4044 fecit,·
1196 3978 1250 4045 qui
1271 3977 1389 4032 divinis

152 4085 274 4139 semper
285 4073 429 4139 intentus,
440 4074 564 4127 adoreis
576 4074 631 4128 'ab
640 4078 838 4143 auetorepuo
847 4078 902 4142 est,
913 4076 995 4143 quad
1006 4076 1039 4128 iu
1049 4079 1246 4130 auetorerron
1257 4076 1384 4141 desinit,
1437 4095 1444 4109 ·
1460 4092 1546 4146 rocus

153 4173 254 4226 vitam
265 4173 382 4226 seilicet
395 4174 425 4226 et
439 4174 554 4227 vietum
570 4177 740 4242 cunctaque
752 4188 832 4243 quae
844 4175 878 4228 in
902 4189 992 4228 usum
1013 4175 1147 4229 bominis
1162 4176 1385 4242 servitiumque
1396 4161 1574 4277 Quintili.

154 4272 280 4338 subjecit
291 4295 300 4333 ,·
312 4273 402 4326 iilum
414 4274 550 4342 iuquam,
565 4275 660 4328 Deum
668 4276 723 4342 qui
732 4275 887 4341 oripinem
899 4276 1034 4342 ipaorat,
1046 4276 1101 4341 put
1109 4288 1170 4328 uon
1182 4275 1271 4329 habet
1282 4275 1386 4343 finem,
1408 4236 1568 4356 {geqffim

156 4372 212 4439 pai
225 4372 322 4426 nescit
334 4374 500 4427 auctorem.
513 4373 596 4427 Haec
611 4376 761 4441 portenta
778 4374 884 4428 scitote
902 4387 975 4440 esse,
989 4387 1051 4427 nou
1071 4375 1212 4459 numina,
1226 4387 1305 4441 quae
1325 4374 1389 4427 nisi
1430 4356 1546 4477 δέξᾶἒῧη

189 4569 223 4633 (t)
243 4568 272 4621 ld
286 4573 327 4621 ost
339 4569 577 4623 inflammabatur?
