3156 5452
250 201 253 205 .
343 126 907 177 BtBL.NAi'.PARIS.—APP1ittb.
927 125 1147 178 insomne.
1318 110 1355 173 ii

10 278 57 319 '²²
140 293 249 359 pandere
270 292 440 345 studeamus.
453 290 572 346 Peractis
589 290 672 358 igitur
683 304 699 344 a
712 290 820 345 bomini
838 291 924 346 nostri
944 294 1008 347 iesu
1020 292 1120 346 Christi
1137 293 1288 348 secundum
1300 305 1360 346 car·

10 381 37 411 ¹*
139 403 190 444 nem
203 389 349 443 nativitate
360 389 484 443 ducentis
501 393 527 442 et
539 394 642 455 septem
655 389 759 454 lustris,
771 402 842 457 qnae
853 388 935 442 simui
948 390 1125 456 multiplicata
1141 404 1190 458 per
1201 391 1360 458 quinarium

32 482 59 519 ³*
140 489 276 543 mittem
287 494 315 541 et
335 487 459 556 quinque
478 484 628 541 coniciunt
647 499 745 552 annos,
757 489 805 555 qui
825 489 889 541 item
911 487 993 541 divisi
1006 500 1055 556 per
1065 489 1186 545 condem
1202 489 1360 557 quinarium

53 574 57 580 ’
139 589 249 643 reddunt
259 587 403 643 ducenties
423 586 524 652 septies
535 587 677 654 quinque3
691 600 755 656 ergo
766 586 884 641 ducenta
896 592 923 641 et
933 599 969 641 vu
980 587 1128 655 quinquies
1141 589 1223 642 ducta
1239 588 1361 643 millena·

10 678 62 723 ³⁸*
69 676 73 721 ἶ
116 689 199 743 irioni
211 688 351 745 tricenum
363 685 519 754 quinarium
532 684 679 752 complent.

10 775 63 813 ᾖ
165 784 338 840 becttovt.
351 811 385 822 -
395 783 551 836 Transactis
561 796 626 836 vero
634 783 741 837 duabus
759 789 820 850 post
837 785 1041 838 innumerosam
1059 784 1268 845 revolutionem.
1280 785 1361 838 tertia

10 874 62 913 Ἢ
140 893 192 938 tnnc
206 883 391 938 incohabatur
402 883 411 902 ·
422 881 549 947 indictio,
562 882 659 949 quinto
670 895 805 936 nonarum
813 881 859 937 die
868 882 999 951 juliarum
1008 884 1160 951 quintaque
1171 883 1217 938 die
1229 884 1360 938 seriarum
1415 895 1502 949 wod.

11 969 62 1007 m·
141 983 285 1038 dcdicatum
305 987 349 1034 est
368 981 397 1035 in
420 981 525 1035 honore
543 980 616 1034 beati
629 980 759 1033 ttartialis
771 981 949 1034 memorabile
961 985 969 1003 ·
983 981 1114 1047 templum
1131 981 1249 1034 athletae
1261 980 1359 1034 christi
1377 960 1556 1047 ῑῃῗθῑθῧῧῑῦῐ·

142 1078 360 1149 praestantissimi
372 1078 496 1147 valerici,
509 1079 538 1132 in
549 1080 735 1133 lemovicensi
753 1079 881 1134 videlicet
893 1094 970 1148 pago,
984 1081 1013 1133 in
1025 1081 1084 1134 vico
1096 1080 1145 1147 qui
1156 1085 1197 1133 est
1208 1092 1271 1148 erga
1283 1093 1359 1134 mon·
1375 1028 1556 1147 mepncgg'pppp,

12 1169 61 1208 ³*
75 1178 78 1212 ³
113 1182 132 1234 it
143 1188 185 1234 em
196 1182 244 1249 qui
254 1181 290 1234 ab
308 1178 405 1232 incolis
418 1182 592 1245 nuncupatur
606 1181 761 1232 Bannoarca
772 1181 817 1244 (l).
829 1179 902 1233 idem
913 1192 1033 1246 namque
1042 1179 1196 1245 praedictus
1206 1179 1283 1233 locus
1292 1178 1360 1232 cciia

47 1283 59 1294 '
141 1286 234 1334 constat
246 1279 370 1334 existens
382 1277 579 1346 elegantissimi
600 1279 726 1333 coenobii
738 1280 950 1348 giori[osi]ssimi
963 1280 1102 1333 ttartialis.
1117 1281 1147 1332 ln
1163 1278 1360 1345 praelatorem

15 1367 56 1409 Ἦ·
141 1381 190 1434 ioco
200 1392 233 1433 ac
244 1378 348 1446 templo
360 1378 522 1434 tumulatum
535 1391 597 1431 curn
617 1391 715 1446 magna
733 1379 885 1432 reverentia
903 1384 930 1432 et
947 1379 1108 1446 populorum
1122 1378 1275 1446 frequentia
1286 1377 1360 1444 cius-

13 1463 54 1504 Ἢ
141 1481 192 1533 dero
203 1490 304 1545 corpus
316 1478 404 1531 sancti
415 1475 530 1531 valerici
542 1476 740 1546 conilessorls].
751 1480 913 1531 Persuasum
923 1483 964 1531 est
973 1477 1092 1544 idipsum
1103 1477 1246 1531 aedificare
1256 1474 1360 1545 magni·

10 1563 52 1601 Ξ·
142 1576 211 1631 lcum
231 1575 365 1642 tempium
385 1574 497 1628 suadela
509 1573 724 1628 reverentissimi
737 1575 820 1642 patris
838 1575 965 1639 odolrici,
977 1574 1108 1641 praedicti
1119 1576 1175 1642 jam
1195 1575 1320 1629 coenobii
1333 1578 1360 1628 et

10 1660 50 1699 Ε·
68 1658 79 1704 ²³
112 1672 253 1744 itriusdem
275 1674 329 1728 loci
350 1672 472 1737 rectoris,
495 1673 543 1741 qui
563 1677 629 1727 tuuc
642 1673 772 1727 iratribus
785 1675 837 1727 sub
855 1687 905 1728 suo
928 1675 1059 1741 regimine
1071 1675 1226 1728 constitutis
1238 1674 1321 1727 verbo
1333 1679 1360 1726 et

10 1760 13 1766 ’
36 1775 46 1784 “
140 1773 289 1841 operatione
297 1772 369 1825 viam
378 1771 758 1837 praemonstrabatieiicitatis
765 1774 941 1836 aeternaeial.
952 1770 1060 1826 t'iribus
1069 1772 1116 1826 iiio
1126 1778 1248 1838 tempore
1255 1770 1360 1839 ingenii

33 1874 44 1883 “
141 1874 199 1927 alter
209 1886 266 1926 non
279 1877 339 1924 erat
350 1869 487 1924 secundus
499 1871 549 1934 illi,
562 1871 640 1937 cuius
651 1870 786 1938 sapientia
803 1875 886 1938 atque
896 1870 1023 1925 doctrina
1043 1884 1129 1938 paene
1141 1876 1196 1924 tota
1210 1870 1362 1923 laetabatur

25 1958 42 1992 f
141 1969 289 2039 lpuitania.
307 1970 440 2024 Nimirum
462 1970 592 2036 quoniam
613 1968 673 2035 ipse
693 1968 858 2023 venerabilis
879 1974 956 2036 pater
975 1983 1085 2037 quoque
1105 1969 1293 2036 philosophiae
1306 1981 1361 2021 non

10 2055 12 2065 ¹
140 2070 270 2125 incuriose
291 2083 383 2137 neque
402 2070 546 2123 inhoneste
565 2069 680 2136 species,
702 2069 750 2121 sed
771 2066 947 2136 luculente[r]
968 2074 994 2122 et
1007 2069 1198 2135 perspicaciter
1210 2067 1360 2121 exercebat.

10 2152 38 2183 β’
55 2160 76 2204 2
110 2166 256 2223 titaliebat
268 2180 390 2234 namque
401 2180 458 2221 non
470 2165 645 2220 mediocriter
657 2167 772 2234 logicam
792 2173 819 2219 et
839 2166 1012 2231 rationalem,
1031 2180 1079 2232 per
1090 2179 1172 2233 quam
1185 2165 1364 2232 perpenditur

10 2250 33 2288 '³
139 2267 268 2335 perspicui
280 2267 379 2335 dogma
392 2266 500 2332 leporis.
516 2265 689 2319 Praesciebai
700 2263 801 2318 etenim
816 2265 957 2332 physicam
970 2265 1147 2331 contemplari
1160 2269 1187 2318 et
1199 2263 1361 2327 naturalem,

10 2346 29 2384 ’ἱ
138 2381 180 2433 per
190 2380 275 2435 qnam
297 2365 434 2419 rimantur
446 2365 536 2418 nudae
548 2364 653 2418 viscera
672 2370 794 2418 naturae.
808 2365 945 2419 bethleem
967 2377 1097 2431 namque,
1118 2363 1147 2417 id
1164 2369 1207 2418 est
1219 2363 1361 2427 moralem,

10 2452 25 2536 f
137 2467 272 2535 potissime
284 2470 473 2533 praenoverat,
486 2477 557 2532 quae
569 2461 689 2530 aliquem
707 2462 869 2516 transmittit
887 2462 1061 2530 flammigeris
1079 2463 1113 2516 ad
1126 2469 1199 2516 astra
1211 2461 1361 2530 quadrigis.

10 2543 20 2582 ἰ
77 2610 81 2641 ,
137 2564 270 2618 suadente
281 2569 384 2628 autem,
396 2561 539 2616 utdictum
548 2567 599 2625 est,
609 2560 733 2628 piissimo
745 2560 1012 2628 pmdentissimoque
1022 2566 1113 2614 tantae
1122 2561 1270 2614 memoriae
1279 2573 1360 2627 prae·

10 2643 15 2675 '
39 2648 67 2697 ξ
100 2663 188 2719 Staio
197 2664 300 2718 abbate
318 2662 454 2724 odolrico,
475 2666 652 2715 consecratus
671 2665 712 2713 est
732 2660 808 2714 iocus
830 2659 875 2713 iile
895 2672 911 2713 a
932 2660 1052 2727 glorioso
1072 2660 1185 2713 timone
1201 2659 1361 2713 bituricensi

135 2761 342 2830 metropolitano
354 2761 399 2826 (5),
409 2758 458 2828 qui
471 2758 526 2812 illis
538 2758 707 2825 temporibus
717 2759 873 2826 praeclarus
887 2764 969 2824 atque
980 2758 1093 2811 illustris
1106 2756 1258 2812 habebatur
1269 2759 1363 2812 amul·

134 2863 178 2930 tis,
189 2866 218 2916 et
229 2874 246 2915 a
258 2861 361 2915 domno
371 2860 491 2914 Jordano
505 2859 689 2912 lemovicensi
711 2858 838 2925 praesule
849 2859 893 2922 (t),
916 2857 962 2924 qui
976 2858 1042 2910 satis
1054 2862 1120 2910 tunc
1132 2856 1247 2911 eximius
1261 2858 1362 2911 recole·

133 2961 222 3024 hatur,
235 2971 267 3013 ac
278 2971 346 3012 sene
356 2957 461 3010 ltmeiio
473 2956 594 3009 hibiensi
607 2956 734 3023 pontifice
743 2957 787 3021 (s),
798 2956 876 3022 cuius
889 2955 1027 3021 conspicui
1040 2968 1130 3009 moros
1141 2967 1156 3008 a
1168 2956 1293 3020 plurimis
1303 2970 1363 3022 pro-

132 3057 278 3113 bibentur.
294 3055 449 3108 Praesentia
459 3066 578 3120 namque
588 3053 738 3106 clarissima
748 3051 877 3106 bernardi
888 3052 1013 3106 liotensis
1023 3051 1142 3118 episcopi
1154 3052 1189 3117 (6)
1198 3051 1235 3105 ibi
1250 3052 1362 3105 minime

23 3145 56 3196 -ἶ
89 3159 117 3212 tr
131 3156 231 3218 detuit,
243 3156 324 3223 cuius
333 3155 423 3221 prisca
435 3153 568 3207 claritudo
581 3154 725 3220 praecipue
737 3152 879 3206 notissima
892 3151 1060 3218 perhibetur.

162 3253 274 3309 usuc
285 3254 356 3306 vn.
364 3252 446 3305 -hd
455 3265 536 3320 quarn
546 3264 612 3305 vero
620 3250 821 3304 sanctissimam
832 3250 1064 3304 consecrationem
1077 3248 1171 3303 inclita
1183 3250 1259 3303 urbis
1268 3252 1362 3304 Lemo·

132 3353 207 3409 usse
219 3352 348 3407 cenvenit
355 3352 503 3418 processio,
513 3363 626 3404 aureum
637 3361 730 3404 secum
743 3348 869 3402 deterens
882 3349 1013 3402 scrinium
1023 3363 1086 3403 cum
1098 3349 1277 3403 sanctissimis
1298 3351 1363 3402 ttar-

132 3452 207 3507 italis
218 3450 399 3519 reliquiarum
408 3449 576 3516 patrociniis,
586 3461 701 3502 munera
710 3461 820 3516 quoque
829 3449 1035 3515 protomartyris
1046 3449 1174 3514 Stephani
1187 3463 1249 3502 cum
1262 3449 1363 3502 multo·

132 3566 194 3606 rum
203 3556 346 3620 apparatu.
358 3552 502 3604 Praeterea
512 3562 567 3603 non
577 3549 664 3603 demit
672 3546 900 3615 pretiosissimum
913 3547 1066 3601 dominicae
1079 3548 1168 3601 crucis
1181 3548 1284 3617 iignum
1302 3550 1364 3601 car·

10 3643 46 3659 §-

165 3783 201 3847 (t)
217 3782 347 3835 Romnae
357 3780 399 3843 (tt,
410 3778 555 3833 duodecim
567 3778 624 3832 iere
634 3775 803 3831 chilometris
811 3776 960 3830 Lemovicis
970 3777 1074 3829 distans
1083 3778 1117 3829 ad
1127 3777 1360 3843 septemtrionem.

128 3874 213 3941 -(i)
230 3870 374 3926 odolricus
395 3872 481 3925 abbas
494 3870 585 3923 Sancti
604 3868 732 3921 ttartialis
749 3867 950 3920 Leniovieensis
967 3867 1129 3919 coenobium
1149 3867 1218 3918 rexit
1235 3866 1269 3919 ab
1288 3880 1361 3922 anno

132 3966 202 4019 tols
219 3963 254 4017 ad
263 3975 369 4016 annum
389 3962 454 4015 tcto
465 3960 563 4026 (Gall.
580 3958 702 4026 Christ,
716 3963 782 4012 tom.
796 3960 830 4023 ii,
842 3971 869 4025 p.
882 3960 950 4021 iiiiii).
963 3985 996 3994 -
1007 3959 1040 4023 (ὅ)
1057 3959 1107 4011 dn.
1122 3959 1260 4010 lost-icti
1273 3956 1361 4023 (ibid,

130 4069 161 4123 p.
180 4056 236 4118 ti).
250 4080 286 4091 -
301 4053 340 4120 (4)
358 4054 408 4104 hn.
430 4050 571 4103 toti-tosa
591 4049 680 4114 (ibid,
702 4063 728 4116 p.
750 4047 818 4113 tiit).
840 4075 872 4087 -
891 4050 926 4112 lh)
944 4050 1022 4100 Certe
1041 4061 1086 4100 an.
1111 4048 1251 4100 thas-loto
1272 4047 1360 4113 (ibid,

10 4141 16 4153 '
41 4172 43 4183 ·
130 4155 199 4202 torn.
223 4146 245 4211 i,
268 4159 293 4211 p.
310 4141 455 4211 (0)-(6)
471 4142 567 4196 liutius
586 4140 730 4206 episcopus
751 4140 934 4192 linthenensis
955 4138 1035 4205 hujus
1056 4137 1175 4192 nominis
1195 4144 1363 4193 memoratur

129 4234 238 4294 sedisse
249 4234 332 4301 paulo
353 4239 417 4286 ante
430 4232 551 4286 medium
565 4230 704 4285 saeculum
716 4231 759 4295 iii,
773 4229 821 4283 sed
839 4229 925 4283 series
944 4229 1133 4295 episcoporum
1149 4228 1222 4280 iliius
1233 4229 1363 4282 ecclcsiae

128 4324 274 4395 praedicto
291 4329 415 4390 tempore
433 4336 488 4376 non
501 4322 570 4376 adeo
582 4321 709 4375 distincte
721 4319 831 4374 deliniri
845 4318 976 4373 hactenus
989 4318 1077 4385 potuit
1089 4318 1148 4383 (cir.
1163 4318 1239 4383 ibid,
1252 4333 1279 4386 p.
1292 4321 1361 4384 205).

165 4433 266 4479 ΘᾸΤΔΙι.
280 4433 369 4478 mis.
382 4434 408 4476 Τ.
421 4434 440 4476 i.
1314 4420 1331 4471 ἵ
