3136 5482
183 326 249 393 428
528 340 653 392 carun.
675 341 776 392 oonn.
796 340 970 392 usercen.
988 339 1072 392 scu.

184 510 243 564 loco
258 523 320 563 cum
333 522 433 576 corpus
454 510 565 564 minime
579 510 682 563 moveri
703 514 806 576 posset,
825 509 978 577 hardingus
996 521 1088 562 comes
1105 508 1168 577 plus
1184 507 1381 575 devotioniserga

25 616 105 668 'oon
121 617 144 666 l.
184 609 295 662 beatum
307 609 396 663 virum
409 610 523 675 liabens,
537 609 629 663 omnia
642 623 713 677 quae
725 610 761 662 ibi
775 609 940 664 hereditario
951 611 1013 677 jure
1031 609 1189 676 possidebat
1200 610 1245 662 ei·
1257 608 1304 662 sub
1313 608 1380 662 chilo

184 710 286 776 grapho
298 708 410 762 tradidit
422 713 503 776 atque
516 709 618 762 ibidem
639 723 702 762 eum
722 708 930 778 diligentissime
949 722 982 763 ac
997 708 1135 778 condigno
1147 709 1253 762 bonore
1263 706 1378 774 sepelivit:

185 808 232 860 ubi
245 807 344 862 florent
355 808 492 862 orationes
503 810 563 876 ejus
575 815 603 862 et
615 809 714 862 multas
727 810 874 862 sanitatum
886 809 1041 863 curationes
1053 820 1104 876 per
1116 821 1180 861 eum
1189 814 1311 875 operatur
1319 808 1379 860 bens.

17 918 136 973 Turonis
144 919 170 972 a,
217 909 272 962 2⁷.
286 911 343 973 Quo
355 910 461 976 sepulto
473 909 636 964 uenerabilis
648 908 749 962 semina
762 911 903 963 turonos·
921 909 1040 962 celerius
1051 909 1118 962 abiit
1129 912 1158 961 et
1169 920 1240 976 quae
1251 906 1399 961 acciderant

50 987 52 993 ¹
183 1009 312 1063 omnibus
324 1011 451 1064 narravit.
463 1011 512 1074 Qui
524 1011 607 1078 gavisi
620 1016 683 1063 sunt
695 1015 723 1063 ct
734 1023 817 1076 super
829 1010 879 1063 lroc
891 1008 1072 1062 laudaverunt
1090 1009 1247 1072 bornicum,
1260 1006 1303 1074 qui
1312 1005 1377 1058 salros

67 1157 74 1167 ,
185 1106 249 1161 lacit
269 1113 409 1175 sperantes
429 1108 458 1161 in
476 1121 506 1162 se
526 1109 554 1161 in
576 1113 727 1161 aeternum.
741 1107 807 1162 inde
828 1120 950 1177 regressa
970 1107 1142 1160 mausoleum
1154 1107 1183 1159 in
1201 1107 1299 1159 bonore
1316 1102 1379 1156 ancli

4 1215 42 1280 (b.
53 1215 90 1276 v.)
99 1213 171 1268 beati
184 1207 299 1275 Remigii
312 1206 448 1274 pontilicis
460 1221 543 1275 super
555 1208 663 1261 beatum
683 1209 771 1261 virum
784 1210 793 1228 '
814 1208 963 1261 oratorium
980 1206 1145 1272 constmxit,
1164 1205 1193 1258 in
1204 1217 1258 1273 quo
1270 1199 1377 1271 postetad

19 1281 139 1401 ἓξὲξ.
183 1308 243 1373 ejus
255 1307 386 1374 exequias
398 1321 460 1360 oum
473 1308 557 1360 tratre
576 1320 626 1360 suo
650 1307 764 1361 Patricio
777 1307 904 1375 episcopo
916 1319 967 1373 per
978 1306 1028 1358 tria
1041 1317 1180 1359 annorum
1191 1309 1220 1358 et
1230 1304 1278 1358 eo'
1287 1301 1376 1368 amplius

184 1406 318 1460 curricula
331 1407 497 1460 eremiticam
512 1408 592 1460 vitam
604 1406 689 1460 duxlt.
702 1406 754 1460 Sed
768 1411 795 1459 et
807 1406 867 1471 boc,
880 1405 945 1473 quia
957 1405 1081 1459 omnium
1091 1417 1185 1458 rerum
1193 1400 1376 1463 vicissitudocn
1388 1400 1406 1451 lt

183 1506 312 1560 defuncto
324 1512 405 1573 atque
417 1507 533 1572 sepulto,
547 1506 623 1572 quasi
636 1507 756 1560 fraterno
768 1505 898 1559 destituta
911 1505 1017 1567 solatio,
1030 1503 1167 1557 incinere
1177 1508 1206 1557 et
1214 1501 1296 1556 cilicio
1304 1500 1376 1568 lugens

181 1606 281 1673 iugiter
293 1605 444 1673 permansit
455 1613 481 1660 et
493 1606 610 1673 plurimo
622 1606 804 1659 abstinentiae
815 1618 916 1674 genere
929 1617 1030 1671 corpus
1041 1615 1211 1670 carnemque
1223 1614 1295 1655 suam
1306 1597 1375 1652 nulla·

182 1705 238 1772 vit3
252 1705 348 1759 diebus
359 1705 505 1759 dominicis
526 1704 678 1759 hordeaceo
695 1710 802 1759 tantum
821 1718 892 1772 pane
905 1705 1066 1759 vescebatur
1086 1709 1115 1757 et
1134 1703 1165 1757 in
1176 1702 1273 1770 pascua
1288 1699 1375 1765 aliisque

183 1805 330 1871 praeclaris
343 1804 572 1858 sollemnitatibus
592 1804 661 1857 labis
681 1818 712 1858 ac
733 1805 839 1871 siliquis
860 1817 908 1870 pro
926 1803 1032 1871 magnis
1051 1802 1161 1857 deliciis
1177 1795 1375 1855 cenaturum

19 1909 165 1964 virtutibus
183 1906 309 1972 quoque*
332 1903 470 1957 miraculis
492 1904 602 1967 inclita;
623 1910 651 1958 et
670 1903 833 1958 adveniente
853 1903 945 1957 obitus
968 1904 1010 1955 sui
1031 1902 1077 1956 die
1097 1901 1215 1956 feliciter
1231 1891 1403 1968 migravitrdll

8 1983 35 2032 ⁰²
47 1976 121 2031 add·
134 1977 160 2029 ²·
185 2003 328 2057 bominum
341 2004 468 2070 gloriosa.
492 2005 563 2057 ilaec
583 2004 675 2057 omnia
695 2008 758 2056 tuae
778 2003 917 2068 potentiae
937 2001 1083 2068 praeconia
1101 2004 1142 2065 tu,
1156 1999 1267 2052 bomine
1276 1992 1373 2058 Pateqiu

185 2103 269 2156 servis
282 2102 335 2155 tuis
347 2103 489 2167 mirabilis,
503 2103 664 2156 mirabiliter
676 2103 798 2168 operaris
809 2102 843 2155 ad
864 2102 978 2171 gloriam
996 2100 1117 2155 nominis
1137 2099 1177 2152 tui
1195 2102 1224 2151 et
1242 2096 1273 2150 ad
1293 2091 1371 2146 lauden

183 2204 316 2271 unigeniti
337 2203 397 2256 Filii
418 2204 456 2255 tui
474 2202 656 2270 redemptoris
676 2204 774 2270 nostri,
788 2217 850 2256 cum
860 2216 914 2270 quo
933 2208 960 2256 et
972 2201 1074 2269 Spiritu
1086 2204 1181 2255 sancto
1194 2199 1259 2252 vivis
1268 2201 1291 2250 et
1301 2201 1370 2259 renti

18 2307 27 2326 ·
41 2307 149 2384 mirabi·
183 2317 232 2371 per
243 2303 351 2357 saecula
363 2303 523 2357 immortalis
532 2304 551 2355 ·.
565 2304 659 2356 Amen.

48 2373 119 2426 Μ’
161 2477 168 2491 .
284 2424 439 2497 explicit
456 2424 578 2497 peselo
591 2423 707 2485 sancti
721 2421 1049 2496 Arnulilmartyrts
1063 2415 1286 2493 etepiscopl'.
1376 2413 1397 2465 o

420 2889 520 2977 GGL.
544 2889 669 2978 Godex
689 2889 879 3000 signatus
899 2913 1015 2976 num·
1041 2887 1167 2978 5272.

212 3129 281 3180 Olim
294 3130 428 3182 Comitum
441 3131 636 3182 Betbuniorum
649 3130 742 3183 Theoi.
755 3131 797 3195 50,
811 3128 912 3182 deinde
925 3129 1025 3196 Regius
1039 3130 1068 3182 C.
1081 3129 1160 3182 3863.

213 3227 348 3281 Foliorum
360 3231 402 3294 uo,
417 3229 488 3281 med.
501 3229 735 3295 (onsloxoeis),
748 3228 883 3282 columnis
896 3229 977 3293 binis,
989 3232 1116 3281 exaratus
1129 3240 1202 3280 saec.
1215 3225 1265 3276 llll.

281 3327 316 3401 l⁰
345 3326 517 3426 Epistola
547 3326 650 3404 beati
682 3326 819 3404 Calixti
854 3349 978 3427 papae
1014 3324 1064 3403 de
1094 3331 1229 3404 sancto
1259 3308 1365 3398 Jacobs

351 3449 529 3548 apostolo
547 3449 622 3549 (iol.
652 3450 762 3548 lali.

213 3586 296 3649 nujus
308 3584 437 3649 epistolae
450 3582 557 3636 initium
571 3589 597 3636 et
611 3584 694 3636 onem
715 3583 800 3636 euleu
811 3584 961 3637 curremus
979 3584 1102 3651 cuperus
1120 3588 1215 3636 noster
1227 3557 1364 3634 actual

179 3684 206 3735 d.
220 3684 252 3734 25
263 3683 327 3747 lul,
341 3690 405 3736 tom.
418 3685 458 3749 vl,
470 3698 496 3750 p.
510 3685 595 3747 iti-ll,
610 3696 686 3734 num.
702 3684 799 3735 libii.
813 3681 928 3735 bledlam
941 3686 1045 3747 partem
1058 3682 1103 3733 iric
1114 3681 1244 3733 exhibere
1258 3687 1304 3729 non
1318 3666 1365 3734 lili*

180 3782 229 3834 bit.
244 3781 303 3834 vid.
317 3781 440 3848 append.

276 3879 517 3978 ermingus
549 3877 724 3978 ejusdem
756 3876 805 3955 de
834 3878 1089 3957 translatione
1120 3876 1242 3956 sancti
1270 3854 1365 3951 lamii

329 4001 405 4101 (lor.
429 4002 542 4102 rv-r).
715 4001 717 4005 ·

215 4134 298 4200 liujus
320 4136 392 4201 prior
414 4148 475 4201 pars
496 4135 567 4187 edita
581 4141 622 4187 est
633 4136 697 4188 Act.
712 4135 769 4200 SS.,
783 4134 816 4186 ad
838 4134 864 4186 d.
880 4138 891 4187 l
906 4137 984 4199 nov„
998 4140 1065 4187 tom.
1079 4137 1100 4198 l,
1113 4149 1142 4201 p.
1159 4135 1202 4186 ἢ.
1214 4131 1302 4197 (Hanc
1314 4109 1367 4175 peel

180 4233 286 4288 Jacobr'
298 4235 568 4287 trarmletionem...
576 4235 648 4287 ides
660 4234 739 4288 cneii
748 4233 952 4302 quieveruut).
967 4235 1085 4287 Alteram
1097 4233 1283 4287 exhibebimus
1291 4214 1367 4278 inin'll

180 4330 302 4398 append.

279 4427 316 4503 3⁰
340 4430 561 4523 ¹Translutio
592 4430 713 4507 sancti
743 4430 878 4506 Jacobi
910 4430 1095 4530 apostoli,
1129 4428 1256 4507 fratris
1283 4405 1366 4502 sancii

329 4552 514 4630 iohannis
533 4552 800 4654 evangelistae,
822 4575 923 4655 quae
941 4553 1059 4632 tertio
1075 4551 1259 4632 kalendas
1270 4552 1368 4649 jmua·
