3136 5482
292 296 356 363 130
632 314 757 364 caran.
776 315 877 364 cono.
897 314 1071 365 uioroore.
1091 315 1170 364 aar.

387 481 424 556 Ἰ0
443 481 555 559 Gesta
573 489 795 559 sauctorum
809 490 963 583 patrum
982 481 1022 557 in
1037 504 1169 559 eremo
1187 483 1529 560 commanentium

435 606 579 706 scripta
597 630 619 683 a
635 606 751 685 beato
769 606 1006 707 Hieronymo
1027 606 1106 694 (iol.
1130 606 1359 699 todi-itta.

318 738 459 792 Historia
470 737 693 793 mottacltorum
702 746 813 792 auctore
822 738 931 805 Rullno,
943 738 987 792 ed.
996 742 1024 793 Ρ.
1035 742 1075 806 l..‚
1087 744 1153 793 tom.
1164 741 1227 803 xli,
1235 754 1262 806 p.
1274 742 1325 794 bili
1334 754 1399 808 sqq.
1413 742 1487 807 (lep.
1504 743 1535 795 lt

287 839 419 890 insertum
431 844 472 889 est
484 839 556 890 inter
567 851 627 904 cap.
639 840 657 891 o
670 845 698 891 et
710 840 751 902 ld,
765 844 792 892 et
804 839 930 891 mutilum
941 837 1046 893 desinit
1057 838 1253 893 documentum
1271 839 1300 892 in
1312 838 1371 893 dne
1383 840 1488 907 capitis
1497 841 1531 893 n

285 940 324 1000 t...
338 936 373 989 in
385 937 502 990 attieno
516 937 608 990 iteam
618 936 840 1004 parteoitibua
853 937 951 1002 inda).

630 1335 843 1447 Appendix
863 1337 913 1424 ud
934 1338 1018 1426 cod.
1048 1338 1173 1428 2498.

283 1566 445 1613 neruosus
477 1567 520 1613 nu
552 1567 797 1615 sanuurron'uu
829 1569 1094 1617 rsansunrrosrs
1126 1573 1153 1618 s.
1188 1569 1362 1619 satientur
1410 1574 1529 1623 nostin

758 1663 840 1750 (cu.
861 1686 971 1751 supra,
990 1667 1049 1752 3⁰).

312 1855 416 1907 -Taceat
431 1855 514 1922 igitur
521 1856 578 1921 jam
591 1869 666 1908 nunc
677 1862 867 1924 argumentosa
880 1860 1045 1911 Graecorum
1055 1856 1203 1923 loquacitas
1213 1870 1335 1924 seseque
1348 1859 1425 1913 beati
1438 1866 1531 1927 proto·

283 1951 408 2017 martyris
421 1950 550 2016 Stephani
564 1965 663 2018 corpus
678 1954 779 2006 babere
802 1967 858 2007 nou
878 1955 1055 2015 mentiantur,
1080 1955 1158 2020 euius
1177 1953 1245 2006 velit
1264 1954 1336 2008 nolit
1348 1962 1408 2009 tam
1421 1960 1529 2026 perspi-

280 2051 1026 2119 cuaeveritatiscognoscunttranslationem.Quisenim
1036 2053 1259 2119 seriptollomeni
1269 2053 1523 2118 pontiacisaudeat
1539 2060 1558 2113 5

281 2149 481 2215 contradicere,
494 2140 572 2217 cujus
583 2153 744 2204 auctoritate
756 2157 847 2204 cetera
860 2152 1046 2205 roborantur?
1057 2153 1178 2216 Namque
1192 2154 1219 2202 et
1231 2149 1283 2218 [in]
1291 2153 1435 2208 chronica
1449 2170 1527 2210 seue·
1563 2208 1567 2217 ,

286 2248 380 2302 rabilis
393 2249 479 2301 bedae
492 2250 642 2314 presbytcri
654 2249 764 2315 quando
777 2249 820 2301 vel
832 2249 949 2316 qualiter
966 2249 1033 2302 traco
1051 2248 1192 2301 translatio
1209 2249 1281 2303 iacta
1293 2250 1393 2315 ment,
1405 2252 1524 2322 diligens

285 2349 369 2401 lector
380 2349 477 2413 poterit
488 2349 618 2414 reperire.
629 2349 683 2401 Sed
695 2349 787 2401 nescio
800 2354 891 2402 utrum
910 2348 992 2401 alicui
1005 2347 1098 2402 credat
1110 2347 1265 2401 auctoritati
1281 2351 1331 2416 qui
1346 2352 1373 2404 ei
1385 2355 1523 2409 contradi·

283 2460 345 2500 cere
358 2448 453 2499 nititur
465 2449 543 2514 cujus
555 2449 757 2500 examinatione
774 2447 973 2500 confirmantur
985 2448 1059 2513 ipsae
1071 2448 1255 2501 auctoritates.
1267 2449 1324 2502 sed
1340 2452 1401 2504 siue
1412 2453 1527 2507 credant

282 2546 340 2599 sive
352 2559 408 2598 non
431 2545 553 2613 credant,
575 2545 643 2598 nibil
665 2550 757 2598 nostra
778 2547 901 2598 interest.
923 2547 977 2599 Nos
1000 2546 1081 2598 enim.
1095 2551 1122 2598 et
1141 2545 1279 2599 credimus
1297 2554 1328 2601 et
1345 2551 1417 2602 certi
1431 2564 1526 2604 sumus
1540 2550 1567 2605 tt

284 2645 407 2711 nihilque
418 2646 453 2698 de
466 2646 515 2697 bac
527 2644 704 2697 translatione
715 2645 881 2698 dubitamus.
896 2646 942 2697 ilis
954 2645 992 2697 ita
1002 2644 1124 2712 digestis,
1134 2644 1298 2698 venerabilis
1312 2660 1387 2713 papa
1402 2649 1433 2701 iu
1442 2649 1525 2703 eccle

285 2748 324 2799 sia
336 2746 406 2798 beati
419 2747 489 2798 Petri
501 2746 687 2811 apostolorum
701 2745 832 2811 principis
851 2744 978 2796 dextrum
998 2744 1122 2810 martyris
1134 2756 1241 2797 armum
1253 2745 1415 2800 honorifice
1428 2760 1522 2802 recon-

284 2844 362 2910 didit,
376 2844 517 2910 multaque
529 2845 643 2898 donaria
655 2844 692 2897 ibi
706 2844 779 2897 lecit.

318 2947 388 2996 llaec
399 2949 490 2996 autern
503 2943 612 3006 Lucius,
625 2950 737 2995 sanctae
747 2945 884 2995 Romanae
903 2942 1033 2994 ecclesiae
1046 2942 1266 3007 archidiaconus,
1279 2945 1519 3009 quemadmodum

289 3057 418 3110 praesens
431 3042 498 3095 vidit
509 3048 536 3095 et
546 3044 658 3105 audiuit,
672 3042 747 3094 brevi
760 3055 889 3093 sermone
902 3040 1074 3107 conscripsit.
1085 3043 1158 3105 Quae
1169 3047 1195 3093 et
1205 3054 1256 3093 nos
1269 3044 1362 3097 bruno
1375 3045 1524 3112 segnensis
1540 3040 1567 3097 l!

285 3143 438 3210 episcopus.
447 3148 540 3210 rogatu
550 3142 644 3194 domni
654 3140 786 3194 Theodini
794 3139 917 3207 ejusdem
925 3141 1056 3194 eeclesiae
1065 3140 1259 3208 archidiaconi,
1268 3141 1404 3197 materiae
1412 3144 1525 3198 veritate

285 3246 313 3295 in
325 3241 453 3296 omnibus
466 3248 494 3294 et
506 3243 657 3307 peremnia
669 3245 784 3304 servata,
797 3240 854 3292 sola
868 3240 922 3292 stili
936 3240 1125 3293 immutatione
1143 3240 1224 3292 latius
1242 3240 1419 3307 aliquantum
1432 3243 1519 3311 diges-

285 3344 381 3395 simus.
389 3341 560 3394 Translatum
574 3345 616 3393 est
628 3353 727 3405 corpus
739 3339 811 3391 beati
822 3338 950 3404 Stephani
963 3341 1075 3392 Romam
1087 3351 1105 3390 u
1116 3351 1203 3392 nonas
1215 3337 1291 3403 maii,
1302 3342 1433 3408 principe
1440 3344 1523 3396 'ibeo-

284 3443 372 3503 dosio,
385 3455 453 3508 papa
466 3441 582 3507 Pelagio,
598 3439 632 3491 ad
645 3439 757 3491 tutelam
770 3439 956 3491 Romanorum
969 3436 1068 3491 civium
1080 3443 1134 3491 tarn
1148 3439 1279 3492 aduersus
1291 3439 1389 3494 hostes
1401 3441 1524 3494 risibiles

284 3555 365 3608 quam
388 3540 550 3600 invisibiles,
572 3537 647 3605 quod
667 3544 772 3591 annuat
791 3539 872 3591 nobis
890 3539 1012 3591 Christus
1033 3539 1182 3604 promereri
1204 3537 1239 3590 ad
1259 3552 1341 3607 suam
1361 3542 1477 3596 laudern
1494 3532 1567 3609 eti

285 3655 391 3707 eorum,
404 3640 526 3706 quicum
539 3642 616 3691 Patre
627 3645 654 3691 et
667 3639 768 3704 Spiritu
782 3643 876 3691 sancto
889 3639 953 3691 vivit
964 3642 991 3690 et
1005 3643 1108 3705 regnat.

409 3818 452 3864 aa
470 3816 703 3864 aususausus
720 3820 739 3863 a
757 3817 787 3864 s.
806 3817 992 3862 assensero
1008 3817 1051 3862 ru
1068 3817 1096 3863 s.
1116 3815 1288 3864 nautarum
1306 3817 1412 3866 uisse

765 3912 846 3997 (Cir.
865 3913 1039 3999 soprato.

362 4105 477 4157 Dornno
488 4103 643 4156 sacerdoti
654 4102 791 4169 Remiqio
802 4102 907 4169 frater
918 4105 949 4157 et
960 4115 1126 4156 conservus
1140 4103 1175 4155 in
1189 4101 1403 4180 carisiolam
1414 4118 1518 4161 coate-

284 4203 376 4256 bialis
388 4203 471 4256 citae
482 4202 645 4256 institutor
658 4202 842 4256 Benedictus
853 4205 1001 4256 aeternae
1011 4201 1234 4257 benedictionis
1244 4215 1373 4258 menne
1387 4205 1522 4260 &statm-
1552 4182 1555 4187 ¹

284 4302 362 4355 simo
375 4304 427 4353 tuo
447 4301 672 4367 eonqratntans
687 4300 859 4369 profectui,
880 4301 1025 4354 sacerdos
1046 4301 1130 4368 reaia
1154 4301 1280 4368 summi,
1303 4299 1395 4370 [quia
1416 4302 1521 4371 unius]

282 4400 396 4467 capitis
405 4400 542 4453 menbra
554 4413 671 4466 scincus,
694 4399 775 4466 qaod
795 4399 875 4452 mibi
891 4401 996 4453 deesse
1006 4399 1106 4454 sentio
1118 4399 1152 4452 in
1163 4412 1222 4467 nte,
1237 4401 1347 4467 totum,
1364 4402 1440 4456 laus
1450 4404 1520 4469 Deo,

281 4499 442 4567 possidere
453 4511 502 4551 me
512 4500 603 4552 eredo
617 4498 650 4550 ln
663 4500 699 4550 te.
715 4499 791 4551 Ecce
801 4498 881 4564 quod
893 4510 961 4550 mea
969 4501 1101 4564 peccata
1110 4496 1439 4569 steriprobibuerunt,
1450 4502 1523 4556 tuae

284 4598 483 4652 auctoritatis
494 4596 705 4652 sacerdotalia
716 4600 862 4665 supplere
873 4596 985 4650 habaet
995 4597 1119 4664 merita,
1130 4599 1160 4650 et
1168 4597 1363 4653 descendant
1373 4600 1465 4657 droa
1475 4612 1524 4656 nuc
