3136 5482
160 326 228 393 254
506 343 633 393 erran.
652 343 754 393 cono.
774 340 947 391 eamean.
966 340 1047 391 aar.

357 515 502 580 Postquam
515 526 573 565 rem
585 518 689 580 gestam
703 513 799 566 Florus
810 512 950 577 sanctique
961 510 1106 576 repulsam

356 612 460 678 Accipit
470 612 584 665 ardradi
598 613 688 665 missis
701 624 770 678 quos
783 612 896 663 miserat
907 611 957 676 lili,

358 713 420 779 llegi
434 712 574 778 praeclaro
587 711 636 764 sed
649 724 713 777 prae
725 712 831 765 cunctis
843 709 1000 764 venerando

357 810 426 874 Quid
439 811 504 864 velit
515 812 653 877 extempio
666 811 787 865 declarat
798 810 996 864 theodeberto.

359 913 457 979 Regius
467 925 595 965 assensus
608 925 660 965 nec
671 912 762 965 delicit
773 912 859 977 ipsius
873 917 959 964 actus.

235 1011 280 1063 34
291 1012 350 1075 (ae).
385 1011 524 1065 Accelerat
536 1013 641 1077 Florus,
654 1014 776 1064 llaurum
789 1024 841 1064 nec
850 1011 924 1064 adire
938 1014 1071 1063 moratur.

356 1112 376 1161 0
388 1110 435 1176 qui
448 1109 616 1177 complexus,
630 1111 658 1162 in
677 1111 783 1163 christo
796 1110 843 1176 qui
856 1121 965 1176 quoque
977 1111 1086 1160 nexus!

359 1210 415 1274 llic,
430 1208 473 1261 hic
486 1208 627 1262 Platonem
639 1210 818 1262 succumbere
830 1208 873 1262 uel
885 1208 1057 1271 Ciceronem,

358 1308 482 1360 scrihere
494 1311 628 1362 Nasonem
642 1307 798 1376 ueogaudia
813 1320 892 1374 posse
906 1310 1057 1371 llaronem,

324 1419 329 1432 ·
359 1408 389 1460 lli
401 1420 456 1474 quo
468 1406 631 1475 versificam,
646 1408 674 1459 hi
686 1421 741 1474 quo
754 1420 882 1461 sermone
893 1411 1031 1473 perorent.

152 1522 154 1527 ·
194 1507 239 1560 35
249 1504 356 1571 llo-ll).
392 1507 520 1574 Egregius
534 1508 638 1573 Florus,
651 1509 739 1560 meriti
751 1508 807 1573 jam
821 1506 888 1560 tiore
900 1507 1026 1573 decorus,

358 1607 481 1660 ¹leminis
493 1611 523 1659 ut
534 1607 620 1673 testis,
633 1609 675 1659 vir
685 1607 798 1661 iloridus
810 1608 838 1659 in
852 1607 923 1660 irene
935 1607 1027 1674 gestis.

274 1719 276 1722 ’
360 1712 424 1759 sese
436 1713 606 1773 praesentem
619 1705 685 1759 dicit
696 1707 834 1772 complere
847 1705 979 1759 volentem

358 1806 432 1858 Sicut
444 1806 584 1873 respondit
595 1807 690 1874 legatis
702 1810 784 1873 atque
797 1804 952 1871 spopondit.

359 1904 492 1958 Ecclesiae
504 1905 592 1969 sedes,
606 1919 660 1972 quo
673 1903 755 1959 condi
768 1904 867 1958 debeat
878 1903 960 1958 aedes

358 2006 388 2055 lit
399 2003 514 2056 fratrum
528 2003 646 2070 requies,
659 2001 805 2070 exponitur
816 2008 843 2057 et
855 2004 932 2058 locus
940 2007 968 2055 et
980 2016 1024 2054 res

360 2103 415 2156 sub
427 2108 587 2156 testamento
598 2120 606 2169 ;
619 2104 667 2156 sed
681 2103 761 2170 ilius,
774 2103 953 2157 incitamento

357 2208 414 2267 Quo
426 2205 514 2269 coepti
528 2203 614 2269 lieret,
628 2205 773 2270 exponitur
786 2204 885 2257 unicus
897 2203 987 2257 heres.

357 2303 391 2354 Se
402 2315 512 2368 quoque
523 2308 669 2355 venturum
679 2302 745 2356 dicit
756 2302 952 2369 cumulumque
965 2302 1103 2355 iuturum.

236 2399 281 2452 33
292 2398 355 2465 (lt).
390 2404 448 2454 lam
462 2401 520 2455 lora
533 2401 711 2467 mundantur,
722 2403 778 2467 jam
791 2402 973 2456 fundamenta
984 2401 1139 2457 locantur:

356 2504 415 2553 tam
432 2515 476 2554 res
487 2508 605 2567 aptatur,
618 2502 724 2555 Domini
734 2501 832 2555 domus
844 2499 1011 2555 aedificatur.

357 2601 464 2653 llartini
477 2613 593 2667 propere
605 2602 657 2654 sul)
665 2602 832 2655 contessoris
844 2602 949 2655 honere

357 2703 465 2753 llaurus
477 2701 616 2762 basilicam
629 2703 781 2755 construxit
793 2703 919 2767 primitus
932 2712 1026 2757 unam,

359 2805 388 2853 ln
398 2815 452 2868 qua
464 2802 505 2853 vir
517 2808 637 2867 sanetus,
651 2803 769 2856 doctoris
782 2815 857 2856 more
871 2801 994 2867 sepultus

357 2902 419 2952 Post
429 2900 488 2965 suit,
502 2900 613 2966 expulsa
623 2902 695 2966 quod
707 2901 770 2953 iecit
782 2899 914 2966 apollinis
928 2912 984 2952 ara.
1064 2951 1069 2962 ,

237 2998 281 3050 37
294 3001 356 3061 (ld).
392 3000 516 3066 Contigit,
530 3007 561 3051 ut
572 2999 658 3064 lieret,
672 3013 733 3052 curn
746 3002 839 3053 llauro
853 3012 914 3051 cum
928 2998 1062 3052 resideret

358 3099 490 3162 Prudens,
504 3098 621 3151 artiiices
639 3112 708 3164 opus
722 3099 875 3164 incoeptum
890 3102 1069 3164 properantes

357 3197 517 3261 inspiciens,
532 3197 635 3260 Florus,
649 3198 721 3262 quod
735 3198 851 3249 clericus
867 3196 966 3249 occidit
978 3209 1053 3248 uuus

359 3300 396 3349 lle
409 3298 524 3349 summis
537 3297 678 3365 gradibus,
689 3297 809 3362 lapidum
822 3312 877 3364 quo
890 3310 1003 3364 magnus
1016 3311 1158 3357 acervusr

357 3394 406 3458 Qui
419 3402 511 3448 custos
523 3396 611 3449 iuerat
624 3397 694 3464 regis
706 3395 839 3449 deductus
851 3396 886 3449 al)
898 3396 969 3449 aula.

357 3495 500 3561 Sanguinis
512 3494 649 3561 egreditur
662 3509 710 3561 per
721 3501 834 3548 cunctos
846 3494 920 3548 unda
934 3502 1040 3547 meatus

360 3595 487 3659 Corporis
500 3593 559 3646 elisi
572 3613 579 3659 ς
593 3596 662 3646 ritae
673 3595 721 3659 nil,
735 3596 826 3647 omnia
840 3595 944 3647 mortis.

358 3693 472 3744 Advenit
485 3694 528 3744 liic
541 3696 657 3757 llaurus,
671 3692 750 3746 Floro
762 3693 917 3756 comitante,
931 3693 1036 3746 beatus.

360 3796 427 3844 llntc
442 3793 513 3845 iores
526 3792 619 3857 templi
633 3798 698 3845 tunc
707 3793 833 3857 primitus
846 3790 979 3845 aedificati

360 3894 474 3957 imperat
487 3890 612 3944 infirmus
627 3893 789 3959 quantocius
802 3893 849 3945 ilie
861 3893 973 3946 feratur.

355 3992 422 4042 lium
436 3991 627 4043 discessissent
640 4004 736 4044 omncs
749 4004 780 4044 ac
792 3990 979 4044 deseruissent

359 4090 443 4141 Vitam
456 4104 517 4141 eum
531 4089 596 4152 lato,
609 4102 703 4142 curam
716 4103 778 4142 cum
791 4088 951 4155 dilapidato,

357 4188 474 4240 llembm
488 4187 546 4241 solo
560 4189 664 4253 sternit,
678 4189 742 4254 quia
751 4188 839 4242 solum
853 4201 883 4241 se
895 4189 953 4242 iore
965 4190 1065 4241 cernit.

361 4288 405 4338 l'ir
417 4287 451 4339 lle
464 4287 546 4340 corde
559 4287 617 4340 litat
629 4287 729 4354 datque
747 4288 874 4353 suspiria,
888 4287 977 4339 mittat

357 4390 482 4452 Quosque
497 4389 550 4439 lieo
563 4385 650 4448 fletus,
667 4400 736 4452 quae
749 4387 830 4439 verba
844 4387 993 4452 precantia,
1008 4386 1103 4442 fretus

359 4489 469 4537 Murteae
482 4485 585 4546 divino,
595 4486 692 4538 collato
706 4486 809 4537 lumine
822 4488 899 4549 Lino,

358 4583 443 4635 Nodet
455 4585 488 4635 ad
499 4583 635 4651 integrum
645 4585 791 4637 conl'ractls
803 4585 917 4638 artubus
930 4598 1054 4652 aegrum.
