3136 5482
171 294 236 360 456
514 308 641 359 onaan.
660 307 762 360 coun.
782 306 956 359 simoen.
976 306 1058 359 nar.

170 479 250 531 etiam
264 478 309 532 bei
330 485 407 541 nutu,
430 483 460 531 ut
480 478 508 530 in
529 476 755 530 antecedentibus
776 477 879 531 dietum
904 482 955 541 est,
969 484 1107 531 mortuum
1119 475 1310 531 viridesceret.
1322 478 1393 530 Tunc

170 577 284 643 spiritus
297 578 383 630 saneti
395 578 481 645 gratia
493 589 613 644 superno
623 575 721 642 jubare
732 589 780 630 eor
792 575 957 629 illustratum
968 576 1091 630 consulis
1103 577 1198 644 tetigit,
1210 581 1240 629 et
1251 579 1334 629 totam
1345 580 1393 629 ter·

170 677 315 730 ramittam
336 690 352 730 a
373 676 495 742 praelata
517 676 588 729 ualle
607 689 694 743 usque
715 677 750 728 ad
769 676 929 742 oratorium,
942 681 970 728 et
981 674 1148 729 tantundem
1160 676 1190 728 in
1201 675 1392 742 circuituelus,

170 783 264 831 sancto
276 781 390 832 Runano
403 779 430 830 in
444 782 608 844 perpetuum
619 779 703 832 dedit.
717 781 771 831 itae
784 790 849 845 ergo
861 776 971 831 datione
983 777 1021 830 sic
1034 781 1150 844 patrata,
1163 776 1248 831 boues
1259 776 1392 841 contiuuo,

171 878 244 930 velut
259 877 353 930 datum
374 881 447 930 esset
467 878 617 943 praemium
639 877 691 930 sibi
708 876 869 943 sentientes,
891 877 1001 930 caelesti
1020 876 1135 942 imperio
1153 880 1253 945 agente
1270 874 1417 943 adusouet

171 975 320 1031 oratorium
333 977 438 1042 absque
450 988 525 1029 mora
539 975 693 1042 procedunt
713 982 797 1042 atquc
817 976 901 1042 ipsius
921 980 985 1029 ante
1003 975 1117 1044 januam
1128 980 1242 1042 peracto
1251 988 1303 1029 suo
1313 972 1393 1029 officio

171 1075 325 1129 immobiles
338 1076 500 1128 subsistunt.
522 1078 598 1128 Tunc
616 1090 632 1129 e
647 1076 769 1142 plaustro
789 1079 915 1128 sanctum
933 1087 1033 1141 corpus
1054 1073 1108 1141 piis
1128 1072 1254 1127 bdelium
1276 1072 1393 1127 manibus

172 1176 305 1242 accipitur
317 1182 342 1229 et
355 1176 384 1228 in
396 1175 546 1229 oratorium
558 1176 593 1229 ab
606 1176 673 1242 ipsis
686 1177 714 1229 in
727 1188 794 1229 voce
806 1176 979 1229 exaltationis
989 1179 1073 1229 beum
1080 1174 1310 1229 benedicentibus
1319 1174 1394 1227 lam

173 1276 230 1330 tibi
244 1275 363 1331 Christe
372 1276 498 1328 insertur.
518 1278 575 1340 Quo
596 1276 625 1329 in
644 1276 703 1329 loeo
724 1275 846 1329 fidelium
866 1275 1012 1330 deuotione
1034 1275 1138 1342 ingenti
1149 1273 1286 1342 sepultus,
1299 1274 1392 1327 meritis

173 1377 234 1443 ejus
246 1375 418 1443 exigentibus
431 1375 558 1428 honorari
573 1375 674 1426 meruit
685 1378 767 1442 atque
789 1388 838 1441 per
859 1374 943 1428 muita
956 1386 1093 1427 annorum
1110 1372 1254 1427 volumina
1266 1372 1332 1426 inibi
1343 1385 1393 1426 oor·
1405 1372 1425 1424 tt

173 1470 247 1541 poris
259 1479 287 1527 et
298 1473 406 1527 animae
415 1474 492 1547 plura
505 1480 645 1540 praestans
657 1473 791 1527 beneilcia
802 1475 961 1541 petentibus
973 1475 1002 1527 in
1015 1473 1128 1527 nomine
1137 1472 1248 1527 bomini
1256 1472 1362 1540 quievit

173 1681 225 1738 De
239 1676 356 1738 sancti
370 1676 510 1736 nonant
524 1678 561 1737 et
573 1680 780 1738 sanctorum
794 1676 1032 1749 reducturum
1045 1691 1071 1737 a
1084 1675 1267 1737 cornubie.
1286 1689 1391 1750 scm

214 1776 312 1836 stone
332 1778 370 1836 et
390 1789 513 1836 eorum
533 1777 637 1837 brevi
656 1778 775 1850 leude,
791 1778 828 1836 et
842 1775 954 1837 sollus
969 1774 1087 1836 sancti
1108 1775 1251 1836 nonani
1271 1772 1390 1847 cupida
1432 1826 1434 1841 .

214 1875 419 1936 reversione
433 1876 470 1934 et
482 1874 660 1936 obtutum
682 1876 762 1948 elus
787 1877 884 1948 apud
911 1873 1171 1936 confluentiam
1183 1874 1222 1934 ln
1235 1876 1310 1935 looo
1330 1885 1390 1946 quo
1432 1872 1434 1927 ἱ

215 1973 754 2047 nuncestlnstffnlpatratlone.
1404 1980 1424 2033 lt

209 2168 258 2220 12.
280 2167 425 2221 Multorum
448 2173 540 2221 autem
563 2173 655 2236 postea
678 2169 833 2223 labentibus
856 2181 992 2223 annorum
1015 2166 1171 2233 candaulis,
1192 2178 1260 2220 cum·
1276 2166 1392 2218 inienuus

175 2269 277 2322 arbiter
289 2282 305 2321 a
318 2268 410 2333 piratis
422 2269 592 2333 permitteret
604 2268 766 2336 depopulari
788 2269 902 2323 minoris
923 2267 1078 2322 Britanniae
1089 2265 1217 2321 tellurem
1229 2270 1284 2319 eta
1303 2262 1392 2317 malitia

174 2368 383 2422 inhabitantium
396 2368 424 2420 in
437 2381 469 2421 ea
480 2382 592 2434 prorsus
604 2368 678 2422 illam
691 2368 775 2437 redigi
789 2369 818 2421 in
830 2368 1016 2434 solitudinem,
1029 2372 1096 2419 tunc
1116 2366 1190 2420 illius
1200 2379 1270 2435 gens
1281 2362 1391 2420 accolas

175 2468 432 2534 supervenientibus
444 2481 582 2534 oppressa,
596 2469 698 2521 relictis
718 2467 831 2521 sedibus
852 2466 929 2521 avitis
949 2479 999 2534 per
1014 2465 1121 2519 diversa
1142 2465 1219 2518 orbis
1229 2464 1336 2518 climata
1346 2461 1391 2515 dis

175 2579 254 2633 persa
266 2570 316 2618 est.
330 2568 466 2619 Exeuntes
486 2571 576 2620 autem
597 2580 674 2620 sacra
695 2570 851 2620 sanctorum
872 2566 986 2634 pignora
1006 2564 1110 2617 mundo
1130 2563 1224 2618 obrizo
1242 2558 1426 2631 pretiosiorah

176 2678 269 2720 secum
290 2670 506 2731 asportaverunt.
528 2669 586 2719 ileu
608 2671 646 2731 tu,
660 2666 840 2734 cornugallia,
863 2665 965 2718 inielir·
978 2670 1045 2717 tunc
1068 2661 1186 2716 nimium
1209 2662 1301 2727 elim,
1322 2661 1393 2714 immo

177 2765 312 2819 infelicior
333 2771 395 2818 tuus
415 2749 576 2832 incolaoui
596 2778 673 2819 suam
694 2770 806 2833 propter
826 2765 974 2832 nequitiam
994 2768 1021 2816 te
1033 2761 1247 2829 perdiditbonis
1265 2759 1395 2816 usualius

178 2865 344 2932 opulentam.
359 2864 406 2916 illo
422 2864 495 2917 enim
516 2865 687 2931 intempore
709 2865 858 2931 pretiosum
879 2863 976 2916 Christi
999 2862 1186 2916 consessorem
1205 2861 1396 2915 sanctissimum

179 2965 291 3017 amisisti
312 2964 526 3032 Guingualoeum
548 2964 684 3032 abbatem,
707 2963 753 3030 qui
776 2962 900 3029 piurimis
926 2975 958 3015 ac
979 2961 1084 3029 magnis
1105 2960 1191 3029 signis
1213 2966 1241 3014 et
1265 2958 1399 3014 uirtutibus

39 3083 47 3102 ·
60 3079 125 3134 cod,
182 3063 284 3116 mundo
298 3063 404 3127 enituit,
417 3064 459 3115 cui
473 3063 543 3115 viam
554 3064 683 3130 linquens
693 3061 854 3129 hiup-sairam
865 3064 872 3081 ·
885 3063 996 3130 pelagus
1006 3061 1175 3119 retrocessit,
1185 3060 1299 3113 uberem
1310 3060 1402 3112 iontem
1415 3055 1434 3107 li

8 3150 140 3244 W&
180 3163 259 3216 tellus
272 3162 424 3214 aridissima
438 3162 516 3228 ludit,
530 3163 576 3228 qui
591 3163 673 3216 verbo
685 3162 834 3215 daemones
851 3161 960 3229 fugavit,
975 3165 1097 3214 mortuos
1108 3159 1143 3213 ad
1155 3158 1239 3213 sitam
1260 3156 1400 3212 suscitarit.

1 3223 160 3346 fflfflss
176 3263 312 3315 huniscras
324 3268 415 3315 autem
437 3268 516 3315 antea
538 3267 648 3328 propter
668 3276 787 3330 nequam
809 3261 960 3341 parricidae
972 3259 1011 3314 tui
1023 3260 1145 3314 consulis
1167 3259 1305 3312 insaniam
1318 3264 1400 3325 patro

4 3341 165 3438 fflfflg
177 3376 243 3414 num
255 3366 332 3414 tuum
348 3360 534 3414 venerandum
544 3360 784 3413 archimandritam
794 3360 980 3413 consessorem
991 3358 1088 3411 christi
1097 3358 1278 3411 sacerrimum
1290 3360 1401 3411 Gourou-

39 3481 48 3499 ·
65 3477 119 3530 350,
178 3463 265 3513 tinum
278 3463 286 3479 '
299 3461 465 3527 episcopum,
478 3461 566 3513 virum
579 3460 685 3512 dicrum
699 3460 811 3525 plenum
825 3464 851 3511 et
862 3459 989 3512 universa
1002 3471 1110 3511 morum
1132 3457 1268 3524 probitate
1291 3455 1401 3523 praecla-

180 3576 251 3625 rum,
264 3562 311 3628 qui
324 3562 520 3613 ecclesiasticae
533 3560 673 3627 religionis
685 3567 709 3612 et
723 3560 865 3612 monastici
878 3559 983 3612 ordinis
995 3559 1128 3611 industria
1140 3558 1327 3625 praepollens,
1339 3558 1402 3608 inter
1415 3553 1434 3606 a

181 3668 269 3715 cetera
293 3661 442 3713 celebrium
463 3662 657 3713 miraculorum
680 3661 797 3726 insignia
818 3661 989 3712 uberrimum
1012 3659 1126 3721 iontem,
1147 3659 1197 3725 qui
1218 3671 1307 3725 usque
1328 3655 1402 3709 hodic

183 3761 251 3823 lluit,
272 3761 305 3813 ab
327 3761 381 3812 imo
403 3760 507 3817 telluris
527 3773 624 3826 aquam
646 3759 712 3811 dare
732 3758 856 3826 negantis
877 3759 923 3811 bei
946 3758 1057 3810 nomine
1083 3757 1209 3810 invocato
1233 3756 1360 3823 produxit
1381 3759 1404 3807 et

41 3874 51 3893 ·
87 3872 118 3927 ·‚
181 3862 301 3929 reginam
316 3873 407 3913 morsu
420 3861 495 3912 canis
507 3861 720 3926 cupito·paene
734 3858 929 3925 strangulatam
942 3858 976 3910 ab
989 3859 1046 3923 ipsa
1059 3857 1156 3909 mortis
1170 3856 1311 3909 laucesua
1329 3857 1403 3908 inter·

180 3959 307 4012 ventione
332 3959 465 4011 liberauit.
483 3960 605 4025 Longum
630 3963 671 4009 cst
695 3957 830 4021 intimare,
852 3956 936 4009 immo
961 3955 1035 4008 dolet
1059 3967 1183 4019 narrare,
1206 3967 1278 4022 quae
1298 3959 1326 4007 et
1346 3956 1405 4021 quot

180 4064 336 4110 sanctorum
351 4070 412 4109 cara
433 4055 588 4122 supradicto
610 4062 731 4121 tempore
752 4054 893 4120 perdidisti
915 4055 1027 4123 pignora
1049 4061 1161 4120 propter
1173 4054 1281 4108 nefaria
1301 4048 1434 4108 tuorum&

179 4158 330 4210 incolarum
352 4156 460 4223 flagitia.
483 4156 648 4217 nullatenus,
667 4168 716 4221 pro
738 4155 826 4219 dolor,
846 4154 881 4207 ad
903 4159 929 4206 le
950 4166 1069 4207 reuersa.
1088 4157 1285 4207 Verumtamen
1306 4164 1406 4207 nones

178 4256 301 4309 omnium
322 4254 430 4306 illorum
452 4254 603 4320 patrocinio
626 4254 732 4318 plenitus
753 4251 970 4317 destitutarum
990 4256 1114 4305 sanctum
1137 4258 1220 4318 caput
1237 4253 1347 4306 Rouani
1364 4263 1407 4318 per

178 4354 339 4406 immensam
353 4353 399 4405 boi
412 4353 605 4418 omnipotentis
621 4353 834 4404 misericordiam
856 4350 1045 4420 retrogradum
1066 4352 1170 4405 habere
1188 4352 1324 4406 meruisti
1338 4350 1408 4406 [ude

178 4453 244 4506 lelix
261 4467 354 4506 manes
366 4460 393 4506 et
403 4453 524 4521 jucunda
537 4458 618 4520 atoue
631 4454 782 4519 peremnia
796 4452 920 4504 manebis
932 4449 1052 4514 saecula,
1065 4450 1131 4505 dum
1141 4453 1208 4520 juga
1223 4453 1327 4505 montis
1338 4464 1407 4518 aper.

178 4551 274 4605 fluuios
292 4552 356 4604 dum
378 4553 458 4617 piscis
478 4553 588 4606 amabit.
601 4555 713 4606 Laetare
734 4565 807 4618 ergo,
822 4552 944 4618 inquam,
959 4551 1070 4617 lactare,
1084 4556 1223 4605 tantarum
1236 4551 1315 4606 dives
1327 4548 1434 4620 opumt
