3136 5482
324 358 417 408 amu.
436 358 520 409 unu.
538 358 656 408 raam.
674 377 720 389 -
737 358 891 408 urrann.
910 358 958 408 ab
974 356 1052 408 con.
1071 355 1146 407 sato.
1286 342 1353 408 399

138 530 155 578 rt
165 527 298 593 genitrici
311 528 381 593 ejus,
395 533 460 581 ante
472 527 542 582 duas
554 528 611 584 lere
623 528 705 581 boras
718 540 800 593 quam
816 526 875 593 ipse
887 526 1015 593 spiritum
1032 528 1181 594 exhalaret,
1194 527 1268 594 quod
1281 526 1353 580 circa

138 630 194 680 lum
217 628 380 681 innumerae
401 628 530 681 lucernae
552 633 714 680 tenerentur
735 640 876 687 accensae,
890 627 938 680 sed
956 642 971 681 a
990 628 1090 694 quibus
1111 632 1273 681 tenerentur
1294 639 1350 680 non

138 731 225 779 >terat
238 726 347 792 penitus
368 726 470 780 videre.
484 726 560 779 Unde
581 726 642 791 quis
655 725 762 778 dubitet
781 730 941 778 sanctorum
961 727 1140 779 innocentum
1162 723 1285 777 claritlua
1297 724 1353 779 illic

138 825 264 877 ivenisse
276 824 384 891 agmina
396 838 458 877 cum
471 823 643 890 lampadibus
655 825 787 889 accensis,
806 828 837 876 nt
850 825 975 891 spiritum
989 824 1053 876 almi
1066 823 1206 878 coaetanei
1219 823 1261 876 sui
1272 822 1352 875 lusti·

138 923 194 978 ani
215 927 282 976 ante
295 923 416 977 tribunal
438 923 512 976 illius
524 924 581 977 veri
601 921 733 977 offerrent
753 923 814 992 agni
827 924 875 991 qui
895 923 1008 976 abstulit
1018 928 1128 989 peccata
1149 921 1353 976 munditlianc

137 1025 201 1077 itur
213 1026 272 1075 tam
284 1022 474 1075 admirabilem
495 1023 625 1088 virtutem
637 1022 777 1076 dindimae
791 1022 903 1076 visionis
924 1028 980 1076 tam
993 1021 1100 1076 mirifici
1113 1027 1155 1076 est
1174 1022 1309 1086 comitata,
1322 1025 1353 1074 ut

138 1126 223 1188 runt,
236 1121 355 1175 suavitas
367 1121 460 1175 odoris
472 1125 503 1174 ut
515 1121 640 1175 crederet
652 1134 681 1174 se
693 1121 858 1175 venerabilis
870 1124 955 1185 tuam,
970 1127 997 1174 et
1014 1121 1097 1175 ceteri
1110 1120 1306 1187 circumpositi,
1319 1121 1349 1173 in

138 1232 236 1275 eruore
248 1219 352 1285 positos
363 1220 492 1286 paradisi,
506 1220 554 1273 ubi
568 1220 673 1273 redolet
684 1220 755 1272 mira
764 1218 905 1286 flagrantia
915 1232 1039 1273 rosarum
1051 1224 1079 1273 et
1090 1218 1243 1286 lili[or]um,
1256 1218 1350 1272 cinna-

138 1319 203 1374 omi
216 1332 329 1386 quoque
342 1325 369 1372 et
380 1320 494 1374 balsami
508 1333 540 1373 ac
552 1326 647 1374 nectar
659 1321 741 1373 totius
754 1332 886 1373 amoenae
897 1318 1096 1373 delectationis.
1109 1319 1272 1372 biscedente
1283 1329 1349 1371 vero

138 1420 235 1475 aelati
249 1419 371 1473 clantue
383 1420 506 1486 luminis,
520 1421 638 1475 suavitas
651 1420 783 1473 remansit
794 1419 898 1486 odoris,
913 1432 995 1486 quam
1012 1418 1103 1473 omnis
1120 1431 1252 1485 praesens
1267 1417 1354 1472 sensit

138 1520 297 1590 tngregatio
308 1519 413 1587 populi,
427 1533 572 1587 quousque
583 1519 718 1586 praeclari
731 1520 809 1586 pueri
830 1519 989 1573 uenerabile
1005 1531 1105 1586 corpus
1117 1518 1263 1573 iustiniani
1282 1530 1353 1572 urna

138 1624 263 1688 geretur
275 1618 404 1685 sepulcri.

147 1719 206 1772 13.
220 1719 367 1773 Perterrita
378 1720 498 1786 denique
510 1720 584 1773 illius
596 1720 750 1787 saepedicta
770 1722 885 1789 genitrix
897 1727 952 1775 tam
974 1721 1077 1788 potenti
1099 1726 1203 1775 terrore
1224 1720 1352 1789 prodigii,

138 1830 268 1885 teneque
291 1819 444 1872 exanimata
467 1833 516 1885 pro
540 1819 615 1872 unici
639 1821 681 1874 sui
705 1818 881 1886 ademptione
911 1819 969 1886 tilii,
994 1820 1151 1886 hujusmodi
1175 1820 1352 1874 lamentando

138 1917 266 1970 nittebat
277 1923 428 1970 concentus
438 1918 565 1972 clamoris
577 1933 584 1971 :
598 1919 620 1973 0
631 1930 774 1973 mearum
784 1919 906 1986 prauae
917 1918 1011 1973 decus
1019 1919 1227 1988 columnaque
1235 1930 1354 1986 rerum,

138 2018 198 2070 ate
208 2017 400 2085 Justiuiaue,
413 2030 433 2071 a
447 2020 475 2071 te
485 2031 574 2072 meae
590 2018 620 2071 si
630 2018 806 2071 muuimam
814 2020 941 2085 partem
952 2017 1079 2072 amimae
1094 2019 1181 2086 rapit
1198 2018 1356 2073 maturior

138 2117 175 2184 ts,
192 2115 273 2183 quid
286 2118 314 2170 te
326 2129 430 2171 moror
440 2118 453 2171 l
463 2117 572 2171 Altera
583 2117 701 2185 cuique
719 2117 918 2185 subsequitur
933 2118 1110 2185 particula.
1126 2118 1148 2172 0
1163 2117 1353 2186 Iustiniaue,

138 2213 323 2268 raesc'ettum
341 2217 371 2269 et
391 2215 483 2270 dulce
503 2216 597 2270 decus
615 2230 728 2285 meum,
748 2220 813 2270 tam
832 2229 903 2272 sero
919 2231 940 2271 α
957 2230 1007 2271 me
1024 2218 1138 2286 editus,
1157 2219 1223 2272 tum
1239 2218 1354 2286 eaipuo

138 2326 246 2368 tecum
257 2318 475 2384 enumeratus,
487 2318 552 2370 tam
564 2316 625 2371 cito
636 2316 716 2370 mibi
724 2329 757 2371 es
769 2316 904 2370 ablatus.
917 2316 991 2386 ttbi,
1001 2317 1031 2371 si
1042 2317 1171 2384 cirues,
1184 2317 1262 2385 fides
1272 2318 1301 2370 et
1310 2316 1356 2369 iu-

138 2412 211 2467 em'i
222 2412 356 2480 benique
367 2427 446 2469 vena
455 2417 542 2483 esset,
551 2417 639 2483 teque
645 2429 819 2484 pauperem
827 2416 956 2484 petisset
968 2416 1062 2481 dices,
1074 2429 1169 2484 spem,
1183 2415 1356 2485 auuitium,

138 2513 262 2566 ztutem
274 2513 502 2581 corcsitiumque
519 2526 682 2581 quaereus.
695 2514 734 2567 ad
746 2515 813 2568 baec
825 2515 968 2584 religiosus
979 2515 1021 2568 vir
1037 2515 1097 2581 ejus
1109 2515 1231 2568 brianus
1244 2527 1356 2580 respon-

138 2613 167 2677 it,
182 2611 305 2676 cupiens
321 2623 383 2663 eam
400 2613 534 2666 consolari
553 2629 559 2664 :
581 2613 656 2667 Noti
667 2612 782 2680 (ierac
800 2612 987 2667 dulcissima
1007 2613 1132 2679 amque,
1144 2612 1199 2666 sect
1210 2624 1358 2666 amarum

138 2710 270 2763 nimum
282 2710 364 2764 teuto
377 2712 515 2778 tempera
525 2712 597 2766 risu
609 2730 618 2766 .·
630 2713 707 2780 quia
715 2725 816 2779 aequa
829 2712 923 2765 tellus
931 2712 1071 2779 paupert
1082 2712 1357 2780 aperiturrepum·

138 2821 178 2862 ue
180 2807 300 2875 paetus
309 2811 339 2861 et
342 2809 472 2876 palliata
481 2823 565 2864 mors
573 2823 671 2878 aequo
678 2811 792 2878 pulsat
797 2810 879 2878 pede
884 2822 1066 2878 pauperum
1078 2810 1225 2864 tabernas
1235 2823 1355 2878 repum-

138 2920 177 2961 ue
191 2908 310 2959 turres.
326 2908 520 2975 Quapropter
539 2909 646 2963 desim
665 2909 751 2978 flere,
771 2921 945 2976 corpusque
958 2909 1022 2977 filii
1037 2909 1141 2963 nostri
1151 2909 1356 2977 duumumae

138 3007 292 3063 ’adamus
300 3009 493 3076 sepulturae,
504 3009 654 3077 spiritum
665 3022 783 3077 quoque
791 3010 858 3075 ejus
870 3009 997 3063 dicture
1008 3011 1255 3064 commendemus
1266 3010 1354 3064 mise-

138 3105 291 3175 t'cordiae,
305 3110 341 3161 ut
353 3107 388 3161 iu
405 3111 535 3163 aeteae
550 3112 666 3177 pauset
683 3109 793 3178 quiete,
805 3110 911 3165 securi
921 3110 960 3163 de
979 3110 1046 3175 ejus
1063 3110 1301 3178 recuperatione
1320 3110 1355 3163 iu

140 3205 239 3259 tama
251 3217 417 3273 corporum
428 3209 667 3265 resurrectione.

149 3305 204 3357 14.
218 3304 396 3361 celebrantes
408 3307 490 3375 igitur
502 3322 535 3362 ex
555 3322 631 3363 more
643 3315 724 3364 nocte
736 3311 783 3363 illa
804 3312 934 3377 exequias
947 3309 1055 3363 funeris
1067 3312 1262 3378 congruenter,
1275 3322 1354 3376 sepe·

138 3409 219 3459 erunt
229 3404 308 3458 illum
320 3405 392 3460 iacto
410 3421 491 3461 manc
503 3409 654 3462 honorilice
666 3423 728 3463 cum
742 3423 840 3478 magna
853 3410 947 3476 populi
968 3407 1155 3462 multitudine.
1169 3409 1256 3475 Super
1268 3409 1347 3475 cujus

138 3504 240 3557 rmbam
260 3504 357 3558 beatus
377 3508 506 3560 Martialis
525 3508 638 3562 demum
660 3511 741 3575 jussit
764 3509 909 3563 ecclesiam
931 3513 1094 3562 construme
1108 3523 1115 3559 :
1130 3521 1201 3576 quae
1220 3521 1310 3575 usqne
1322 3508 1352 3561 in

139 3605 292 3655 raesentem
313 3602 386 3656 diem
406 3603 435 3655 in
448 3605 507 3670 ejus
529 3606 642 3659 nomine
655 3607 737 3659 claris
760 3606 908 3659 virtutibus
928 3605 1021 3671 pollet.
1037 3608 1074 3659 be
1086 3605 1188 3673 quibus
1205 3604 1355 3660 virtutibus

138 3709 203 3755 auca
214 3701 251 3755 de
265 3700 390 3768 pluribus
403 3705 576 3759 narrabimus
590 3707 876 3774 inconsequentibus.

145 3920 312 3971 ursaceus
336 3925 365 3971 s.
391 3925 583 3976 rusrmmru
606 3927 687 3975 rosr
711 3927 854 3976 uonrau
874 3907 957 3994 (Cir.
985 3929 1096 3994 supra,
1117 3930 1149 3995 p.
1169 3908 1250 3985 392,
1268 3905 1330 3996 3⁰).

138 4092 209 4153 tum
222 4109 319 4167 quae
332 4094 510 4158 miracula
532 4095 644 4176 [recta
657 4096 743 4177 sint]
761 4101 844 4171 post
864 4100 1061 4160 transitum
1085 4098 1184 4160 baeti
1197 4098 1356 4171 almique

158 4193 260 4265 pueri
274 4196 488 4256 contessoris
511 4197 713 4258 lastiniani
733 4197 771 4258 ln
784 4201 860 4259 loco
881 4199 944 4259 ubi
961 4212 1091 4270 corpus
1107 4200 1208 4271 jacet
1221 4201 1348 4258 buma-

158 4293 275 4352 tumr.
1363 4318 1532 4386 mearam

151 4407 175 4458 l.
189 4406 280 4459 Prima
292 4407 373 4473 igitur
385 4408 532 4461 beatissimi
545 4410 691 4463 iustiniani
704 4409 801 4476 virtus,
815 4423 886 4476 quae
898 4410 932 4464 ad
951 4410 1082 4463 indicium
1100 4410 1252 4463 sanctitatis
1270 4409 1344 4463 illius
1377 4385 1512 4439 nummus·

138 4509 175 4558 ost
195 4503 416 4559 recondidonem
436 4508 600 4560 sanctissimi
623 4509 778 4574 corpusculi
802 4510 862 4575 ejus
885 4513 996 4562 ostensa
1017 4512 1058 4562 est
1081 4508 1257 4574 bominibus,
1280 4509 1346 4561 baec

138 4605 198 4658 risse
218 4603 381 4657 dinoscitur.
403 4607 565 4659 cumcuim
587 4613 649 4673 post
671 4608 868 4675 quietissimam
890 4608 1079 4674 pausationem
1100 4608 1159 4674 ejus
1179 4608 1208 4660 in
1230 4607 1345 4661 bomine
