3156 5452
275 338 369 388 uren.
389 337 472 387 uer.
491 337 607 386 rums.
625 357 671 367 -
686 336 841 387 trenno.
859 335 907 385 nu
924 336 1001 386 con.
1021 334 1080 385 eto.
1243 322 1286 385 li

73 501 167 559 rubore
175 505 312 572 respondit
326 520 332 556 z
349 504 372 557 0
389 502 485 556 amici
494 501 559 569 Dei,
569 503 856 569 quomodopossuret
868 502 943 557 haee
955 504 1029 573 pieri
1038 505 1050 557 i
1059 503 1287 571 insufficientia.

70 601 148 655 milri
154 606 296 673 eriperem,
305 603 438 657 seientia
450 602 564 671 deficit,
577 603 671 655 nullo
682 602 823 669 diere-itas
836 603 870 655 ire
881 616 931 656 me
943 604 1027 671 latet,
1041 606 1075 656 ut
1081 603 1288 671 pontificatus

67 700 175 768 clipeus
184 703 243 757 eim
254 701 379 757 horrore.
399 703 432 754 dt
444 701 483 752 illi
496 701 654 754 clamabant
665 701 757 767 altius,
771 701 893 755 dieentes
907 718 914 754 :
928 704 1024 754 Pater
1040 701 1124 770 bone,
1138 703 1289 757 Restituto

65 814 150 857 eeroe
162 802 223 870 liei,
239 802 343 854 virtue
355 799 511 854 ditissimi
523 799 580 852 tibi
594 800 760 866 praestitit
782 800 976 868 dipnitoiem.
990 805 1066 854 Tune
1084 815 1147 854 eum
1168 801 1288 854 lacrimis

36 901 228 967 brespondens
258 900 404 953 deuotione
435 899 464 951 in
496 898 603 951 eaelum
633 900 784 965 suspirans,
806 898 895 950 dixit:
914 899 988 952 Fiat
1013 898 1093 952 mibi
1115 901 1286 953 seeuruiurrr

67 998 183 1052 bomini
195 997 297 1053 rtortri
312 1010 391 1050 oreae
402 996 600 1051 celsitudinis
612 998 813 1050 voluntatem.
827 999 858 1049 Et
876 998 1054 1063 respicientes
1067 1011 1129 1051 eum
1143 998 1289 1052 devotione

68 1099 194 1167 etgaudio
207 1098 291 1165 pleni,
306 1101 456 1163 coeperunt
468 1101 579 1149 eantare
589 1097 735 1149 unanimes
752 1098 789 1150 le
799 1097 916 1163 Dorum
931 1103 958 1149 et
969 1097 1038 1150 odor
1050 1098 1189 1150 suauitatis
1202 1098 1289 1151 teber-

68 1199 187 1251 naculum
198 1196 332 1263 implevit.
345 1196 491 1248 studientes
512 1196 587 1248 ferae
598 1195 697 1248 deserti
710 1208 791 1248 voees
803 1195 988 1261 psallentium.
1003 1197 1144 1249 uenientes
1157 1197 1185 1249 in
1197 1209 1290 1249 oecur-

68 1310 131 1359 sum,
144 1297 264 1350 ridentes
276 1309 386 1349 seruum
407 1296 453 1348 liei
465 1296 640 1353 destitutum.
653 1294 823 1347 inclinabant
843 1294 877 1347 nd
890 1308 962 1359 eum,
976 1293 1014 1347 ita
1032 1301 1063 1347 ut
1076 1296 1205 1348 omnibus
1216 1296 1289 1348 ride·

24 1399 57 1454 lb
67 1396 141 1447 batur
151 1395 223 1463 quod
237 1394 371 1448 honorem
384 1407 446 1447 eum
460 1394 613 1446 reverentia
625 1406 704 1446 servo
714 1393 762 1446 bel
774 1393 980 1459 impendebant.
991 1396 1057 1445 cum
1067 1394 1181 1447 vidisset
1193 1394 1289 1447 beatus

67 1495 214 1558 imitentes,
227 1494 346 1547 dixiteis
359 1509 366 1545 :
379 1492 481 1546 Nolite
492 1504 602 1546 nocere
613 1491 723 1546 alieni.
737 1493 873 1545 Continuo
886 1493 920 1544 ab
932 1493 972 1545 eis
982 1499 1165 1545 recesserunt.

92 1592 201 1645 Iaeotio
212 1597 320 1645 sexta.
335 1619 364 1630 -
381 1592 549 1657 irripientes
562 1592 612 1643 iter
633 1605 723 1655 suum,
738 1591 870 1657 rogabant
890 1591 980 1657 ipsum
993 1595 1022 1643 ut
1032 1592 1186 1657 jumentum
1199 1604 1291 1645 aseen-

67 1691 146 1746 deret.
158 1691 306 1759 Respondit
320 1705 416 1744 seruus
429 1692 475 1744 bei
489 1707 496 1743 :
515 1691 592 1744 Νοιι.
606 1689 757 1743 Dominus
768 1692 798 1742 et
809 1690 959 1757 rnapieter
970 1691 1076 1743 noster
1087 1690 1156 1743 sine
1171 1703 1248 1757 equo
1259 1693 1289 1742 et

64 1792 190 1857 remmio
202 1790 275 1859 ibat,
286 1791 363 1843 deren
375 1789 449 1858 feeit
463 1789 664 1843 ririirtoeuios.
675 1789 844 1855 b'oiiteme,
853 1788 1052 1856 metiemini,
1062 1789 1291 1857 firoperemeiio·

23 1896 59 1952 iti
70 1889 272 1943 remittentes
284 1896 375 1943 autem
388 1890 570 1942 bumilitatem
592 1890 660 1955 ejus,
674 1892 824 1954 eoeperunt
837 1888 861 1940 ei
881 1868 1066 1940 oboediresln
1084 1889 1203 1955 liquensi
1222 1889 1290 1942 urbe

73 1988 200 2041 tinnitum
212 1989 354 2047 iacientes,
366 1988 399 2041 ad
410 1989 520 2041 beatum
529 1987 704 2040 Maximinum
714 1988 749 2051 (l)
757 1990 941 2040 accesserunt.
949 1988 998 2050 Qui
1009 2000 1071 2039 oum
1083 2000 1180 2055 magno
1190 1987 1290 2055 gaudio

71 2086 210 2153 suscipiens
237 2090 411 2151 destitutum,
433 2087 556 2141 moribus
578 2092 660 2153 atque
688 2085 815 2139 doetrina
836 2086 1000 2139 illustrabat.
1027 2085 1159 2138 llodieam
1186 2098 1289 2139 moram

71 2183 197 2249 iacientes,
214 2199 231 2239 a
248 2187 329 2240 beato
348 2185 495 2239 Maximino
516 2186 712 2239 discesserunt.
735 2185 906 2237 Festinantes
927 2184 978 2237 iter
994 2197 1085 2243 suum,
1105 2184 1222 2237 docebat
1242 2197 1289 2238 eos

65 2285 240 2351 praedicando
253 2284 336 2338 iidem
348 2285 458 2338 christi.
472 2288 536 2338 Post
548 2285 649 2337 multos
661 2283 720 2336 dies
733 2284 874 2337 venientes
889 2296 973 2350 prope
986 2283 1083 2336 urbem
1096 2282 1288 2347 Tricastinam,

14 2387 49 2439 2⁰
63 2383 156 2450 populi
173 2386 317 2439 multitudo
335 2386 409 2438 venit
421 2385 528 2439 obviam
550 2386 600 2437 eis.
613 2385 742 2437 videntes
757 2392 883 2437 sanetum
901 2384 1070 2450 episcopum,
1084 2383 1203 2450 quisque
1223 2397 1287 2437 eum

60 2490 171 2549 tangere
182 2488 208 2536 et
220 2483 254 2536 de
265 2483 436 2535 vestimentis
448 2482 508 2549 elus
529 2480 630 2535 habere
652 2481 790 2547 cupiebat.
803 2480 953 2534 induentes
974 2495 1039 2533 eum
1060 2481 1145 2534 saeris
1157 2482 1289 2545 restibus,

55 2581 177 2645 mitram,
189 2581 302 2634 anulum
314 2587 397 2648 atque
411 2582 538 2635 baculum
551 2581 715 2647 pastoralem
736 2581 877 2635 deserebat
888 2581 916 2632 in
935 2579 1054 2634 aduentu
1071 2580 1130 2645 ejus
1145 2580 1269 2647 jucundo
1283 2600 1291 2647 ;

52 2679 137 2733 multi
150 2680 301 2734 conlirmati
320 2685 385 2733 sunt
404 2681 434 2733 in
455 2680 508 2733 ilde
528 2680 636 2732 Christi.
655 2682 792 2732 intrantes
812 2686 902 2733 autem
924 2678 1073 2744 civitatem,
1095 2678 1285 2746 languentium

50 2782 183 2831 catervae
192 2777 388 2844 sequebantur,
403 2776 441 2829 ita
462 2776 547 2828 utrix
565 2777 710 2829 transitum
733 2790 782 2844 per
801 2777 871 2829 viam
886 2777 975 2829 laeere
995 2780 1131 2842 poterant.
1145 2776 1286 2830 decedens

10 2880 31 2930 5
47 2880 150 2929 autem
162 2874 260 2928 mulier
272 2889 359 2942 prona
371 2888 463 2929 eoram
476 2875 557 2928 beato
568 2875 704 2941 praesule,
717 2875 830 2943 rogabat
841 2889 904 2928 eum
917 2875 1010 2928 dicens
1025 2892 1031 2928 :
1047 2875 1139 2929 Serve
1149 2875 1290 2942 Deipiis·

47 2974 144 3041 sime,
157 2973 272 3028 unicus
282 2974 373 3043 fitius
384 2987 473 3027 reterre
479 2986 541 3041 per
561 2975 664 3028 decem
684 2986 785 3027 unitos
805 2973 987 3042 furiositate
998 2975 1178 3041 pererrare-sit
1190 2974 1291 3028 insene-

48 3075 157 3127 scrtue.
175 3073 277 3141 Torone
294 3087 366 3127 eum
379 3073 498 3142 bactrio,
511 3077 541 3128 et
552 3076 661 3128 satores
672 3075 735 3143 piet.
750 3078 782 3128 nt
794 3076 840 3128 ille
862 3075 1031 3142 respondens
1047 3075 1107 3130 ait:
1124 3079 1146 3132 0
1162 3078 1290 3144 eliezier,

48 3184 118 3226 uon
131 3173 180 3226 est
196 3186 298 3226 meum
309 3190 319 3240 ,-
330 3173 384 3226 sed
396 3172 454 3226 itte
472 3173 644 3240 quioculos
664 3186 747 3226 meos
768 3173 895 3240 apernit
915 3173 1076 3227 illuminet
1088 3188 1159 3228 err-m
1172 3176 1292 3243 Spiritu

49 3269 168 3322 saneto
179 3270 209 3321 et
220 3269 347 3322 virtute.
361 3269 457 3337 Tetigit
470 3283 532 3321 eum
540 3269 637 3322 baeulo
647 3269 779 3334 pastorali
792 3285 799 3321 :
813 3274 840 3322 et
852 3269 983 3323 continuo
995 3276 1166 3331 sanatusest‚
1177 3271 1290 3325 laudans

10 3370 32 3421 to
49 3364 371 3434 etgiorideanslteurm
386 3367 453 3420 etin
466 3366 520 3420 lide
540 3367 641 3420 christi
664 3368 743 3421 multi
764 3368 949 3421 erediderunt.
970 3368 1099 3421 videntes
1121 3369 1212 3422 mirati
1230 3376 1293 3423 sunt

50 3465 136 3519 salue
151 3464 198 3531 qui
211 3465 345 3519 furiosum
366 3463 503 3532 videram,
516 3463 640 3518 dieentes
661 3466 732 3518 intra
753 3479 783 3519 se
794 3466 859 3533 quia
881 3464 926 3518 hie
939 3472 1049 3519 sanetus
1061 3465 1166 3520 amiens
1188 3472 1229 3519 est
1245 3468 1291 3522 bei

52 3563 196 3617 altissimi.

88 3661 204 3716 Lectio
219 3663 367 3729 septima.
381 3666 493 3717 -bum
506 3664 598 3717 diuina
611 3665 764 3718 celebraret
783 3663 881 3731 odida,
894 3663 994 3718 duetus
1006 3665 1170 3732 estquidam
1184 3665 1292 3729 nobilis,

52 3778 108 3832 per
119 3775 160 3816 xv
171 3775 259 3816 annos
272 3775 329 3815 non
341 3762 446 3816 ridens.
460 3764 491 3814 ln
512 3763 609 3816 taciem
619 3765 678 3831 eius
690 3762 758 3815 dixit
770 3780 776 3814 :
790 3762 813 3816 0
819 3764 954 3830 praesui
965 3761 1093 3830 (propio,
1106 3775 1184 3830 rope
1196 3762 1295 3817 Donet·

10 3874 36 3925 ἢ
51 3879 136 3921 num
148 3864 255 3917 lesum
267 3864 420 3930 nostrum,
433 3863 538 3916 terrim
552 3875 641 3930 quem
658 3876 714 3917 nos
726 3863 883 3917 oredimus
894 3863 1066 3917 ador-anuo.
1082 3861 1165 3915 Habe
1175 3875 1292 3916 nreerrm

52 3960 320 4028 miseriordiam,
334 3959 409 4014 berre
422 3963 546 4028 postor,
559 3964 595 4014 ut
606 3962 748 4016 oratione
761 3964 815 4014 tua
822 3962 944 4029 possim
961 3973 1149 4029 recuperare
1164 3960 1293 4015 claritu-

52 4070 131 4119 tem.
144 4058 282 4114 Continuo
295 4058 383 4112 sanati
397 4059 544 4112 suntoculi
558 4060 626 4126 elus.
646 4062 713 4113 Prae
726 4062 810 4114 nimio
822 4060 922 4129 gaudio
935 4074 998 4113 eum
1019 4065 1075 4113 tota
1088 4060 1189 4112 tamilla
1203 4060 1292 4127 eoepit

52 4163 175 4216 dicere:
195 4156 330 4212 teredio
342 4160 387 4210 eet
402 4158 458 4225 qui
475 4157 565 4212 hebet
579 4161 783 4226 postestatem
803 4172 824 4212 α
843 4160 904 4213 Deo
925 4171 1007 4212 oero.
1020 4162 1096 4212 lune
1109 4170 1165 4211 non
1179 4159 1293 4210 minima

53 4273 123 4329 pars
135 4256 213 4310 urbis
225 4254 385 4310 confirmata
398 4257 481 4309 estin
494 4257 548 4310 ilde
568 4258 677 4310 Christi.
692 4256 767 4310 blulti
781 4257 968 4310 lebrieitantes
981 4263 1108 4325 rogantes
1128 4270 1190 4311 eum
1204 4258 1292 4311 sanati

10 4362 36 4417 to
53 4359 136 4423 sunl,
150 4359 253 4408 uniam
265 4355 295 4407 in
307 4355 387 4408 beato
400 4357 558 4409 confessore
570 4356 651 4409 sidem
664 4357 797 4410 babentes
817 4357 890 4422 quod
903 4357 946 4409 six
965 4360 1091 4422 poterunt
1111 4356 1241 4409 recedere
1258 4357 1293 4408 ab

89 4559 127 4625 (t)
146 4558 186 4610 lta
198 4557 260 4611 eod.
273 4556 326 4610 boe
338 4555 398 4612 loeo
410 4575 417 4623 ς.
431 4557 558 4623 superius
569 4556 653 4622 (lectt.
667 4557 682 4608 l
699 4561 725 4609 et
736 4558 762 4620 tt)
774 4555 944 4609 norimus.
