3136 5482
338 285 402 351 196
687 302 811 354 carran.
832 304 932 354 cono.
952 304 1127 355 rraoroon.
1149 303 1229 354 css,

196 475 203 490 ·
225 469 280 525 ric.
333 476 412 525 cutus
423 469 524 524 blande
545 470 674 537 incolis·,
688 485 794 526 cumse
815 473 906 539 sopori
918 471 1039 525 dedisset
1059 477 1122 538 post
1141 471 1305 540 orationem,
1319 471 1396 526 suis'
1415 469 1438 525 al

151 577 237 632 ‘cod
252 589 313 630 nec.
332 584 366 623 ne
379 572 387 590 '
400 572 434 625 de
447 571 502 624 uilo
514 571 657 625 bominum
677 573 780 625 malum
792 572 903 640 aliquod
923 572 1118 639 suspicassent,
1131 579 1275 641 surgentes
1294 573 1346 626 viri
1358 571 1438 625 diabol

331 671 392 723 aliis
403 683 495 739 sepum
508 670 632 724 adductis
653 677 778 724 sanctum
796 671 993 725 interfecerunt
1003 672 1111 739 virum3
1124 672 1237 726 comites
1249 685 1361 740 quoque
1376 670 1438 725 illiu

332 776 475 826 necarunt.
488 770 541 829 Sed
553 770 632 826 beato
644 771 702 825 uiro
714 773 775 826 Deo
784 773 908 839 proriae
920 774 1065 838 clamante,
1079 785 1114 826 ne
1133 785 1187 826 vox
1199 772 1274 825 illius
1297 772 1400 826 diutins
1411 785 1438 825 ao

334 871 522 924 venerandum
536 870 610 923 illius
622 875 704 937 caput
715 876 893 937 amputarunt
910 878 992 940 atque
1004 873 1033 926 in
1045 873 1169 938 proximo
1186 876 1267 934 tecto,
1280 871 1329 925 ubi
1340 884 1438 940 grexp

333 970 533 1033 commanebat,
546 971 616 1024 lacta
637 970 709 1025 lossa
730 970 804 1024 nuda
825 985 857 1025 ac
878 971 1024 1026 dilacerata
1044 973 1214 1038 sepelierunt
1233 971 1318 1039 impie
1334 981 1437 1025 trnrtco

190 1071 278 1126 ‘cori
334 1085 431 1125 unum.
445 1073 476 1124 lit
494 1085 537 1126 res
559 1071 599 1126 sic
612 1071 705 1125 multis
726 1071 804 1125 latuit
821 1070 929 1132 diebus,
943 1072 1007 1139 quia
1027 1084 1123 1127 corum
1143 1071 1307 1126 vestimenta
1328 1073 1356 1125 et
1375 1071 1438 1125 caba

169 1137 301 1193 “hm
335 1172 467 1239 ‹potsquid
488 1173 626 1226 habebant
646 1171 719 1224 toras
739 1173 955 1226 transmittentes
975 1172 1056 1240 longe
1079 1170 1267 1224 habitantibus
1292 1170 1438 1225 vendiderit

335 1284 398 1327 eum
419 1272 453 1325 ad
473 1271 577 1324 dictum
596 1271 724 1339 placitum
743 1271 856 1325 minime
875 1272 1074 1337 pervenissent,
1090 1269 1189 1325 conciti
1211 1271 1310 1324 iratres
1327 1271 1438 1324 ceritati

335 1371 440 1435 tudine,
453 1384 572 1438 eumque
585 1370 631 1424 ubi
644 1377 671 1423 et
683 1371 732 1423 ubi
743 1370 939 1423 denuntiantes
951 1370 1138 1437 quaesierunt.
1152 1369 1205 1423 Sed
1224 1369 1366 1436 praedicta
1377 1367 1438 1424 crui

334 1467 490 1522 caretrudis
510 1469 623 1536 jejuniis
643 1474 670 1520 et
690 1468 928 1522 obsecrationibus
949 1468 1063 1522 Domino
1083 1467 1252 1535 supplicans,
1277 1467 1372 1521 missis
1390 1466 1438 1521 ubi

148 1566 235 1621 'corb
250 1567 320 1633 luce,
331 1567 421 1621 uicina
433 1569 492 1622 loca
505 1568 674 1629 cursoribus,
688 1567 865 1621 tenebrarum
884 1568 1025 1635 negotium
1043 1567 1072 1619 in
1089 1567 1179 1621 lucem
1192 1567 1202 1587 ·
1214 1566 1345 1634 produxit
1362 1567 1438 1621 clarat

162 1632 305 1754 fffflff
332 1667 531 1734 septuagesimo
544 1666 589 1718 die
601 1667 692 1720 obitus
705 1667 746 1720 sni
769 1671 873 1719 saerata
887 1667 995 1719 inventa
1017 1670 1082 1719 sunt
1102 1679 1227 1731 corpora.
1240 1667 1298 1720 iioc
1317 1679 1431 1720 rrnmcro

333 1765 466 1817 tumultis
487 1764 595 1818 divinae
607 1767 762 1831 scripturae
783 1764 850 1818 locis
876 1765 1014 1829 adnotato,
1029 1765 1087 1831 ipso
1107 1764 1153 1820 die
1173 1765 1284 1819 inventa
1305 1769 1372 1818 suut
1391 1777 1438 1833 mro

334 1866 451 1915 l'urseus
468 1864 552 1917 irater
566 1865 625 1930 elus
645 1865 680 1917 de
692 1877 806 1931 corpore
828 1866 961 1933 migravit.
975 1866 1104 1930 suscepta
1125 1878 1190 1919 vero
1211 1875 1329 1931 corpora
1351 1877 1438 1919 euml

333 1963 483 2015 iaculorum
496 1963 656 2029 luminibus,
670 1977 733 2016 cum
755 1965 911 2031 antiphonis
923 1968 950 2016 et
971 1964 1085 2017 canticis
1097 1964 1287 2030 spiritualibus
1305 1964 1408 2018 aclero
1419 1972 1438 2016 el

334 2075 383 2128 per
395 2065 477 2116 totam
498 2067 605 2116 noctem
626 2062 660 2116 ad
680 2063 878 2117 monasterium
900 2063 1051 2118 honorilice
1071 2064 1193 2119 humeris
1214 2064 1357 2131 deportata
1372 2067 1438 2118 sunt

333 2161 374 2212 vir
394 2159 558 2213 venerabilis
577 2161 644 2214 llido
661 2162 826 2215 Picuvensts
847 2161 991 2228 episcopus
1004 2167 1086 2230 atque
1106 2161 1222 2215 inluster
1242 2162 1285 2216 vir
1303 2160 1438 2215 Grimaldu

333 2259 440 2325 domus,
453 2260 576 2314 locorum
593 2265 751 2315 sanctorum
763 2260 891 2314 visitandi
908 2261 994 2330 gratia
1006 2261 1065 2329 ipso
1076 2261 1121 2315 die
1133 2261 1323 2328 advenientes,
1335 2267 1438 2329 utemm

337 2359 371 2411 de
390 2357 599 2413 advenientibus
619 2372 635 2413 a
651 2361 765 2413 Domino
785 2366 958 2414 ammonetur
978 2360 1148 2427 corporibus.
1162 2363 1227 2414 tiam
1247 2361 1394 2428 quiescens
1413 2372 1438 2426 ep

241 2472 246 2484 ·
265 2513 271 2524 ,
335 2463 396 2525 post
407 2459 548 2512 matutinis
560 2458 688 2513 laudibus
701 2461 720 2525 ',
732 2460 914 2527 interrogatus
928 2461 1072 2514 insomnis
1086 2459 1152 2527 quid
1164 2464 1265 2528 ageret,
1276 2459 1389 2528 jubetur
1399 2471 1438 2526 (pu

333 2559 363 2612 in
374 2572 520 2613 occursum
534 2559 604 2613 beati
618 2559 691 2612 Eliae
704 2572 859 2626 properare.
873 2560 923 2624 Qui
936 2560 999 2615 ilico
1011 2573 1127 2628 surgens
1140 2566 1169 2614 et
1186 2559 1254 2628 quid
1266 2566 1394 2629 ageretur
1403 2559 1438 2611 ml

333 2659 487 2727 inquirens,
502 2660 604 2713 audivit
615 2657 650 2712 ab
662 2673 695 2714 eo
707 2660 780 2727 quod
800 2660 958 2713 veneranda
970 2665 1048 2713 erant
1068 2673 1194 2726 corpora.
1207 2663 1326 2727 lloxque
1340 2661 1383 2713 vir
1393 2671 1438 2712 ren

332 2759 359 2810 in
370 2772 514 2813 occursum
524 2759 584 2826 elus
593 2772 718 2827 pergens,
730 2759 877 2826 multisque
886 2760 1013 2826 perinsus
1025 2758 1156 2826 lacrimis,
1165 2759 1292 2813 oratione
1304 2757 1436 2825 completa

331 2859 437 2911 bomini
459 2871 582 2927 exorsus,
596 2859 746 2912 venerandi
767 2860 888 2925 corporis
901 2872 971 2913 onus
991 2872 1046 2912 una
1070 2872 1133 2913 cum
1154 2860 1383 2913 reverentissimo
1402 2870 1438 2924 sur

332 2958 441 3022 patritio
463 2956 656 3025 suscipientes,
671 2958 787 3024 propriis
808 2958 978 3012 devexerunt
991 2959 1122 3012 humeris.
1135 2960 1222 3024 atque
1240 2958 1270 3011 in
1288 2957 1438 3012 monasteri

330 3065 433 3113 clarum
452 3060 587 3127 virginum
601 3062 753 3126 susceptus,
768 3059 891 3126 reliquiis
903 3060 937 3112 ab
950 3072 982 3113 eo
995 3060 1111 3125 sumptis
1123 3060 1170 3125 qui
1191 3063 1325 3112 venerant
1336 3071 1398 3111 cum
1410 3070 1438 3124 ps

329 3158 452 3222 canticis,
463 3158 497 3212 ad
509 3159 649 3224 proprium
662 3157 823 3224 deportatur
835 3158 1042 3211 monasterium.
1054 3159 1122 3211 viris
1132 3157 1255 3224 undique
1265 3157 1405 3212 nobilibus
1414 3157 1438 3209 in

329 3257 557 3311 concurrentibus
569 3269 600 3309 ac
612 3256 730 3322 propriis
741 3256 911 3324 gestantibus
924 3257 1056 3318 humeris,
1069 3271 1132 3309 oum
1145 3258 1220 3310 omni
1233 3257 1340 3310 bonore
1352 3257 1382 3310 in
1395 3256 1438 3310 loc

329 3360 402 3409 tutus
422 3360 464 3408 est
486 3355 674 3419 celeberrimo,
688 3355 830 3408 nominato
843 3355 896 3408 alio
917 3356 1029 3409 nomine
1050 3358 1130 3409 Fossa
1142 3373 1150 3421 ;
1163 3355 1210 3408 ubi
1231 3355 1438 3422 praestanturl

328 3454 495 3519 orationum,
517 3455 664 3522 adjuvante
683 3455 797 3508 bomine
819 3460 912 3509 nostro
933 3458 998 3508 lesu
1019 3456 1136 3519 Christo,
1158 3456 1205 3522 qui
1226 3468 1290 3508 cum
1311 3457 1391 3510 Patre
1411 3459 1438 3507 et

328 3557 421 3605 sancto
433 3552 497 3605 vlrit
509 3558 536 3605 et
549 3556 643 3618 regnat
655 3554 725 3605 lleus
737 3565 784 3618 per
796 3553 888 3607 omnia
902 3551 1011 3606 saecula
1024 3553 1206 3606 saeculorum.
1219 3554 1315 3607 limen.

484 3755 562 3801 vrrs
588 3752 735 3801 sartoris
759 3754 927 3801 varamus
951 3734 1031 3817 (cir.
1051 3756 1164 3822 supra,
1184 3757 1217 3821 p.
1242 3737 1319 3812 194.
1339 3736 1401 3825 4⁰).

360 3921 724 3986 1..1.beatisstmaigirur
748 3921 852 3975 Valeria
876 3921 1075 3974 lemovicensis
1102 3923 1161 3989 pagi
1189 3922 1306 3975 oriunda
1330 3923 1383 3976 luit
1404 3938 1438 3992 pa

327 4022 477 4074 secundum
499 4020 600 4074 saeculi
620 4020 779 4087 dignitatem
799 4021 955 4086 praecelsis,
969 4021 1067 4086 opibus
1085 4020 1236 4086 locupletis,
1255 4021 1304 4074 sed
1326 4026 1438 4091 paganis

328 4122 479 4188 implicatis.
492 4120 617 4174 Nondum
639 4120 713 4173 enim
735 4125 822 4186 partes
844 4120 917 4173 illius
938 4120 1056 4187 regionis
1076 4120 1224 4187 apostoliea
1246 4121 1439 4186 praedication

326 4218 490 4273 daemonum
512 4219 606 4285 pulsus
627 4218 724 4282 luerat,
738 4219 860 4271 nondum
879 4218 987 4270 debitus
1006 4220 1093 4271 bonor
1113 4219 1147 4271 ab
1166 4218 1327 4272 hominibus
1351 4224 1438 4290 regior

327 4320 430 4373 auctori
452 4323 504 4373 beo
525 4319 720 4383 exhibebatur,
746 4320 869 4385 quamvis
889 4317 989 4370 clrristi
1015 4319 1143 4384 passione
1168 4332 1255 4386 genus
1282 4320 1438 4377 humanum

328 4417 498 4486 redemptum
519 4423 547 4471 et
567 4418 685 4471 claustra
707 4417 807 4470 interni
827 4416 982 4469 visitatione
1003 4416 1076 4468 illius
1102 4417 1241 4470 destmeta
1262 4422 1291 4471 et
1312 4422 1438 4488 rompba·

327 4516 445 4583 paradisi
457 4517 560 4570 aditum
572 4516 716 4570 claudebat
728 4519 786 4583 elus
799 4515 975 4568 miseratione
989 4512 1058 4568 leret
1072 4521 1185 4569 remota.
