3136 5482
0 638 2 653 ι
37 612 116 678 ,aa

14 678 138 731 tinuarel

149 320 216 388 396
488 335 612 386 aaran.
634 336 734 386 oonn.
754 335 928 387 moroan.
948 336 1029 387 nur.

183 508 215 560 o.
229 509 335 560 interea
354 506 608 575 congratulantibus
629 506 724 560 amieis
744 511 771 560 et
791 505 919 560 afllnibus
940 507 1016 573 quod
1035 510 1091 560 tam
1104 507 1235 562 nobilium
1252 509 1347 561 vlmrun

150 607 223 661 fllius
235 608 304 661 toret
318 612 475 673 conceptus,
488 607 535 674 qui
548 613 691 673 parentum
705 620 806 661 nornen
819 608 921 662 valeret
929 608 1087 662 continere‘
1099 608 1217 671 adultus,
1229 608 1347 676 tripudias

149 714 230 775 teque
243 709 317 761 omni
331 708 431 760 familia
453 721 485 761 eo
507 706 581 773 quod
594 721 626 760 ex
646 708 746 761 dilecto
765 707 878 762 domino
898 721 948 762 suo
970 708 1101 762 heredem
1120 710 1232 763 haberet
1245 709 1344 777 puipalri

146 809 210 875 jure
222 807 371 860 succedens
383 820 444 860 sese
462 806 610 874 aliquando
623 808 673 861 rite
691 807 866 875 gubernaret,
879 820 940 861 oum
951 809 1008 875 jam
1027 809 1168 874 proximus
1185 808 1294 875 ooncepti
1311 807 1343 860 lii

149 907 362 975 praestolaretur
373 913 478 972 partus,
491 908 528 960 ait
539 906 573 961 ad
586 908 693 960 beatam
705 909 809 960 iustam
821 907 937 961 dilectus
949 908 991 961 vir
1003 920 1070 961 suus
1081 909 1203 962 anianus
1216 907 1363 974 :Nasabi

147 1005 358 1061 dilectissima
377 1007 503 1074 cordiae,
517 1008 619 1061 animi
637 1008 700 1061 mei
720 1019 786 1061 esse
806 1005 1162 1075 desideriamperpeadi
1180 1008 1222 1062 od
1238 1005 1341 1062 haid·

148 1118 234 1159 mam
246 1105 426 1159 Martialem
434 1107 608 1172 patronam
619 1108 771 1172 nostrum,
785 1107 821 1158 at
841 1107 1011 1172 arapham
1022 1105 1091 1172 ipse
1101 1107 1145 1161 ad
1156 1107 1253 1162 caelos
1261 1106 1292 1159 dc
1300 1115 1342 1160 coe

143 1216 240 1272 porco
251 1203 380 1272 aripret
392 1203 582 1272 habitaculo,
594 1205 697 1273 ipsias
717 1206 786 1258 sale
805 1204 928 1259 coadito
939 1215 1064 1257 merear
1075 1203 1245 1273 iafonaart
1253 1203 1341 1271 capa

149 1316 187 1357 ae
198 1315 270 1358 cam
281 1304 347 1369 eicis
359 1303 579 1359 benedictionis
589 1304 765 1359 munimine
771 1316 903 1372 perpere
914 1305 1043 1359 Raram
1055 1304 1099 1359 ad
1115 1304 1236 1360 Malam
1246 1304 1340 1358 retas

149 1405 361 1471 apostoloram
377 1404 556 1471 prinoipem
571 1417 633 1472 pro
652 1406 825 1473 capetatda
846 1417 985 1460 meorum
1003 1408 1153 1459 reatuum
1172 1403 1338 1460 absolutionc.
1350 1400 1370 1451 lt

149 1502 224 1568 Quod
236 1502 351 1556 audiens
371 1504 494 1556 sectatrix
514 1506 635 1570 justitiae
654 1507 738 1565 lusta,
752 1505 795 1558 sui
808 1505 928 1559 nominis
949 1507 1039 1567 heres,
1052 1492 1146 1558 alt‘ad
1164 1518 1226 1559 eum
1241 1502 1341 1557 submisso

149 1602 224 1655 vultu
245 1615 276 1655 ac
297 1603 424 1670 placabili
445 1609 537 1659 mente
556 1620 562 1656 ε
581 1606 614 1659 Si
634 1604 718 1675 baec,
737 1608 774 1659 at
790 1605 879 1674 dicis,
897 1605 992 1673 pestes
1011 1604 1224 1673 adimplerao
1241 1600 1342 1657 mimis

149 1711 286 1769 compar,
299 1702 429 1770 dicaam
441 1707 486 1757 est
495 1706 531 1757 at
538 1716 678 1772 peragras
687 1705 771 1758 illud
783 1704 867 1759 sicat
878 1703 980 1757 animi
989 1703 1038 1757 tai
1045 1715 1113 1757 sese
1123 1701 1212 1757 habet
1221 1701 1341 1757 rotwilo.

152 1799 215 1854 Hoc
235 1802 340 1855 tamea
358 1814 448 1871 rapo,
469 1804 649 1873 carissime,
672 1807 761 1859 taam
782 1803 1000 1859 dulcissimam
1011 1803 1187 1869 caritatem,
1200 1808 1343 1871 ᾳιιαιιιαια

152 1912 200 1953 me
219 1899 391 1956 exhibuisti
411 1915 541 1972 seraper,
554 1907 590 1957 at
609 1917 708 1971 usque
727 1904 905 1958 Lemooims
921 1903 965 1957 act
975 1902 1085 1957 domni
1099 1902 1202 1957 nostri
1217 1896 1343 1954 Martialis
1353 1892 1373 1946 li

150 2000 409 2066 clariosissimam
418 2004 521 2058 sedem
528 2017 592 2059 aaa
600 2017 649 2058 me
657 2004 835 2072 ctealipwm
847 2002 959 2057 babere
970 2002 1096 2056 itineris
1106 2002 1155 2056 lai
1163 2001 1271 2057 somam
1279 1996 1343 2053 ooal

153 2101 281 2166 temque.
293 2099 341 2154 lbi
351 2102 434 2155 enim
447 2100 529 2157 hane
545 2116 586 2156 ece
597 2115 656 2170 qao
665 2102 802 2170 provida
813 2115 884 2155 sam
900 2100 1042 2155 desidero
1054 2096 1344 2168 parastatarum

152 2202 182 2253 et
193 2198 279 2255 beato
290 2200 444 2270 Martiali,
457 2203 513 2270 qai
523 2201 603 2255 mibi
619 2203 713 2256 ilicem
725 2203 793 2256 sais
799 2201 947 2269 precibus
957 2213 979 2255 a
991 2202 1052 2255 Deo
1067 2199 1252 2268 impetrarit,
1261 2194 1344 2263 offerre

153 2299 187 2352 ia
206 2301 378 2355 servitiam.
397 2303 436 2355 dd
458 2303 523 2356 baec
545 2303 641 2356 beatus
662 2302 803 2369 respondit
823 2302 964 2355 liniamus:
986 2302 1146 2362 Quantam
1164 2294 1297 2354 desiderii
1310 2290 1344 2346 Μ’

17 2407 27 2429 ·
62 2409 94 2463 ·,
153 2388 1373 2469 aspectantium,tantiimmmruaectacaedamurvutoiraerairrrilttffl

152 2498 221 2552 siae
238 2501 436 2555 ctiaetatioae
452 2513 524 2556 cam
544 2502 601 2555 Dei
619 2502 824 2563 aminiaiealo
838 2500 1085 2569 proficiscamur
1105 2498 1199 2553 cmm.
1210 2488 1342 2562 masnili

20 2592 28 2613 '
64 2591 70 2604 ‘
88 2630 94 2643 .
155 2596 237 2663 igitur
247 2598 352 2652 itineris
364 2601 526 2653 necessariis
538 2601 723 2668 dispositaque
732 2601 813 2656 domo
826 2614 885 2667 sua,
898 2606 928 2654 ut
937 2613 997 2655 mos
1005 2606 1047 2654 est
1058 2601 1187 2655 omnibus
1197 2589 1340 2653 iennibu'

155 2711 244 2765 agere,
265 2699 293 2750 in
314 2699 411 2752 Christi
432 2700 603 2766 providentia
624 2714 655 2754 se
676 2701 750 2766 ipsos
770 2701 980 2767 committentes,
1002 2701 1139 2768 arripiunt
1159 2701 1208 2754 itcr
1222 2690 1342 2752 Minoidi

153 2812 248 2853 versus
260 2800 385 2854 tendens.

183 2902 215 2954 ’7.
227 2901 350 2967 Cumque
359 2902 415 2967 jam
436 2903 519 2955 unius
539 2908 564 2955 et
578 2901 661 2956 semis
674 2903 728 2958 diei
742 2906 792 2957 lter
813 2904 991 2970 peregissent,
1004 2901 1177 2955 devenerunt
1189 2899 1221 2953 ad
1237 2884 1372 2966 quendtdfl

151 3003 239 3079 locum
253 3002 281 3053 in
294 3002 492 3069 ingolismensi
506 3016 574 3071 pago
587 3004 660 3057 baud
673 3005 752 3071 longe
764 3019 779 3056 a
791 3007 944 3056 Carantone
957 3000 1049 3063 durio,
1063 3001 1112 3053 ubi
1126 3014 1199 3054 nunc
1209 3004 1247 3052 est
1256 2990 1338 3050 sceldii

149 3099 199 3152 sita
211 3112 282 3166 quac
302 3100 415 3153 benaias
436 3100 536 3155 dicitur
553 3103 651 3170 tulgo;
669 3104 715 3155 ubi
737 3101 846 3155 advenit
864 3098 1015 3153 venerabili
1025 3101 1120 3151 iustae
1132 3103 1236 3165 tempus
1257 3087 1339 3160 pertud-

149 3199 287 3259 donisel
308 3201 449 3267 hospitans
469 3202 582 3259 ibidem.
604 3203 684 3254 enixa
705 3206 746 3253 est
767 3214 882 3267 puerum
899 3199 1069 3252 admirabilis
1090 3193 1291 3264 pulchritudinis.
1306 3184 1339 3238 Gli

149 3299 301 3352 secundum
313 3302 409 3354 aetatis
421 3314 487 3354 suae
501 3300 714 3353 teneritudinem
728 3307 782 3352 turn
794 3300 900 3366 lepidus
912 3299 1001 3350 inerat
1012 3304 1152 3363 aspectus,
1165 3303 1217 3349 tarn
1233 3295 1281 3361 pius
1294 3296 1337 3341 oti·

150 3398 239 3451 lorum
253 3400 377 3461 intuitus,
386 3401 414 3452 in
424 3401 546 3454 articulis
558 3413 667 3467 quoque
680 3412 808 3452 manuum
822 3412 852 3451 ac
864 3398 966 3464 pedum
978 3401 1054 3449 tanta
1067 3397 1215 3463 proceritas
1227 3380 1336 3448 elnensi
1348 3376 1371 3427 ³⁰

151 3501 311 3554 habitudine
323 3501 446 3565 corporis
460 3507 513 3552 tam
527 3501 595 3551 mira
607 3499 740 3567 elegantia
753 3504 781 3551 ut
793 3497 933 3550 intuentes
954 3508 1017 3549 eum
1035 3495 1161 3550 dicerent
1177 3491 1270 3562 aliquid
1284 3487 1336 3539 illum

152 3600 253 3653 habere
272 3600 411 3652 insolitum
427 3606 503 3652 entra
525 3600 672 3651 humanam
694 3603 828 3650 natumm.
842 3600 923 3649 Natus
944 3595 1019 3649 enirn
1042 3608 1109 3655 non,
1128 3601 1159 3649 ut
1178 3594 1234 3648 aliis
1251 3599 1296 3643 mos
1311 3584 1338 3634 αἱ

151 3699 310 3765 insontibus,
325 3700 352 3750 in
366 3711 459 3750 roccnr
472 3698 563 3763 erupit
575 3698 665 3753 ssctus.
679 3697 725 3749 sed
739 3703 813 3748 stans
826 3698 853 3748 in
865 3697 969 3764 gremio
986 3696 1137 3763 genitricis,
1150 3708 1211 3748 cum
1223 3679 1337 3745 incredibili

150 3797 279 3863 patientia
304 3796 542 3862 congnrtulabatur
567 3797 641 3849 omni
669 3797 707 3847 rei
729 3808 810 3861 quam
831 3794 949 3855 ridebat,
972 3807 1164 3861 spernensque
1182 3790 1257 3846 veluti
1275 3788 1338 3838 reno

150 3896 251 3950 caduca
269 3896 416 3961 inspicere.
429 3897 537 3962 saepius
549 3896 582 3947 nd
595 3896 685 3948 caelos
697 3895 841 3948 oculorum
862 3895 1037 3947 convertebat
1049 3895 1139 3948 aciem
1150 3911 1157 3959 ;
1171 3892 1279 3946 omnium
1287 3869 1370 3936 iffi

151 4010 211 4048 rum
224 3996 445 4060 ferrrinarumque
458 3994 533 4046 illum
542 4001 649 4060 gestare
662 3994 810 4047 volentium
823 3992 946 4045 adtactus
956 3998 1086 4058 paternos
1098 3993 1176 4060 quasi
1187 3991 1229 4044 rel
1239 3987 1339 4041 nitendi

150 4093 279 4161 diligebat
290 4094 441 4159 amplexus.
455 4096 576 4146 Cernens
588 4094 669 4160 igitur
681 4094 787 4160 genitor
800 4093 873 4145 illius
887 4098 940 4143 tam
958 4091 1113 4158 elegantem
1132 4089 1236 4158 pueruli
1246 4082 1338 4151 effigiem.

150 4194 284 4246 fatebatur
295 4193 534 4245 circumstantibus
544 4206 606 4244 cum
619 4192 736 4258 quadam
750 4194 849 4246 mentis
860 4190 1050 4256 compassione
1062 4190 1157 4244 dicens
1172 4208 1178 4243 :
1194 4182 1339 4256 Opaotllm

150 4290 259 4359 forcia,
272 4292 369 4345 astrici
383 4294 412 4344 ct
431 4290 559 4357 fratres,
574 4292 675 4342 taetris
692 4294 727 4356 ct,
738 4293 855 4358 alacer,
867 4290 898 4343 si
908 4291 1020 4344 scirem
1033 4288 1118 4344 banc
1128 4284 1339 4357 parvalumrtt

152 4391 219 4444 liro
240 4395 374 4458 ternpore
392 4392 493 4444 risere
513 4404 521 4439 .·
543 4390 629 4458 quia.
651 4391 733 4444 sicat
753 4392 891 4447 carsilis.
905 4392 1006 4456 juxta
1026 4391 1166 4458 fiparam
1185 4364 1371 4441 adfirmasti

150 4504 229 4543 sirac
241 4489 346 4556 felicis
359 4489 493 4544 bortrinis
506 4490 630 4543 ridetur
643 4489 810 4555 sinopidem
823 4488 943 4543 babere.
956 4488 1012 4543 Sed
1025 4488 1106 4543 lica!
1114 4501 1175 4558 pro
1185 4484 1281 4542 dolor!
1294 4476 1341 4528 W·

150 4601 202 4642 rco
215 4600 379 4655 ccreorqae
392 4603 430 4642 nc
442 4590 531 4642 illias
546 4588 707 4657 infantilis
725 4588 840 4642 aetatis
851 4588 1012 4655 spiramen
1030 4588 1143 4642 acerba
1155 4584 1267 4642 adimat
1282 4583 1342 4630 saar
