3136 5482
327 365 421 415 aran.
440 363 523 414 nau.
543 362 659 412 eunus.
678 380 723 391 -
738 358 893 410 arpano.
913 358 960 407 no
977 355 1055 407 coo.
1075 355 1150 404 aare.
1289 336 1358 402 259

328 538 397 589 llaec
409 549 470 588 cum
484 533 606 597 uidisset,
619 532 745 586 lacrimas
758 532 819 597 quis
831 527 1030 582 continuisset?

327 635 461 686 Nutritum
475 639 570 686 tenore
583 631 692 685 Florum
704 630 869 696 solitumque
881 635 976 680 tenere

331 735 393 785 Post
405 745 496 800 regern
510 731 614 795 sedern,
627 729 773 795 disponere
786 727 897 781 nutibus
910 725 1007 778 aedem

328 831 469 895 Quondam
482 831 609 899 regalem,
622 831 706 882 vitam
718 827 890 895 perpendere
904 827 995 887 talem,

328 935 383 996 Qua
395 945 458 986 caro
472 932 591 984 tristatur
603 931 651 983 sed
664 930 774 996 spiritus
786 928 960 989 exhilaratur,

329 1032 384 1092 Qua
395 1043 459 1082 caro
471 1015 603 1082 mactatur
616 1028 664 1082 sed
677 1042 756 1081 mens
768 1028 811 1093 pia
823 1026 974 1079 vivificatur
986 1029 992 1075 t

332 1130 402 1180 llaec
414 1141 474 1196 ego,
488 1129 576 1193 Flore,
591 1128 685 1195 legens
697 1133 724 1179 et
735 1126 824 1180 adbuc
837 1126 888 1178 sub
900 1124 1023 1191 pondere
1035 1123 1138 1191 degens

331 1227 457 1279 Labentis
469 1226 574 1291 mundi,
587 1226 683 1293 procul
696 1239 711 1278 a
725 1227 835 1294 regione
848 1223 974 1287 secundi,

331 1326 455 1378 scribere
468 1327 512 1378 uix
523 1330 609 1379 totum
622 1325 709 1389 valeo,
723 1324 848 1391 quamvis
861 1324 932 1376 bene
946 1328 1050 1376 notum.

328 1426 395 1476 Cum
407 1424 455 1476 tibi
468 1423 578 1477 doreret
590 1423 719 1487 mundus,
733 1423 791 1489 tibi,
805 1422 895 1486 Flore,
909 1421 1019 1485 vireret,

328 1524 423 1575 Omnia
435 1536 497 1575 cum
511 1523 603 1585 ferret,
616 1530 663 1576 tua
675 1536 719 1575 me
731 1523 873 1575 conversio
886 1527 980 1574 terret.

327 1623 372 1673 Fst
384 1621 450 1672 nibil
463 1625 510 1674 aut
522 1635 609 1687 rarus,
624 1629 715 1675 tamen
728 1627 778 1685 est,
792 1622 852 1673 sine
864 1618 997 1687 pondere,
1010 1631 1098 1672 carus.

251 1715 255 1725 '
329 1719 416 1785 Flore,
429 1720 506 1786 prius
518 1721 609 1785 Saule,
622 1734 684 1773 curn
698 1721 769 1788 regis
781 1719 889 1773 deditus
902 1720 991 1783 aulae,

330 1818 446 1883 Florida,
460 1825 520 1884 post
531 1820 624 1882 Paule,
638 1819 720 1872 ruodo
731 1820 814 1871 btauri
828 1818 938 1871 subdite
951 1817 1055 1884 caulae,
1114 1805 1117 1811 ’

328 1920 403 1969 Tunc
416 1917 458 1970 leo
471 1932 546 1970 nune
558 1931 654 1986 agnus,
668 1923 733 1971 tuno
746 1931 845 1984 partus
857 1917 905 1970 sed
919 1916 1000 1971 modo
1013 1929 1136 1985 magnus,

326 2018 393 2068 cum
404 2024 542 2082 sceptrum
554 2022 651 2086 gestas,
667 2030 740 2070 nune
752 2022 793 2071 est
805 2018 889 2083 magis
902 2021 981 2070 aucta
996 2021 1126 2082 potestas.

326 2117 392 2168 cum
405 2121 441 2180 te,
454 2115 542 2181 Flore,
556 2117 637 2185 regis,
651 2122 771 2183 praestas
784 2117 812 2168 in
825 2115 949 2168 eulmine
961 2115 1034 2183 regis

326 2213 402 2267 Celso
415 2217 590 2279 Francorum,
605 2217 757 2282 Persarum,
772 2228 842 2281 pone
854 2213 1006 2267 Medorum.

327 2312 380 2366 Sed
392 2319 508 2379 pereunt
519 2314 647 2369 lacrimae
658 2313 778 2368 recidivo
790 2314 905 2367 crimine
919 2314 1032 2379 primae,

329 2412 465 2478 spinaque
477 2412 607 2467 undatur
620 2415 673 2466 nisi
686 2413 762 2467 radix
774 2415 861 2479 prima
874 2420 992 2466 secatur.

326 2512 451 2577 Legimus
462 2518 490 2564 et
501 2513 603 2566 scimus
617 2529 623 2564 :
637 2526 707 2579 quae
720 2513 845 2566 volumus
858 2514 876 2577 ',
890 2513 935 2564 illa
949 2511 1105 2577 nequimus.
1141 2552 1147 2562 .
1368 2518 1376 2535 ⁸
1392 2517 1519 2571 nolumus
1530 2519 1556 2572 Ξ.

326 2609 379 2662 Sed
392 2624 455 2664 reor
466 2618 492 2664 et
504 2625 609 2677 uereor,
622 2614 714 2665 veniet
726 2626 788 2666 cum
801 2619 923 2679 tempore
938 2622 1054 2673 maeror,

328 2711 405 2775 Cum,
418 2710 492 2776 quod
505 2710 652 2777 tardamus,
667 2711 788 2766 conserti
801 2724 836 2763 ne
847 2711 996 2763 ualeamus.

326 2807 395 2872 Quid
407 2810 441 2860 sit
453 2810 462 2829 ⁶
474 2809 601 2877 legitimis
611 2815 650 2863 tot
662 2815 749 2863 tantm
758 2812 875 2878 jungere
888 2809 1003 2875 primis?

326 2907 405 2971 Quid,
418 2914 479 2973 post
490 2908 609 2961 indultas
621 2910 720 2977 refugit
732 2921 794 2962 oum
807 2909 877 2962 velle
890 2907 1023 2960 facultas?

152 3012 200 3062 44
211 3006 328 3075 (ba-bb).
364 3006 482 3073 Expletis
495 3010 503 3026 ·
516 3006 640 3076 dapibus,
654 3022 721 3074 quas
734 3010 887 3074 sumpserat
899 3006 945 3059 ille
957 3012 1075 3069 coactus,

328 3107 384 3158 lter
396 3104 512 3160 dicendo
524 3106 627 3160 bonum
640 3108 782 3161 meliorem
795 3107 887 3160 virere
902 3107 1022 3165 Florum,

327 3204 454 3269 beposcit
466 3205 549 3258 dauri
562 3206 646 3271 patris
658 3206 753 3259 dextro
766 3204 903 3258 benedici.

328 3304 408 3356 Ocius
421 3304 483 3356 binc
495 3305 593 3358 urbem
605 3305 720 3358 ‹lercrtit
732 3306 766 3358 ad
778 3304 1010 3372 andegavensem.

212 3406 259 3458 45
272 3401 337 3467 (bt).
374 3402 496 3456 Diluculo
508 3404 599 3457 villam
612 3407 719 3457 blaurus
731 3403 796 3457 dum
809 3405 909 3457 viseret
921 3401 1005 3465 illam,

330 3504 426 3567 Quam,
439 3517 500 3555 curn
513 3504 632 3569 suscepit
644 3517 735 3572 regem
749 3504 825 3556 locus
838 3502 893 3566 ille,
907 3501 1019 3566 recepit,

330 3602 419 3653 Paene
431 3602 542 3668 quidem
555 3603 637 3655 sunus
651 3604 736 3655 fertur
749 3602 911 3668 paralyticus
922 3613 1004 3664 unus,

331 3701 456 3766 t'orporis
468 3702 497 3753 in
509 3700 617 3754 damnis
630 3702 676 3767 qui
690 3706 818 3768 quattuor
831 3708 858 3752 ot
871 3700 957 3752 tribus
970 3698 1050 3751 annis

329 3798 429 3851 bebilis
442 3800 571 3852 haerebat
584 3800 654 3853 lecto
665 3800 804 3866 vitamque
818 3799 940 3863 timebat,

329 3899 516 3964 tiaerebatquo
529 3900 598 3951 mori
612 3913 663 3951 neo
676 3897 759 3950 tinem
773 3898 844 3951 serre
857 3898 955 3954 dolori,

332 3997 508 4064 ingratusque
521 4011 614 4050 morae
628 3997 720 4050 ilatum
734 3998 854 4064 gestabat
868 3998 895 4047 in
909 4010 966 4048 ore.

333 4096 400 4146 tium
412 4096 579 4161 desperaret,
593 4110 643 4148 nec
656 4096 720 4162 quid
735 4097 796 4162 plus
808 4100 895 4147 morte
909 4102 1025 4161 rogaret,

334 4194 437 4261 Surae,
451 4200 527 4259 pater
538 4194 616 4251 dixit.
628 4208 736 4247 soorts.
751 4195 835 4246 Simul
850 4196 922 4246 bunc
935 4191 1083 4245 benedixit.

335 4299 430 4346 Sermo
442 4299 539 4360 potens
550 4301 644 4359 curat3
659 4295 808 4347 fluitantem
824 4295 921 4346 robore
934 4292 1023 4345 tlrtrat.

335 4392 436 4444 ilebilis
448 4392 560 4453 incedit,
573 4406 602 4446 se
615 4394 659 4446 uix
673 4392 800 4445 incedere
807 4391 897 4443 'eredit
913 4410 920 4455 3

332 4493 428 4543 livere
438 4493 493 4555 jam
505 4491 613 4559 gautlet,
628 4492 724 4544 melius
737 4505 847 4557 sperare
866 4490 931 4557 quid
945 4490 1044 4542 audet:

334 4595 455 4656 lotaque
468 4591 512 4643 dat
525 4596 587 4642 voto
599 4590 715 4647 tibersa,
729 4590 825 4643 dolore
838 4597 952 4642 remoto.
