3136 5482
380 332 474 380 BIBlt.
494 332 575 380 Nat.
596 332 711 380 PARIS.
731 351 776 360 ··-
793 329 934 381 APPEND
951 330 997 376 AD
1015 329 1091 377 001).
1113 325 1189 374 atti.

358 503 418 553 lam
430 499 549 552 lacrimis
563 500 630 552 lusis
642 505 730 553 terrae
742 500 875 565 caeloque
888 497 994 553 locatis.

361 599 471 653 Accedit
483 612 599 665 propere
612 602 730 662 liturus,
744 600 891 652 comitante
903 598 1000 654 salute.

364 699 402 752 ad
414 701 452 753 sic
462 700 647 768 languentem,
660 700 775 751 summis
788 699 823 750 de
836 698 917 751 relius
930 703 1055 765 agentem
1070 713 1077 748 :

364 798 570 865 Omnipotens,
581 801 687 865 primo
699 798 783 851 vitoe
793 798 957 865 spiraculo
972 797 1047 849 timo

362 897 550 964 Irtspirondo
557 899 652 966 prius
664 897 720 965 qai
729 896 849 963 predam
861 895 1001 962 corporis
1013 893 1106 958 haias
1143 910 1152 914 „
1166 910 1168 914 ⁴

360 996 559 1062 diceremini,
572 996 708 1049 similem
720 994 801 1062 quod
814 996 822 1017 ·
835 993 1035 1058 constituisti,

361 1097 451 1150 Hanc
463 1096 506 1150 ad
517 1096 668 1163 devotam,
683 1097 787 1161 dicens,
795 1094 873 1162 pius
884 1094 970 1161 eripe
981 1094 1088 1158 vitam,

371 1197 404 1250 Ut
417 1195 473 1250 tibi
486 1198 558 1249 lans
570 1195 663 1250 detur
674 1207 833 1261 sanusque
846 1193 902 1247 tibi
912 1192 1098 1262 famuletur.

363 1299 394 1349 ot
406 1301 483 1362 pater
494 1298 591 1360 oravit,
604 1300 690 1349 totum
703 1307 802 1360 corpus
815 1292 968 1348 renovavit.

363 1397 443 1449 venit
452 1409 517 1449 cura
528 1409 630 1460 comes,
643 1396 694 1448 tuit
706 1396 772 1448 haee
784 1394 871 1448 oratio
884 1395 970 1447 tomes

360 1496 488 1562 corporis
497 1495 568 1558 elisi,
581 1495 660 1562 quasi
673 1495 731 1548 solo
740 1494 854 1547 vulnere
867 1492 919 1557 osi,

362 1597 467 1662 stirpe,
478 1596 589 1662 jubens,
603 1592 707 1663 frater
719 1594 862 1660 Laoptsn
878 1595 968 1646 tunm
975 1593 1188 1660 properanter

362 1694 464 1746 Mnus
475 1694 519 1746 od
531 1692 678 1761 officium,
692 1693 797 1746 vivens
810 1705 886 1759 opus
898 1691 1008 1758 arripe
1018 1692 1169 1756 coeptum.

361 1794 429 1845 Vivit
447 1793 588 1861 Langisus,
602 1792 723 1846 moriens
737 1793 894 1859 nuperrime
906 1793 991 1848 visus

361 1896 417 1945 Ceu
431 1892 605 1945 dormitasset
617 1891 693 1958 prius
705 1897 733 1945 et
746 1899 810 1944 tunc
823 1892 985 1959 evigilasset.

360 1992 482 2056 Qualiter
494 1991 592 2045 allatus
603 1992 653 2045 init
666 1993 719 2050 hic,
733 1993 840 2058 quaerit
853 1991 1030 2057 stupetactus.

362 2091 411 2141 tini
427 2093 534 2143 Mauras
546 2091 622 2156 dicrt,
632 2091 773 2143 medicans
786 2103 914 2143 sermone
927 2092 1043 2155 potenti.

362 2191 411 2252 Qui
426 2190 553 2256 precibus
566 2195 651 2255 curat
665 2191 744 2255 cujus
756 2194 819 2242 sunt
831 2190 905 2256 potio
915 2189 991 2254 iussa
1007 2205 1012 2239 :

362 2288 431 2341 Nora
443 2286 503 2342 hac
514 2288 629 2341 vertisti
635 2301 696 2355 per
709 2290 745 2355 te,
755 2300 816 2355 per
830 2289 859 2340 te
869 2286 1031 2340 remeabis.

365 2386 469 2440 allatus
481 2388 618 2452 manibrio,
631 2386 746 2452 pedibus
753 2387 832 2454 jubet
845 2388 1032 2454 utgradiatur.

360 2487 483 2549 Quicum
495 2486 636 2552 simplicio
648 2487 709 2553 pius
723 2487 795 2539 hunc
808 2486 837 2538 in
849 2491 924 2551 parte
938 2485 1048 2539 latendo

360 2585 507 2650 Conspexit
521 2586 625 2650 Florus,
639 2585 773 2639 festinans
787 2590 915 2652 praepete
927 2598 1033 2654 pressu,

366 2683 623 2756 sepedibusnsaucti
637 2690 825 2749 prosternens,
840 2685 940 2737 talibus
954 2683 1014 2737 inllt
1029 2701 1035 2735 :

362 2782 545 2849 Discipulos
556 2794 628 2835 vere
638 2783 799 2836 Benedicti
810 2783 949 2837 crederis
961 2796 1035 2848 esse,

360 2883 473 2947 Deque
485 2884 674 2947 armantur,
688 2882 726 2934 de
739 2884 767 2935 te
778 2895 858 2949 miae
868 2882 961 2947 sipon
974 2882 1133 2936 videntur.

360 2983 438 3032 iluna
450 2982 588 3033 ammirari
603 2980 709 3046 plasea
724 2983 775 3034 hoc
786 2986 814 3033 et
828 2983 951 3034 venerari

362 3081 464 3144 coepit,
479 3092 529 3132 nec
541 3080 653 3146 propius
664 3080 714 3131 luit
728 3081 790 3132 huic
803 3079 932 3132 accedere
945 3083 1021 3133 tisus.

218 3182 269 3236 38
283 3181 354 3244 (tt).
394 3179 463 3229 ilaec
475 3178 652 3242 dimittamus,
667 3179 773 3246 magnis
786 3180 888 3244 majora
903 3190 1041 3232 canamus.

328 3301 338 3312 ι
360 3275 504 3342 Fataliud
514 3279 616 3339 Maure,
630 3278 736 3344 signum
750 3279 827 3345 signo
840 3279 996 3331 eomitante.

363 3378 430 3427 lium
443 3375 562 3428 custodit
574 3389 642 3440 opus
655 3377 829 3428 commissum
843 3378 883 3429 vir
896 3376 1041 3433 redivivus.

363 3472 581 3540 aniueumjusto
595 3487 657 3540 pars
673 3474 791 3527 detrahit
803 3477 885 3541 impia
899 3478 1000 3528 Mauro.

361 3575 449 3638 thue
462 3585 543 3624 canes
556 3572 646 3625 verbis
659 3574 785 3626 nituntur
798 3573 896 3627 rodere
909 3576 1008 3639 pravis.

363 3675 498 3734 Quaerere
513 3673 643 3737 majorem
655 3677 779 3724 sanctum
793 3671 924 3725 mentitur
938 3675 1087 3726 honorem:

361 3770 455 3822 Dicere
469 3783 525 3823 non
537 3782 618 3823 causa
632 3772 701 3823 vitae
715 3770 857 3823 laudabilis
870 3784 935 3824 ausa

362 3867 517 3920 deseruisse
529 3880 601 3934 suas,
616 3869 725 3934 petiisse
738 3870 824 3922 trihus
836 3869 939 3923 alienas
951 3888 957 3933 ;

361 3968 420 4018 Non
432 3979 483 4032 ope
495 3967 587 4021 divina
600 3966 668 4031 lieri,
683 3967 730 4020 sed
744 3970 865 4020 carmine
877 3970 963 4035 signa.

361 4064 415 4117 Sed
429 4078 484 4117 non
499 4066 610 4132 impune
624 4067 771 4130 petitorio,
786 4069 887 4130 Maure,
901 4073 1006 4129 notare,

359 4163 410 4226 Qui
422 4168 485 4216 tuus
496 4163 614 4231 adjutor,
627 4167 673 4232 qui
687 4167 774 4229 testis,
789 4167 835 4232 qui
849 4179 958 4233 quoque
971 4171 1052 4219 tutor.

362 4263 491 4315 Protinus
503 4263 642 4329 antiquus,
656 4263 768 4316 sceleris
781 4263 891 4328 vindex,
909 4265 1046 4331 inimicus,

361 4363 416 4414 Nec
429 4374 560 4413 concessa
573 4368 662 4414 tamen
676 4362 751 4415 (labit
764 4365 830 4416 ltaec
842 4362 962 4415 vindicta
974 4365 1106 4427 levamen,

359 4460 463 4524 Arripit
474 4459 583 4525 injustis
595 4473 628 4511 ex
646 4460 845 4512 detractoribus
860 4461 917 4512 istis

357 4561 425 4610 ires
438 4559 519 4609 liauri
530 4559 605 4623 justi,
621 4558 741 4611 mordaci
755 4558 837 4611 dente
852 4561 952 4625 perusti
964 4578 971 4625 ;
